1919 3157
912 30 996 71 359

113 134 299 187 ecclesia,
334 135 373 176 in
407 139 517 177 statu
551 137 676 179 omni.
711 141 896 190 tempora
929 140 1047 177 erant
1080 136 1250 178 meliora
1283 152 1402 191 quam
1428 152 1547 190 nunc,
1582 139 1792 180 oraciones

113 209 154 247 et
187 218 327 260 preces
360 220 482 260 quam
516 207 649 248 modo.
699 207 825 248 'l'erra
857 207 983 249 dabat
1012 208 1188 249 fructum
1222 222 1339 250 suum
1374 210 1505 262 magis
1533 209 1721 251 habunde
1754 215 1794 251 et

113 276 251 318 omnia
284 276 505 325 elementa,
549 292 625 331 quc
658 292 731 319 sua
764 283 901 328 erant,
936 279 1074 319 onmia
1106 283 1202 320 sunt
1232 283 1391 320 mutata
1424 285 1592 334 propter
1627 285 1793 334 peccata

112 347 338 399 hominum,
373 347 447 389 hoc
480 348 706 403 apparebat
740 349 778 389 in
812 348 964 390 diluvio
999 349 1095 390 Noe.
1146 350 1353 391 Secundo:
1390 350 1584 393 Homines
1617 351 1793 392 deterio-

113 422 278 469 rantur;
312 419 417 460 sicut.
449 419 557 460 clare
592 420 789 461 videmus.
840 419 881 460 In
907 421 1075 473 antiquo
1099 425 1283 475 tempore
1314 426 1431 462 erant
1454 422 1639 463 immines
1663 422 1792 473 magis
1819 432 1840 465 .5

113 489 270 543 devoti,
311 489 610 543 elemosinarii,
651 491 878 543 caritativi,
918 504 1039 544 quam
1080 491 1201 532 modo
1241 496 1348 533 sunt.
1396 492 1452 533 Et
1491 492 1644 547 quare?
1690 492 1794 542 Quia

111 564 222 602 totus
255 561 432 603 mundus
464 562 505 603 in
539 562 719 614 maligno
753 562 909 616 positus
942 567 1014 603 est.
1064 561 1226 603 Tercio:
1260 562 1336 612 Qui
1371 563 1546 605 voluerit
1579 563 1791 605 veritatem

113 631 250 674 dicere
289 636 364 674 ete.
413 632 555 685 Μοιίο,
598 634 630 673 si
671 633 903 687 predicator
945 637 1111 687 peccata
1152 637 1363 688 potentum
1405 634 1608 688 predicet,
1653 635 1793 676 statim

113 703 246 745 minas
293 716 341 745 ac
387 704 738 745 murmuraciones
788 703 966 746 habebit.
1026 704 1139 745 Unde
1182 703 1346 746 Ysaias:
1395 704 1631 758 Loquimini
1670 705 1794 747 verba

113 774 344 830 placencia!
377 774 431 816 Et
463 774 552 816 ideo
587 774 817 830 apostolus:
852 774 943 816 Erit
964 776 1072 816 enim
1095 780 1258 831 tempus
1281 789 1373 817 cum
1396 789 1539 817 sanam
1563 776 1791 818 doctrinam
1824 788 1864 819 lo

112 859 194 888 non
227 846 500 888 sustinebunt.
551 845 682 887 Focus
722 851 784 887 est
822 846 994 900 quilibet
1034 846 1163 888 bonus
1203 847 1471 899 christianus,
1512 847 1580 901 qui
1620 847 1794 888 tideliter

113 918 221 960 sicut
251 917 369 959 miles
403 916 557 958 Christi
597 917 769 958 laborat.
820 916 935 959 Unde
977 917 1148 971 quilibet
1188 917 1317 959 bonus
1350 918 1599 959 christianus
1631 922 1795 959 tenetur

113 988 286 1042 singulis
319 988 462 1030 diebus
485 989 593 1043 patri
617 1002 690 1029 suo
713 988 852 1030 celesti
876 988 1047 1030 reddere
1070 989 1171 1030 duos
1194 989 1398 1042 denarios,
1432 988 1589 1030 scilicet
1611 1002 1792 1032 amorem

113 1064 154 1102 et
183 1059 400 1105 honorem:
435 1073 631 1112 amorem,
666 1060 761 1113 quia
789 1072 862 1101 nos
892 1065 1052 1102 tantum
1084 1060 1231 1113 diligit,
1265 1061 1372 1114 quod
1396 1074 1469 1115 pro
1492 1064 1631 1101 nostro
1655 1073 1794 1102 amore

113 1131 278 1173 unicum
310 1130 440 1172 filium
474 1145 590 1172 suum
626 1131 674 1172 de
707 1131 804 1173 celis
839 1131 1085 1173 descendere
1118 1132 1307 1186 permisit
1338 1136 1379 1173 et
1399 1135 1531 1172 morte
1553 1131 1795 1186 turpissima
1823 1141 1864 1175 15

113 1201 427 1257 condempnari:
478 1202 696 1255 honorem,
744 1203 839 1256 quia
878 1203 1017 1244 omnia
1057 1202 1106 1244 ab
1146 1203 1235 1257 ipso
1276 1202 1503 1257 procedunt
1541 1206 1582 1244 et
1619 1203 1707 1244 sine
1747 1215 1793 1244 eo

113 1273 270 1315 nullum
296 1273 445 1314 bonum
470 1287 591 1326 agere
615 1275 852 1328 poterimus.
899 1274 996 1315 Item
1022 1273 1123 1315 duos
1147 1274 1336 1315 denarios
1359 1272 1442 1314 filio
1465 1273 1792 1315 accomodamus.

112 1344 352 1399 Cujusmodi
384 1344 492 1386 filius
525 1346 613 1386 est?
661 1345 780 1387 Certe
812 1345 894 1398 ille,
930 1344 1050 1399 [4:30]
1087 1345 1136 1387 de
1160 1359 1238 1399 quo
1263 1344 1428 1386 Ysaias:
1461 1344 1663 1386 Parvulus
1685 1345 1793 1386 enim

112 1404 235 1459 natus
274 1419 337 1458 est
376 1416 493 1458 nobis
537 1420 610 1458 etc.
646 1417 731 1459 scil.
765 1416 873 1458 tilius
907 1417 984 1458 dei.
1031 1416 1088 1458 Et
1125 1416 1267 1471 quales
1306 1416 1496 1458 denarios
1529 1415 1724 1458 debemus
1758 1417 1795 1458 ei

113 1487 408 1530 accomodare?
440 1488 560 1530 Certe
582 1488 683 1529 duos
707 1489 817 1529 omni
841 1488 919 1541 die,
953 1488 1110 1530 scilicet
1132 1488 1278 1530 bonam
1305 1488 1555 1530 voluntatem
1581 1491 1620 1529 et
1642 1487 1792 1529 bonum
1820 1497 1864 1530 20

113 1564 264 1613 actum,
299 1559 494 1614 quamdiu
527 1573 668 1600 sumus
702 1560 742 1601 in
776 1560 851 1601 hoc
882 1559 1045 1601 mortali
1079 1572 1270 1615 corpore,
1304 1563 1344 1601 et
1376 1559 1538 1613 quando
1570 1571 1646 1600 nos
1678 1559 1795 1612 egeni

113 1645 255 1674 sumus
286 1631 384 1673 facti
416 1631 458 1672 in
492 1630 558 1672 die
583 1630 744 1683 judicii,
779 1631 941 1685 quando
975 1630 1074 1672 nudi
1107 1630 1414 1685 apparebimus,
1446 1635 1544 1672 tunc
1565 1631 1654 1685 ipse
1677 1630 1794 1672 nobis

112 1702 256 1745 reddet
293 1702 388 1744 illos
422 1701 612 1743 denarios
645 1702 686 1743 in
720 1702 803 1742 vita
836 1706 998 1754 eterna,
1038 1701 1144 1743 sicut
1182 1703 1381 1757 scriptum
1415 1706 1498 1744 est:
1547 1701 1794 1756 Centuplum

113 1774 323 1829 accipietis
356 1777 397 1815 et
429 1773 554 1814 vitam
589 1777 771 1814 eternam
799 1772 1074 1827 possidebitis.
1123 1772 1223 1815 Item
1248 1773 1349 1814 duos
1372 1773 1562 1815 denarios
1584 1773 1794 1828 perdimus

112 1858 236 1900 super
268 1858 451 1886 uxorem.
501 1844 615 1886 Uxor
657 1844 737 1885 ista
776 1848 838 1885 est
875 1856 968 1885 caro
1001 1844 1172 1897 misera,
1213 1858 1291 1898 que
1324 1857 1487 1899 semper
1518 1845 1794 1886 contrariatur
1819 1852 1864 1885 25

112 1916 290 1972 spiritui.
339 1915 529 1969 Denarii,
573 1928 673 1969 quos
715 1915 985 1970 expendimus
1025 1929 1148 1971 super
1185 1929 1296 1969 eam,
1336 1920 1432 1957 sunt
1462 1915 1573 1957 mala
1603 1915 1793 1970 voluptas

112 1992 154 2030 et
183 1991 300 2030 actus
331 1987 486 2039 malus,
528 2000 606 2041 que
637 1987 829 2028 continue
868 1991 1092 2042 operantur
1134 2000 1183 2028 ex
1217 1986 1384 2042 obliqua
1419 1987 1642 2029 voluntate.
1690 1987 1792 2029 Istos

112 2058 438 2101 duos-denarios
470 2058 703 2113 perdimus,
737 2058 831 2112 quia
863 2058 1044 2111 graviter
1085 2061 1256 2113 propter
1289 2054 1364 2100 hoc
1394 2058 1460 2100 hic
1492 2058 1555 2100 vel
1588 2058 1685 2100 alibi
1719 2072 1793 2114 pu-

110 2131 286 2173 niemur.
344 2129 442 2171 Item
489 2129 591 2170 duos
632 2129 822 2171 denarios
862 2129 973 2170 omni
1011 2129 1077 2170 die
1116 2130 1387 2184 expendimus
1427 2143 1551 2184 super
1588 2130 1791 2184 nosipsos,

113 2203 147 2244 si
186 2202 281 2244 boni
319 2201 534 2243 christiani
574 2214 735 2254 sumus,
776 2200 932 2242 scilicet
969 2200 1229 2243 dilectionem
1269 2201 1334 2242 dei
1373 2201 1414 2242 in
1446 2204 1532 2243 toto
1565 2201 1708 2254 corde,
1753 2205 1793 2243 et
1817 2209 1862 2243 30

112 2273 284 2327 diligere
322 2272 557 2328 proximum
598 2271 704 2313 sieut
742 2272 933 2327 teipsum.
989 2270 1224 2322 Carissimi,
1265 2273 1299 2314 si
1340 2272 1440 2315 istos
1480 2275 1569 2314 octo
1602 2272 1792 2314 denarios

113 2345 344 2400 expendere
376 2343 602 2406 volueritis,
637 2342 687 2384 ad
718 2343 912 2396 gaudium
948 2346 1131 2384 eternum
1166 2344 1382 2398 pervenire
1413 2343 1594 2398 possitis.

787 2572 888 2614 CAP.
914 2573 982 2614 58.
1015 2574 1117 2624 (50.)

754 2660 827 2705 De
864 2661 1152 2720 confessione.

230 2769 316 2812 Rex
349 2769 514 2824 quidam
548 2768 737 2822 regnavit
768 2770 933 2810 nomine
956 2769 1245 2822 Asmodemus,
1279 2769 1347 2824 qui
1381 2769 1536 2821 statuit,
1571 2768 1678 2822 quod
1701 2769 1790 2823 qui·
1815 2780 1860 2814 35

111 2854 286 2896 cumque
317 2840 556 2883 malefactor
588 2843 732 2894 captus
766 2844 874 2882 esset
905 2844 945 2881 et
976 2853 1111 2882 coram
1139 2840 1279 2894 judice
1311 2840 1469 2892 ductus,
1502 2840 1534 2881 si
1568 2843 1652 2881 tres
1683 2840 1790 2882 veri-

111 2916 216 2956 tates
254 2916 396 2968 posset
433 2912 569 2954 dicere
609 2914 694 2952 tam
733 2924 871 2964 veras,
920 2915 1062 2953 contra
1101 2925 1201 2966 quas
1242 2911 1378 2952 nullus
1418 2915 1558 2966 posset
1596 2911 1786 2965 objicere,
