1929 3157
51 745 116 786 10.

52 887 117 928 11.

50 1028 115 1070 12.

50 1170 116 1212 13.

50 1319 116 1360 14.

51 1466 116 1508 15.

52 1615 117 1656 16.

53 1762 118 1804 17.

55 1910 118 1952 18.

54 2058 119 2099 19.

51 2205 120 2248 20.

51 2353 121 2395 21.

53 2501 122 2542 22.

54 2649 123 2691 23.

55 2796 125 2839 24.

42 2924 44 2927 ’
57 2943 126 2986 25.

856 73 936 114 169

91 197 115 222 ι.
164 179 226 222 De
267 192 366 234 apro
401 180 467 234 qui
502 178 696 221 currebat
730 179 769 220 in
803 178 919 220 silva.
976 178 1150 228 Quidam
1187 177 1413 232 imperator
1446 184 1546 220 erat.
1600 177 1742 232 (Eber,

164 249 237 292 Vll
270 249 378 305 sap.)

106 353 116 363 .
165 320 228 363 De
260 320 391 363 milite
424 324 464 363 et
497 334 625 363 uxore
656 334 732 362 sua
755 323 795 363 et
818 321 944 362 fonte.
992 319 1169 370 Quidam
1193 320 1343 362 eratin
1367 320 1534 362 civitate
1556 334 1742 363 romana.

163 391 508 445 (Haussehliissel‚
544 390 614 432 Vll
649 399 756 446 sap.)

162 461 226 505 De
259 461 390 504 milite
423 463 539 514 cujus
572 461 680 503 filius
714 462 754 503 in
788 462 893 504 turri
926 465 1052 516 caput
1085 461 1172 514 ejus
1204 460 1382 516 precidit
1403 466 1478 503 etc.
1528 461 1743 512 Quondam

164 537 266 576 erat.
316 532 540 585 (Herodots
574 533 727 585 thurin,
762 532 835 574 Vll
868 532 976 588 sap.)
1024 545 1152 586 germ.
1177 531 1247 573 42.

163 603 227 646 De
265 603 354 646 cive
393 607 434 646 et
464 616 601 645 uxore
643 603 876 645 adulterata
919 607 960 645 et
1000 603 1094 658 pica
1133 606 1208 645 eto.
1272 601 1392 644 Miles
1432 603 1599 656 quidam
1641 607 1741 645 erat.

163 673 334 727 (Elster,
367 673 440 715 Vll
474 683 582 729 sap.)

165 744 229 787 De
267 745 398 787 milite
438 749 477 787 et
504 745 648 799 juveni
680 758 810 787 uxore
843 748 919 787 ete.
977 743 1097 786 Miles
1129 743 1298 797 quidam
1332 757 1458 786 senex
1492 744 1563 786 sed
1590 744 1742 798 justus.

164 814 480 871 (Gattenprobe⁷
511 815 584 857 VII
618 814 726 870 sap.)

166 885 230 928 De
261 886 394 929 milite
427 891 468 929 et
501 900 629 928 uxore
662 899 749 928 sua.
799 885 903 928 Erat
924 886 967 928 in
991 886 1160 928 civitate
1183 898 1357 928 romana
1378 885 1510 928 miles.
1561 884 1746 938 (Wittwe

164 971 244 1000 von
277 957 483 1013 Ephesus,
519 957 590 999 VII
625 956 733 1012 sap.)

163 1027 227 1071 De
273 1029 379 1071 turri
426 1034 467 1071 et
504 1028 783 1084 ymaginibus
849 1027 1101 1070 Octavianus
1141 1028 1369 1084 imperator
1408 1031 1510 1071 erat.
1572 1025 1746 1082 (Virgils

164 1099 318 1153 thurm,
351 1099 426 1141 VII
459 1100 567 1155 sap.)
616 1113 745 1153 germ.
770 1100 841 1141 43.

164 1169 228 1213 De
261 1169 507 1213 Senascalco
542 1175 617 1213 eto.
648 1174 689 1212 et
721 1174 878 1225 septem
913 1169 1173 1225 sapientibus
1206 1173 1282 1212 ete.
1331 1169 1418 1212 Rex
1451 1169 1620 1224 quidam
1644 1171 1745 1211 erat.

164 1240 428 1296 (Senesehah
462 1241 581 1295 Rom,
615 1241 687 1284 VII
720 1240 828 1297 sap.)

145 1317 227 1361 ‘De
268 1323 427 1374 septem
470 1318 730 1374 sapientibus
771 1331 946 1372 quorum
986 1317 1125 1373 capita
1163 1321 1239 1360 ete.
1304 1317 1481 1367 Quidam
1520 1317 1750 1373 imperator

165 1394 266 1432 erat.
314 1389 408 1443 (VH
441 1403 546 1445 sap.7
579 1389 651 1432 VII
684 1388 793 1445 sap.)
840 1403 968 1442 germ.
994 1389 1063 1430 48.

164 1466 227 1509 De
260 1466 394 1522 abyba
427 1467 497 1521 qui
530 1470 613 1509 tres
645 1467 752 1509 ictus
783 1467 884 1510 feeit
914 1472 990 1509 eto.
1039 1465 1217 1515 Quidam
1239 1465 1468 1521 imperator
1489 1465 1580 1507 fuit.
1628 1463 1749 1519 (Abi-

167 1538 255 1591 bas,
287 1538 348 1591 5.)
394 1537 465 1579 lat.
496 1538 559 1579 17.

166 1614 230 1656 De
262 1614 441 1668 quodam
475 1628 661 1670 paupere
694 1615 763 1670 qui
796 1614 946 1656 cecidit
978 1617 1053 1656 eto.
1103 1612 1280 1663 Quidam
1306 1625 1466 1669 pauper
1485 1613 1577 1655 fuit.
1624 1612 1749 1668 (Dra-

166 1685 499 1739 ehensohwanZ.)
545 1686 616 1728 lat.
645 1687 740 1727 114.

166 1761 229 1805 De
258 1763 456 1804 unicorne
480 1766 521 1804 et
542 1762 703 1804 duabus
725 1762 970 1815 virginibus.
1015 1761 1121 1804 Erat
1142 1760 1311 1815 quidam
1333 1760 1575 1816 imperator.
1621 1760 1750 1810 (Zwei

166 1832 317 1875 nackte
343 1832 632 1887 jungfrauen.)
678 1833 749 1875 lat.
779 1834 873 1875 115.

169 1909 231 1952 De
269 1909 431 1952 daniele
470 1911 540 1964 qui
580 1910 686 1952 vidit
717 1913 897 1952 statuam
932 1916 1007 1952 etc.
1066 1907 1218 1951 Daniel
1249 1908 1355 1966 vidit
1387 1912 1582 1951 statuam.
1638 1908 1749 1955 (Bild

167 1981 246 2022 mit
276 1980 493 2033 thonfuss.)
542 1994 637 2036 app.
666 1982 731 2022 17.

169 2057 362 2099 Notabile
394 2057 547 2099 bonum
580 2057 631 2099 de
663 2057 840 2111 quodam
869 2057 1033 2098 tiranno
1057 2059 1133 2098 ete.
1181 2055 1372 2099 Justinus
1394 2057 1625 2112 imperator
1647 2060 1747 2099 erat.

169 2127 370 2173 (Untreue
403 2142 534 2182 gegen
567 2127 775 2182 erretter.)
823 2128 894 2170 lat.
924 2129 1018 2169 117.

169 2204 232 2247 De
264 2205 467 2247 divisione
499 2205 673 2247 fratrum
710 2209 784 2248 eto.
832 2204 1039 2246 Narratur
1065 2204 1173 2258 quod
1194 2203 1260 2246 lex
1283 2204 1374 2246 fuit.
1422 2202 1750 2257 (Erbtheilung.)

168 2276 240 2318 lat.
264 2277 333 2318 90.

170 2352 233 2395 De
265 2353 432 2395 civitate
462 2352 630 2394 obsessa
653 2356 729 2394 ete.
779 2351 955 2402 Quidam
978 2352 1172 2408 princeps
1194 2356 1296 2394 erat.
1344 2350 1523 2405 (JWaffen
1545 2352 1751 2395 beschrei-

170 2422 283 2471 ben.)
327 2423 400 2466 lat.
427 2424 523 2465 152.

170 2500 234 2543 De
267 2500 571 2542 intoxicaeione
603 2500 882 2555 imperatoris.
931 2499 1073 2543 Refert
1105 2503 1273 2542 sanctus
1301 2499 1574 2554 Augustinus.
1621 2499 1749 2555 (Hei-z

172 2571 545 2625 unverbrennbar.)
590 2570 662 2612 lat.
688 2570 757 2612 23.

174 2647 236 2691 De
266 2648 468 2702 regimine
501 2648 688 2704 corporis
722 2651 763 2689 et
794 2647 943 2690 anime.
991 2646 1149 2701 Regina
1181 2647 1358 2703 quedam
1388 2646 1578 2702 concepit
1604 2645 1749 2689 filium.

171 2718 404 2773 (Zweierlei
434 2719 565 2773 tuch.)
616 2718 687 2761 lat.
713 2719 781 2761 26.

173 2795 236 2839 De
268 2795 447 2851 quodam
482 2797 569 2838 viro
603 2796 673 2850 qui
708 2795 810 2837 vidit
841 2798 1079 2850 serpentem
1111 2798 1187 2838 eto.
1236 2793 1408 2849 Legitur
1441 2795 1550 2837 enim
1579 2794 1630 2838 de
1652 2808 1752 2850 quo-

173 2867 268 2909 dam
302 2867 402 2909 viro.
452 2866 675 2921 (Schlange
707 2864 857 2920 losen.)
901 2865 974 2908 lat.
1002 2866 1096 2908 174.

175 2943 238 2986 De
263 2944 446 2998 Janitore
478 2948 518 2986 et
548 2944 735 3000 gipposo.
785 2943 961 2994 Quidam
994 2942 1187 2986 dominus
1220 2946 1321 2985 erat.
1369 2940 1509 2996 (Zoll.)
1555 2942 1626 2984 lat.
1655 2943 1750 2985 157.
