1919 3157
891 46 975 87 333

88 151 279 205 retinere,
311 152 346 193 51
378 152 566 206 cupimus
599 151 649 192 ad
683 156 865 193 eternam
902 152 1079 206 patriam
1115 151 1265 192 venire.
1321 150 1519 200 Quartum
1562 156 1643 193 est:
1694 151 1772 193 Cor

89 222 247 265 avicule
285 235 335 264 ne
367 222 569 274 comedes,
612 222 651 263 id
693 227 754 264 est
787 222 835 263 de
868 222 968 263 nulli
1002 222 1243 264 adversitati
1287 222 1504 276 temporali
1538 223 1770 276 tristiciam,

89 293 242 346 odium,
275 293 472 334 invidiam
508 294 548 334 in
582 293 703 334 corde
737 298 806 334 tuo
836 293 1001 344 habeas,
1035 293 1130 347 quia
1163 292 1476 334 Proverbioruin
1511 307 1567 334 xv
1601 293 1770 334 dicitur:

89 362 205 406 Sicut
237 377 396 406 vermes
433 364 542 417 ligno
581 369 618 405 et
652 364 759 406 tinec
794 364 1053 416 vestimento,
1091 364 1147 404 511·
1181 364 1355 404 tristicia
1389 365 1463 405 viri
1506 369 1625 406 1101·οῐ
1645 364 1770 406 cordi.

88 434 221 477 Homo
262 449 358 488 ergo
399 449 440 476 se
474 436 621 489 jungat
662 435 736 476 deo
777 449 849 490 per
891 435 1038 476 bonam
1081 436 1205 476 vitam
1251 439 1290 476 et
1330 449 1492 489 semper
1541 435 1689 477 habeat
1732 436 1771 476 in

85 506 207 548 corde
240 511 445 548 recentem
481 507 722 548 memoriam
757 511 797 548 et
829 507 886 547 sic
919 506 1075 548 nullum
1111 506 1290 547 dolorem
1323 507 1489 558 senciet,
1526 507 1649 547 immo
1680 506 1771 561 plus

86 576 137 618 de
169 576 420 619 adversitate
453 578 659 631 gaudebit.
718 578 833 620 ibant
865 577 1038 632 apostoli
1073 577 1298 630 gaudentes
1332 582 1406 619 etc.
1461 577 1655 627 Quintum
1690 582 1771 619 est:

86 646 188 689 Cum
223 649 429 703 profectus
460 649 601 700 fueris,
635 663 714 690 11011
749 649 906 699 redeas,
942 648 981 689 id
1015 652 1077 689 est
1108 662 1199 689 cum
1234 662 1255 689 a
1279 652 1388 690 statu
1412 648 1530 702 culpe
1552 649 1772 689 recesseris

85 731 167 760 non
190 718 334 760 redeas
365 719 415 761 ad
439 720 636 760 vomitum
662 721 831 774 peccati.
874 719 935 761 De
959 720 1038 760 ista
1069 719 1277 774 sapiencia
1303 719 1474 760 habetur
1492 719 1648 761 Eccles.
1670 732 1770 760 xxi:

86 788 178 843 Fili,
220 791 414 845 peccasti,
456 804 536 832 11011
577 791 745 844 adjicias
778 791 938 832 iterum.
995 790 1075 831 Sed
1108 791 1248 842 timeo,
1292 790 1398 844 quod
1439 790 1557 831 inulti
1592 790 1769 831 suntad

85 861 251 903 modum
294 863 421 915 canis,
465 863 513 904 de
554 862 701 917 quibus
741 861 922 915 loquitur
960 861 1125 903 Petrus:
1181 861 1297 903 Sicut
1335 861 1448 903 canis
1489 875 1678 902 reversus
1720 860 1771 902 ad

85 933 283 974 vomitum
319 947 452 987 suum,
486 934 544 975 sic
577 937 781 988 peccator,
815 933 883 986 qui
916 933 1039 974 iterat
1072 933 1159 974 vias
1192 946 1287 974 suas
1321 932 1462 973 malas.
1514 932 1612 974 ltem
1638 936 1700 974 est
1722 932 1771 973 de

85 1003 226 1045 multis
259 1004 366 1046 sicut
397 1004 446 1047 de
479 1005 633 1060 vipera.
685 1004 835 1059 Vipera
876 1004 984 1045 enim
1028 1003 1168 1046 volens
1202 1004 1385 1058 copulari
1418 1016 1508 1044 cum
1543 1003 1770 1058 lampreda,

84 1075 190 1129 fugit
222 1089 438 1118 venenum.
488 1075 602 1118 Tunc
633 1077 776 1131 vipera
807 1076 848 1117 in
882 1075 1058 1129 quodam
1091 1075 1179 1116 loco
1212 1088 1417 1117 venenoso
1457 1075 1610 1116 evomit
1642 1079 1682 1116 et
1714 1074 1772 1115 sic

85 1146 303 1202 copulatur
342 1147 378 1189 ei
418 1150 459 1189 et
495 1153 590 1202 post
628 1148 735 1190 redit
776 1148 826 1189 ad
861 1160 1075 1189 venenum.
1135 1146 1204 1188 Sic
1235 1147 1354 1188 multi
1389 1146 1572 1188 volentes
1606 1144 1770 1188 Christo

85 1218 269 1274 copulari
312 1218 354 1260 in
397 1218 518 1261 altari
560 1223 756 1261 evomunt
794 1232 1011 1271 venenum,
1052 1218 1149 1260 dum
1189 1221 1359 1273 peccata
1391 1216 1658 1269 confitentum
1701 1216 1773 1258 sed

86 1293 231 1345 postea
268 1289 443 1331 redeunt
475 1290 526 1332 ad
558 1290 672 1332 illud.
727 1289 843 1332 Unde
876 1290 925 1332 de
957 1289 1108 1331 talibus
1141 1289 1292 1330 dicitur
1327 1288 1641 1330 Proverbiorum
1674 1301 1771 1329 xv1:

86 1359 202 1410 Sicut
247 1361 361 1402 canis
407 1361 629 1403 revertitur
677 1361 727 1402 ad
783 1362 982 1403 vomitum
1032 1365 1106 1403 etc.
1172 1360 1343 1402 Sextum
1392 1364 1473 1401 est:
1537 1359 1616 1402 Per
1662 1359 1772 1401 viam

84 1431 292 1487 publicam
339 1445 390 1474 ne
437 1432 633 1474 ambules
698 1431 775 1474 Via
821 1432 987 1487 publica
1026 1436 1088 1474 est
1126 1432 1193 1473 via
1232 1431 1483 1486 peccatoris,
1532 1444 1605 1485 per
1649 1444 1772 1484 quam

84 1504 217 1558 major
250 1516 345 1559 pars
379 1504 522 1545 mundi
555 1503 718 1557 transit,
760 1484 856 1558 fluia
887 1503 972 1545 lata
1005 1507 1078 1545 est.
1136 1502 1291 1545 Mathei
1322 1516 1402 1544 vii:
1441 1500 1531 1556 [32]
1576 1501 1775 1556 Spaciosa

86 1578 148 1616 est
179 1575 259 1628 via,
301 1588 380 1629 que
411 1575 525 1617 ducit
556 1575 609 1617 ad
641 1575 934 1630 perdicionem,
976 1580 1016 1616 et
1046 1574 1166 1616 multi
1200 1578 1308 1627 sunt,
1351 1575 1420 1628 qui
1453 1572 1667 1615 ambulant
1700 1585 1774 1627 per

86 1658 189 1688 eam.
238 1644 355 1688 Unde
387 1646 614 1688 notandum
649 1650 724 1699 est,
758 1646 864 1700 quod
898 1645 1034 1700 alique
1057 1650 1152 1687 sunt
1174 1644 1318 1698 bestie,
1351 1658 1428 1698 que
1449 1658 1674 1698 numquam
1699 1657 1774 1700 per

86 1717 195 1759 viam
234 1720 388 1760 rectam
432 1717 667 1771 ambulant,
715 1731 766 1759 ne
806 1717 976 1759 canibus
1015 1717 1300 1771 insequantur.
1367 1714 1434 1758 Sic
1475 1716 1597 1758 debet
1637 1716 1772 1769 homo,

86 1787 182 1830 dum
217 1792 280 1830 est
309 1789 352 1830 in
385 1789 538 1831 mundo
572 1792 612 1831 et
643 1789 684 1830 in
717 1788 916 1844 periculo,
959 1792 1129 1844 propter
1167 1801 1289 1829 canes
1322 1787 1544 1829 infernales
1581 1785 1772 1841 [fugere],

88 1859 156 1914 qui
189 1872 281 1901 eum
315 1864 557 1914 sequuntur,
598 1861 706 1902 510111
738 1860 838 1901 dicit
868 1859 1110 1901 Psalmista:
1151 1858 1524 1901 Circumdederunt
1554 1872 1618 1900 me
1651 1871 1772 1900 canes

86 1929 219 1972 multi.
271 1929 529 1984 Fugiendum
570 1936 632 1973 est
669 1931 719 1973 de
757 1931 829 1972 tali
871 1931 950 1985 via,
992 1931 1087 1985 quia
1128 1930 1183 1972 ibi
1227 1933 1323 1971 511111
1355 1934 1571 1972 venatores
1604 1929 1771 1983 diaboli,

88 2002 158 2056 qui
187 2001 341 2058 triplici
373 2015 523 2056 genere
556 2003 791 2044 venacionis
824 2005 1009 2044 utuntur.
1064 2001 1162 2043 Tria
1198 2002 1307 2062 enim
1341 2005 1437 2043 sunt
1468 2014 1619 2054 genera
1651 2013 1775 2042 vena-

87 2074 216 2116 cionis
257 2076 298 2116 et
329 2073 470 2115 omnia
501 2077 597 2115 sunt
635 2072 728 2115 (1010
769 2073 902 2129 plena.
965 2072 1151 2114 Primum
1183 2086 1312 2126 genus
1353 2076 1428 2125 est,
1470 2073 1539 2126 qui
1573 2076 1776 2114 venantur

86 2144 240 2187 bestias
278 2144 496 2198 fugitivas;
537 2148 577 2186 et
615 2144 684 2186 isti
723 2144 880 2186 faciunt
918 2144 1071 2197 foveas,
1112 2147 1157 2185 ut
1188 2157 1256 2185 eas
1289 2144 1467 2199 capiant.
1532 2142 1665 2185 Fovee
1697 2143 1775 2185 iste

87 2219 184 2258 sunt
222 2229 345 2258 usure
384 2220 424 2258 et
455 2215 563 2257 bona
594 2215 840 2271 temporalia
871 2219 916 2257 ut
946 2215 1183 2267 mendacia,
1223 2215 1329 2256 falsa
1355 2216 1594 2269 juramenta
1627 2227 1673 2256 ac
1706 2214 1774 2256 de-

88 2287 312 2344 ceptiones,
354 2287 393 2329 in
429 2286 576 2341 quibus
608 2287 748 2342 cupidi
782 2287 1058 2342 decipiuntur.
1108 2285 1343 2328 Secundum
1376 2300 1504 2340 genus
1537 2285 1774 2327 venacionis

89 2362 164 2413 est,
205 2359 274 2413 qui
314 2362 516 2400 venantur
548 2371 656 2399 aves.
707 2358 777 2400 1511
808 2361 968 2414 ponunt
998 2357 1181 2412 laqueos,
1224 2357 1292 2411 qui
1334 2360 1430 2398 sunt
1459 2356 1553 2398 falsi
1587 2356 1773 2398 advocati

89 2434 130 2472 et
160 2430 424 2486 placitatores
466 2442 511 2470 ac
538 2429 699 2482 judices
732 2430 800 2484 qui
832 2443 906 2485 per
938 2442 1110 2470 munera
1142 2433 1476 2483 corrumpuntur,
1518 2428 1586 2482 qui
1618 2428 1776 2469 faciunt

87 2500 213 2555 leges,
245 2505 292 2543 ut
322 2500 491 2556 capiant
511 2513 726 2555 pauperes.
776 2500 965 2542 Tercium
989 2513 1117 2553 genus
1141 2503 1203 2541 est
1225 2500 1492 2555 piscatorum,
1526 2500 1593 2553 qui
1617 2503 1776 2554 ponunt

88 2572 199 2615 recia
229 2585 304 2614 sua
335 2571 386 2614 ad
419 2571 705 2626 accipiendum
738 2584 858 2613 omne
889 2584 1018 2624 genus
1050 2570 1289 2612 humanum.
1338 2570 1410 2613 Isti
1440 2574 1537 2612 sunt
1558 2569 1772 2611 luxuriosi.

88 2642 282 2686 Mulieres
323 2646 421 2685 sunt
459 2643 570 2684 recia
608 2641 775 2695 diaboli,
818 2655 893 2697 per
932 2655 1010 2696 que
1049 2642 1134 2683 fere
1173 2641 1222 2683 de
1263 2642 1373 2683 omni
1413 2645 1523 2683 statu
1555 2640 1775 2695 capiuntur

61 2713 230 2768 aliqui.
285 2712 515 2769 Septimum
559 2717 641 2754 est:
689 2712 975 2768 Hyrundinem
1019 2712 1297 2766 garrulantem
1338 2713 1381 2754 111
1414 2713 1534 2754 domo
1567 2725 1647 2753 non
1681 2725 1775 2766 per-

1798 441 1819 473 2⁶!

1803 798 1843 830 lo

1801 1153 1842 1187 15

1800 1510 1844 1543 :20

1800 1865 1844 1899 25

1800 2221 1846 2256 30

1800 2576 1845 2611 35

89 2784 231 2826 mittas
263 2784 464 2838 habitare,
497 2784 655 2826 50111001
685 2787 901 2839 peccatum
933 2784 973 2825 in
998 2784 1132 2837 corde,
1165 2788 1309 2826 contra
1341 2783 1448 2837 quod
1479 2796 1642 2837 semper
1663 2796 1775 2824 mur·
1832 2775 1839 2783 “

90 2858 228 2898 murat
266 2855 544 2908 consciencia3
593 2855 699 2897 sicut
738 2854 911 2896 habetur
955 2854 1004 2896 de
1036 2854 1165 2907 Jona3
1209 2854 1405 2909 quamdiu
1447 2856 1536 2895 erat
1575 2854 1616 2894 in
1656 2853 1774 2895 navis

186 2936 229 2971 18
253 2936 302 2980 et]
329 2942 416 2982 oriy.
442 2939 509 2971 est.
604 2936 650 2971 33
675 2935 918 2980 placitatores]
945 2941 1031 2981 oriy.
1057 2935 1258 2980 placitores.
