1954 3137
178 155 247 196 33.

179 296 247 338 34.

180 437 248 479 35.

180 578 248 619 36.

180 649 248 690 37.

180 719 249 761 38.

181 861 249 902 39.

179 1002 250 1043 40.

180 1144 250 1185 41.

181 1215 250 1256 42.

180 1285 250 1326 43.

181 1357 251 1398 44.

181 1497 252 1540 45.

182 1640 254 1682 46.

183 1711 252 1752 47.

184 1852 254 1894 48.

185 1922 254 1964 49.

187 2064 257 2106 50.

188 2206 258 2247 51.

189 2277 258 2319 52.

191 2417 260 2459 53.

192 2558 262 2600 54.

194 2698 262 2740 55.

195 2839 263 2880 56.

1000 46 1055 86 14

296 153 359 196 De
390 153 639 209 penitencia.
688 151 842 195 Decius
873 149 1168 206 imperatorin
1189 150 1358 193 civitate
1380 162 1566 192 romana.
1615 148 1769 201 (Kreuz
1801 147 1879 190 mit

296 224 571 275 inschriften.)
618 223 690 266 lat.
716 222 785 265 65.

297 295 360 338 De
382 294 699 350 compunctione
722 297 763 337 et
785 291 1056 336 confessione.
1106 290 1366 334 Anthiochus
1388 292 1590 345 regnavit.
1633 289 1877 343 (Schwarz.)

297 379 425 420 germ.
451 366 519 407 35.

296 437 360 479 De
400 436 688 492 compassione
719 434 852 477 fidelis
886 433 1036 475 anime.
1093 432 1286 476 Severius
1318 433 1521 487 regnavit.
1580 431 1759 485 (Waffen
1790 430 1879 473 auf-

296 507 491 560 hangen.)
540 506 612 549 lat.
637 507 705 548 66.

296 577 359 620 De
393 577 722 633 perseverancia.
770 575 1008 618 Anthonius
1041 574 1243 628 regnavit.
1293 574 1486 626 (Wiiste.)
1540 586 1636 629 app.
1660 574 1699 614 3.

295 648 357 690 Ne
373 648 594 690 timeamus
614 647 749 689 dicere
767 646 999 689 veritatem.
1034 646 1246 688 Adrianus
1263 645 1467 698 regnavit.
1498 643 1693 696 (Hahne.)
1725 642 1878 686 lat.68.

297 719 378 761 Pro
418 719 610 761 castitate
643 717 860 760 servanda.
919 716 1064 760 Gallus
1096 716 1288 770 regnavit
1319 715 1514 771 prudens.
1571 713 1880 767 (Keuschheits-

297 789 453 842 hemd.)
501 790 573 831 lat.
599 790 667 831 69.

297 860 414 902 Bona
445 860 618 903 consilia
650 859 848 902 debemus
882 858 1037 901 audire.
1088 857 1340 912 Sagittarius
1373 857 1556 912 quidam.
1611 856 1730 908 (Drei
1761 855 1880 899 weis-

297 931 468 983 heiten.)
514 931 586 972 lat.
614 932 710 972 167.

298 1001 360 1044 De
409 1002 688 1058 providencia.
753 999 931 1051 Quidam
969 1014 1043 1043 rex
1084 1000 1230 1043 habuit
1272 998 1410 1054 [fuit].
1475 997 1881 1054 (Freundesprobe.)

298 1072 371 1114 lat.
399 1074 495 1114 120.

298 1143 403 1186 Item
433 1144 483 1186 de
512 1142 791 1198 providencia.
833 1141 1087 1184 Aurelianus
1108 1142 1311 1195 regnavit.
1354 1140 1677 1196 (Narrenapfel.)
1719 1139 1791 1182 lat.
1811 1140 1880 1182 74.

299 1214 363 1256 De
396 1214 590 1256 avaricia.
639 1213 744 1255 Erat
776 1213 946 1267 quidam
979 1226 1143 1255 avarus
1188 1212 1356 1264 (Schatz
1386 1212 1444 1254 im
1468 1212 1650 1263 baume.)
1690 1211 1762 1253 lat.
1785 1211 1881 1253 109.

299 1284 404 1327 Item
437 1285 488 1328 de
520 1285 714 1327 avaricia.
763 1283 990 1334 Quintillus
1022 1284 1226 1337 regnavit.
1276 1285 1380 1335 (100
1405 1283 1638 1337 groschen.)
1685 1282 1756 1324 lat.
1782 1282 1851 1323 73.

299 1356 363 1398 De
401 1356 552 1397 timore
591 1355 769 1398 extremi
800 1354 962 1409 judicii.
1019 1354 1196 1405 Quidam
1236 1368 1312 1397 rex
1342 1355 1433 1396 fuit.
1491 1352 1882 1409 (Todestrompete.)

299 1426 371 1468 lat.
399 1427 496 1468 143.

299 1497 364 1540 De
401 1497 623 1540 nativitate
663 1497 798 1540 sancti
829 1496 1062 1539 Laurencii.
1118 1496 1296 1547 Quidam
1334 1509 1409 1538 rex
1449 1508 1626 1549 magnus
1665 1494 1882 1551 Hispania.

302 1568 379 1620 (St.
403 1567 686 1619 Laurentius.)
736 1582 831 1624 app.
856 1568 895 1609 5.

300 1639 364 1682 De
387 1639 619 1681 eoncordia.
654 1639 832 1689 Quidam
850 1652 922 1681 rex
943 1642 1033 1681 erat
1048 1642 1196 1693 potens
1214 1637 1347 1679 valde.
1383 1636 1692 1691 (Ziegenauge.)
1724 1636 1796 1679 lat.
1813 1636 1882 1678 76.

300 1709 364 1753 De
403 1710 611 1765 passione.
667 1709 852 1760 Quedam
892 1710 1051 1752 civitas.
1109 1708 1290 1761 (Drache
1329 1709 1458 1752 durch
1498 1708 1634 1752 lowen
1672 1707 1885 1760 entfernt.)

304 1795 400 1837 app.
425 1782 465 1823 4.

302 1851 366 1894 De
397 1851 652 1894 innocencia.
702 1849 821 1892 Miles
855 1850 1025 1905 quidam
1057 1854 1157 1892 erat.
1208 1849 1255 1901 (F
1260 1849 1323 1892 uss
1356 1850 1439 1902 ab.)
1488 1850 1560 1892 lat.
1587 1851 1684 1892 127.

304 1923 509 1978 Tempore
546 1922 760 1964 iracundie
797 1921 902 1963 nihil
941 1925 1004 1963 est
1045 1921 1295 1963 faciendum.
1357 1921 1592 1964 Poncianus
1633 1921 1678 1963 in
1717 1921 1887 1964 civitate

304 2006 407 2035 rom.
457 1993 550 2045 (VII
582 1994 806 2048 sapientes,
838 1992 1044 2044 rahmen.)
1091 2006 1221 2046 germ.
1245 1994 1316 2034 40.

306 2064 512 2106 Tantillus
543 2064 744 2117 magister
775 2063 1023 2118 Imperatori
1055 2063 1156 2106 dicit
1186 2063 1264 2106 hoc
1290 2063 1541 2119 exemplum.
1590 2063 1695 2106 Erat
1717 2061 1886 2117 quidam

304 2134 437 2177 miles.
488 2134 642 2188 (Hund‚
672 2134 747 2176 VII
779 2134 887 2189 sap.)
935 2147 1064 2188 germ.
1088 2135 1158 2176 41.

305 2205 499 2248 Pastores
530 2205 682 2248 debent
703 2205 888 2258 vigilare.
930 2204 1106 2255 Quidam
1129 2205 1359 2260 imperator
1381 2208 1482 2247 erat.
1525 2205 1664 2259 OEber,
1681 2203 1758 2247 VII
1778 2204 1886 2260 sap.)

307 2276 370 2319 De
391 2277 574 2320 falsitate
596 2276 817 2319 mulierum
835 2275 1131 2318 adulterarum.
1172 2275 1390 2326 Quondam
1408 2279 1509 2319 erat.
1544 2274 1886 2329 (Hausschliissel‚

308 2347 382 2389 VH
415 2348 521 2402 sap.)

310 2417 414 2459 Item
447 2418 497 2460 de
527 2417 710 2460 falsitate
742 2417 962 2459 mulierum
995 2407 1291 2460 adulterarum.
1341 2417 1454 2460 Civis
1485 2416 1666 2471 quidam.
1717 2416 1885 2469 (Elster,

309 2487 384 2529 VII
416 2488 521 2543 sap.)
1691 2473 1695 2476 ⁴

309 2557 373 2600 De
402 2558 527 2600 furto.
575 2558 791 2608 Quondam
825 2562 914 2600 erat
943 2559 988 2600 in
1019 2558 1188 2601 civitate
1218 2571 1405 2601 romana.
1461 2558 1636 2610 (Thurm
1666 2556 1886 2611 Herodots‚
1944 2560 1950 2564 ’

311 2628 385 2670 VII
416 2629 522 2684 sap.)
570 2642 699 2682 germ.
724 2629 794 2670 42.

312 2698 374 2740 De
414 2700 564 2752 gaudio
603 2699 746 2741 celesti
785 2699 930 2742 scribit
960 2699 1113 2741 Paulus
1147 2698 1398 2754 exemplum.
1452 2698 1516 2741 De
1547 2698 1698 2752 gaudio
1729 2697 1884 2741 celesti.

312 2769 522 2818 (Antwort
553 2770 703 2811 zweier
735 2770 939 2812 damonen
971 2770 1028 2811 im
1060 2769 1335 2821 besessenen.)

312 2839 565 2894 Exemplum
587 2840 754 2882 bonum.
793 2840 895 2882 Esto
918 2840 1051 2883 fidelis
1074 2839 1205 2895 usqu'e
1228 2841 1280 2882 ad
1301 2843 1491 2882 mortem.
1527 2839 1714 2892 (Vierzig
1733 2839 1887 2892 geister

312 2910 369 2951 im
401 2910 505 2952 fasse
535 2911 771 2964 gesangen.)
