1949 3162
978 61 1064 103 504

184 168 373 210 Socrates
421 167 509 209 fieri
558 167 767 221 speculum
816 167 865 209 de
913 166 1042 209 calibe
1095 167 1214 222 plane
1262 167 1303 208 in
1344 167 1557 222 superficie
1604 167 1773 223 politum
1819 172 1860 210 et

183 239 402 291 mundum,
440 242 485 279 ut
526 238 575 280 ab
613 239 723 279 omni
763 238 851 280 loco
890 239 1097 279 moncium
1138 238 1244 280 foret
1285 242 1473 293 aspectus
1513 243 1554 280 et
1591 237 1770 280 reflectio
1809 238 1860 280 ad

183 310 408 365 speculum.
463 308 550 359 Quo
581 309 689 351 facto
730 309 902 350 intravit
935 308 1124 350 Socrates
1158 309 1384 363 edificium,
1424 313 1464 352 et
1500 310 1603 351 vidit
1634 309 1734 350 duos
1767 309 1861 351 dra-

183 394 325 434 cones,
366 393 492 421 unum
526 394 576 422 ex
608 384 726 435 parte
758 380 930 433 montis,
971 379 1095 421 alium
1130 393 1178 421 ex
1212 385 1329 435 parte
1361 380 1502 434 vallis,
1542 381 1611 434 qui
1644 384 1785 422 contra
1817 394 1860 422 se

135 458 157 491 5
183 465 255 493 ora
286 455 427 493 mutuo
462 451 701 505 aperiebant
732 455 772 492 et
795 449 930 492 aerem
963 450 1200 503 hauserunt,
1234 455 1273 492 et
1304 451 1397 492 dum
1423 452 1481 493 sic
1503 451 1739 506 respiceret,
1772 451 1860 505 qui-

183 523 276 564 dam
303 522 467 575 juvenis
508 522 549 563 in
584 535 709 576 equo,
751 522 819 575 qui
860 521 1086 576 periculum
1128 522 1362 575 ignorabat,
1394 522 1543 564 ¹volens
1578 522 1756 564 transire
1788 536 1861 577 per

183 594 290 635 viam
324 593 459 646 illam,
499 592 634 634 subito
676 593 725 634 de
758 606 861 646 equo
895 592 1042 634 cecidit
1074 596 1114 634 et
1145 597 1331 635 mortuus
1365 597 1437 635 est.
1494 592 1682 635 Socrates
1721 594 1860 635 statim

183 664 233 706 ad
266 677 404 717 regem
438 664 618 706 cucurrit
650 668 690 706 et
722 664 860 705 omnia
892 663 981 704 visa
1013 664 1049 705 ei
1081 665 1285 710 narravit:
1324 668 1466 719 postea
1499 677 1594 706 vero
1627 678 1700 719 per
1731 667 1860 706 artem

182 736 292 790 capti
331 739 427 778 sunt
466 736 663 777 dracones
703 739 744 777 et
781 735 1007 789 interfecti,
1049 738 1088 777 et
1128 736 1186 777 sic
1224 735 1291 777 via
1331 735 1474 777 salutis
1507 735 1696 777 omnibus
1728 740 1862 778 trans-

115 812 157 846 10
183 806 372 849 euntibus
404 807 513 848 facta
544 811 617 848 est.

301 877 530 932 Carissimi,
564 891 637 933 per
669 877 761 920 illos
794 882 969 931 montes,
1003 878 1071 933 qui
1104 877 1371 919 elevabantur
1393 891 1515 933 super
1536 891 1698 920 omnem
1720 891 1862 933 super-

182 948 313 991 ficiem
348 953 469 1002 terre,
503 948 660 991 nobiles
693 962 739 990 ac
771 950 913 991 mundi
948 953 1136 1005 potentes
1168 949 1365 1003 intelligo,
1399 949 1466 1003 qui
1500 948 1608 990 ultra
1637 949 1861 991 communi-

182 1023 309 1062 tatem
354 1020 495 1075 populi
543 1020 754 1062 elevantur
800 1022 862 1063 vel
903 1025 1060 1077 partem
1103 1020 1288 1062 laicalem
1332 1020 1416 1062 sive
1458 1020 1708 1074 clericalem,
1754 1020 1890 1074 unde,

182 1090 427 1133 Psalmista:
461 1091 749 1133 Ascenderunt
779 1096 940 1134 montes
974 1096 1048 1133 etc.
1092 1091 1201 1133 Inter
1225 1092 1326 1133 istos
1349 1096 1509 1133 montes
1541 1095 1604 1134 est
1634 1092 1862 1134 communis

115 1169 157 1204 15
183 1163 383 1204 transitus
417 1162 573 1218 populi,
607 1163 703 1217 quia
735 1166 844 1205 totus
867 1163 1044 1204 mundus
1070 1176 1142 1217 per
1165 1176 1232 1204 eos
1260 1163 1428 1216 regitur.
1478 1162 1520 1204 In
1542 1163 1632 1205 istis
1655 1163 1861 1206 montibus

183 1233 316 1276 solent
346 1233 476 1276 latere
509 1234 587 1275 duo
611 1233 808 1275 dracones
841 1234 927 1276 scil.
963 1235 1041 1276 duo
1074 1234 1192 1288 vicia,
1226 1235 1382 1277 scilicet
1414 1234 1604 1290 superbie
1627 1238 1666 1277 et
1686 1234 1861 1289 luxurie,

183 1318 354 1359 quorum
395 1319 550 1348 veneno
589 1308 699 1347 totus
738 1306 915 1347 mundus
956 1305 1157 1359 inficitur,
1196 1307 1317 1360 juxta
1358 1306 1458 1347 illud
1496 1305 1588 1347 Joh.
1612 1319 1664 1348 11:
1717 1306 1860 1361 Omne,

183 1376 291 1430 quod
325 1379 387 1418 est
417 1377 458 1418 in
491 1377 657 1430 mundo,
692 1380 762 1418 aut
794 1380 856 1418 est
887 1378 1080 1432 superbia
1113 1382 1183 1419 aut
1213 1377 1390 1419 luxuria.
1440 1377 1616 1419 Istorum
1638 1377 1860 1419 draconum

182 1447 243 1489 vis
276 1451 338 1489 est
369 1447 486 1490 nobis
518 1448 679 1502 ignota,
713 1451 753 1490 et
785 1448 889 1502 ideo,
924 1449 992 1503 qui
1025 1463 1098 1504 per
1129 1449 1235 1490 viam
1271 1448 1383 1490 illam
1416 1462 1687 1502 communem,
1719 1449 1761 1490 in
1783 1463 1863 1503 qua

113 1527 157 1560 20
182 1518 380 1560 dracones
418 1519 568 1572 latent,
617 1523 852 1573 transeunt,
903 1518 1054 1574 [121b]
1105 1520 1239 1562 subito
1278 1520 1441 1561 illorum
1481 1533 1636 1561 veneno
1675 1520 1863 1575 preventi

182 1590 425 1631 moriuntur.
500 1589 580 1632 Sed
628 1594 848 1645 antequam
895 1591 1121 1646 periculum
1170 1591 1421 1645 senciamus,
1477 1591 1671 1633 debemus
1725 1591 1862 1634 oculos

181 1664 344 1702 nostros
384 1661 434 1702 ad
475 1661 686 1716 speculum
728 1663 927 1704 mundum
967 1667 1008 1704 et
1047 1663 1218 1718 politum
1260 1663 1286 1704 i.
1311 1676 1344 1704 e.
1385 1663 1435 1704 ad
1476 1663 1723 1705 salvatorem
1764 1663 1863 1704 diri-

182 1745 302 1785 gere,
336 1732 384 1773 de
419 1746 496 1786 quo
532 1732 695 1788 Sapien.
720 1746 801 1775 vn:
842 1732 1007 1775 Candor
1038 1734 1140 1776 lucis
1174 1737 1311 1775 eterne
1344 1737 1384 1775 et
1415 1734 1625 1789 speculum
1658 1734 1746 1776 sine
1776 1747 1864 1776 ma-

181 1803 286 1845 cula.
340 1803 440 1845 Item
476 1803 670 1846 debemus
705 1804 833 1846 altum
868 1804 1070 1846 edificium
1105 1805 1314 1857 edificare3
1347 1805 1423 1847 hoc
1455 1804 1658 1847 edificium
1692 1809 1754 1847 est
1778 1806 1864 1847 vita

113 1881 157 1916 25
182 1875 336 1916 munda
357 1888 430 1930 per
453 1875 726 1930 penitenciam
753 1881 793 1918 et
815 1877 932 1918 bonis
955 1877 1176 1918 virtutibus
1210 1880 1367 1930 ornata,
1401 1891 1480 1931 qua
1506 1877 1700 1919 debemus
1722 1881 1863 1919 nostra

183 1946 367 2000 pericula
409 1947 642 2001 providere;
684 1951 724 1988 et
764 1948 966 2002 quomodo
1003 1949 1167 2002 juvenis
1206 1949 1232 1989 i.
1257 1962 1289 1990 e.
1331 1948 1451 1990 homo
1490 1949 1664 1990 vanitati
1702 1949 1862 1990 deditus

184 2017 294 2058 cadit
332 2017 381 2059 de
414 2031 516 2072 equo
556 2019 720 2060 virtutis
761 2023 800 2060 et
840 2020 1013 2061 moritur
1053 2020 1346 2075 spiritualiter,
1385 2020 1461 2062 hoc
1498 2020 1641 2062 videns
1675 2019 1861 2062 Socrates

185 2088 343 2130 scilicet
373 2089 502 2130 bonus
535 2089 719 2144 prelatus
752 2089 872 2132 debet
903 2104 1066 2132 currere
1107 2092 1157 2132 ad
1189 2105 1327 2144 regem
1360 2091 1488 2144 glorie
1520 2097 1560 2133 et
1592 2105 1683 2133 eum
1717 2091 1862 2133 devote

184 2172 258 2214 pro
291 2159 453 2201 subdito
487 2174 618 2214 orare,
652 2164 696 2202 ut
728 2162 858 2215 possit
890 2163 998 2203 viam
1035 2163 1304 2217 periculosam
1337 2176 1556 2217 precavere
1588 2167 1628 2204 et
1659 2163 1767 2204 viam
1797 2176 1861 2204 sa-

112 2239 158 2272 30
186 2229 283 2272 lutis
317 2235 456 2273 eterne
488 2231 617 2285 glorie
649 2232 812 2286 eligere,
846 2236 886 2275 et
917 2234 975 2274 sic
1007 2234 1132 2275 vitam
1167 2234 1378 2290 possidere
1410 2238 1605 2276 eternam.
1638 2233 1752 2285 Quod
1785 2238 1859 2277 etc.

825 2456 1217 2510 oAp.14o.(1asJ

184 2541 258 2586 De
275 2541 562 2601 principibus
599 2548 639 2588 et
674 2543 776 2589 aliis
811 2545 1097 2604 maynatc'lms
1120 2545 1306 2604 fortiter
1331 2547 1573 2605 arquendis
1594 2561 1680 2606 pro
1707 2562 1860 2592 eorum
1894 2542 1898 2545 Δ

891 2628 1146 2687 forefactis.

301 2731 441 2773 Refert
462 2733 718 2785 Augustinus
749 2734 789 2775 in
825 2735 873 2777 de
905 2736 1071 2778 civitate
1103 2737 1181 2789 dei,
1215 2737 1322 2790 quod
1343 2736 1552 2792 Dyonides
1585 2737 1723 2791 pirata
1742 2736 1860 2790 galea

114 2809 159 2844 35
184 2816 266 2844 una
304 2803 425 2857 longo
465 2808 650 2858 tempore
697 2805 737 2845 in
778 2807 880 2847 mari
920 2807 1105 2848 homines
1144 2808 1338 2863 spoliavit
1383 2811 1423 2849 et
1467 2808 1587 2862 cepit.
1643 2807 1719 2858 Qui
1766 2821 1857 2850 cum

185 2873 324 2915 multis
357 2875 529 2916 navibus
554 2876 672 2928 jussu
704 2875 931 2919 Alexandri
963 2878 1108 2920 fuisset
1140 2880 1322 2933 quesitus
1355 2883 1394 2920 et
1425 2879 1590 2920 tandem
1623 2883 1782 2935 cathS,
1819 2883 1858 2922 et

279 2955 321 2989 16
347 2955 451 3000 vicia]
479 2961 553 3002 oriy
572 2956 638 2990 vie.
