1949 3162
143 765 185 798 10

139 1118 182 1153 15

133 1835 176 1870 25

130 2191 175 2225 30

128 2548 173 2582 35

1015 24 1101 65 406

218 124 414 166 servitute
447 124 631 167 liberavi.
681 126 737 168 At
769 126 859 169 illa:
906 127 984 170 Dic
1014 129 1139 171 michi
1171 130 1312 184 modo,
1346 130 1395 173 de
1427 144 1507 185 qua
1537 136 1649 175 terra
1680 147 1722 176 es
1754 134 1891 176 oriun—

217 195 291 236 dus
325 198 365 236 et
397 196 466 249 qui
498 200 615 237 erant
646 202 838 251 parentes
870 199 943 251 tui,
978 204 1018 241 et
1049 200 1128 241 nisi
1162 201 1285 242 michi
1318 202 1532 245 veritatem
1566 203 1740 258 dixeris,
1772 218 1890 248 num-

216 279 337 319 quam
370 265 504 307 cibum
537 267 722 319 gustabo,
771 267 825 310 Et
846 268 935 310 ille:
970 269 1094 312 Vobis
1117 270 1167 312 de
1189 271 1361 314 veritate
1382 273 1525 315 fateor.
1569 274 1742 324 Quidam
1766 276 1890 318 abbas

215 336 264 377 ab
297 336 475 378 infancia
506 350 572 379 me
603 339 776 380 nutrivit
808 344 848 381 et
879 340 1001 382 michi
1035 341 1173 395 sepius
1206 341 1324 394 dixit,
1360 345 1466 397 quod
1499 345 1539 386 in
1571 345 1748 400 quodam
1782 347 1889 389 dolio

214 420 279 448 me
309 407 467 449 invenit
496 408 605 449 infra
635 409 896 463 cunabulum,
930 416 969 453 et
1002 412 1052 453 ab
1084 411 1153 453 illo
1187 416 1371 467 tempore
1404 428 1532 469 usque
1563 417 1603 457 in
1627 431 1795 472 presens
1824 431 1890 461 me

213 478 408 531 nutrivit,
448 492 659 533 quousque
697 481 747 522 ad
783 486 920 536 partes
962 483 1060 524 istas
1102 484 1206 524 veni.
1256 483 1435 527 Domina
1466 500 1557 528 cum
1590 487 1663 529 hec
1696 488 1889 543 audisset,

212 548 384 590 tabellas
425 550 460 591 ei
503 551 682 592 ostendit
722 556 762 593 et
798 552 877 593 ait:
927 552 1136 607 Numquid
1168 554 1340 597 tabellas
1383 557 1482 598 istas
1513 558 1647 600 nosti?
1694 558 1767 601 Ille
1796 572 1888 602 cum

212 619 384 661 tabellas
418 621 608 674 vidisset,
652 622 702 663 ad
735 626 888 664 terram
930 624 1094 672 cecidit:
1128 624 1199 666 illa
1231 638 1326 666 vero
1360 627 1436 669 ait:
1487 627 1519 669 O
1551 627 1609 669 fili
1641 629 1888 684 dulcissime,

211 693 255 730 tu
287 703 329 732 es
360 690 468 733 filius
501 705 615 734 meus
648 693 811 746 unicus,
853 698 895 735 tu
940 708 981 735 es
1022 696 1194 737 maritus
1227 709 1340 738 meus
1383 702 1423 739 et
1454 699 1644 741 dominus
1676 714 1811 755 meus,
1845 708 1888 744 tu

212 774 253 802 es
291 759 399 803 filius
438 762 580 804 fratris
619 764 699 805 mei
741 768 780 806 et
818 778 952 817 meus3
996 781 1017 806 o
1059 766 1116 807 fili
1157 767 1413 822 dulcissime,
1453 770 1494 811 in
1527 770 1635 812 dolio
1674 784 1764 814 cum
1798 773 1888 815 istis

209 831 372 874 tabellis
411 835 529 888 posui
568 838 608 876 te
649 839 865 889 postquam
907 838 1048 891 peperi
1088 842 1140 880 te.
1199 838 1288 880 Heu
1327 840 1472 894 michi,
1516 854 1642 895 quare
1681 843 1730 884 de
1767 843 1889 886 vulva

211 902 389 945 eduxisti
420 917 506 957 me,
548 904 712 947 domine
745 905 844 948 deus
878 921 1011 961 meus,
1054 909 1150 963 quia
1181 914 1242 952 tot
1272 911 1382 952 mala
1414 916 1509 953 sunt
1541 926 1614 967 per
1645 927 1711 955 me
1741 928 1888 970 perpe-

209 975 337 1015 trata!
370 973 555 1016 Fratrem
591 989 726 1018 meum
761 978 973 1032 proprium
1006 981 1177 1032 cognovi
1211 986 1251 1023 et
1282 986 1321 1023 te
1354 995 1402 1023 ex
1435 996 1500 1024 me
1532 985 1667 1037 genui.
1721 985 1886 1028 Utinam

208 1049 452 1100 consumpta
485 1060 615 1088 essem
648 1061 698 1089 ne
731 1048 871 1090 oculus
904 1063 969 1091 me
1002 1051 1172 1104 videret,
1205 1052 1374 1094 fuissem
1409 1055 1524 1107 quasi
1557 1068 1639 1097 non
1673 1070 1803 1099 essem
1837 1058 1887 1099 de

209 1113 297 1170 [69]
340 1120 455 1158 utero
495 1121 569 1159 ete.
619 1118 685 1159 Ad
724 1132 886 1161 murum
926 1125 1051 1176 caput
1089 1123 1293 1177 percussit
1334 1128 1374 1165 et
1405 1125 1484 1166 ait:
1525 1125 1557 1167 O
1590 1127 1754 1170 domine
1787 1128 1886 1171 deus

206 1200 334 1241 meus,
367 1200 457 1229 ecce
489 1187 596 1230 filius
620 1202 747 1242 meUS,
780 1191 951 1233 maritus
975 1206 1089 1235 meus
1113 1198 1152 1235 et
1174 1194 1281 1236 filius
1303 1195 1443 1237 fratris
1466 1197 1560 1238 mei.
1601 1198 1676 1240 Ait
1696 1199 1886 1242 dominus

206 1256 449 1311 Gregorius:
498 1258 722 1302 Credebam
757 1275 822 1303 me
855 1264 1034 1306 evasisse
1066 1265 1291 1319 periculum
1327 1267 1478 1320 etjam
1513 1268 1553 1309 in
1585 1269 1701 1312 rethe
1733 1271 1884 1313 diaboli

205 1328 354 1380 cecidi;
388 1329 548 1372 dimitte
580 1345 658 1385 me,
692 1332 870 1385 domina,
903 1339 948 1375 ut
980 1335 1171 1390 plangam
1206 1338 1413 1379 miseriam
1449 1341 1603 1381 meam!
1659 1340 1716 1383 Ve
1748 1342 1884 1396 michi,

207 1413 265 1453 ve,
299 1413 392 1442 ecce
423 1406 555 1443 mater
586 1416 704 1456 mea,
740 1404 871 1446 amica
903 1419 1015 1459 mea,
1049 1421 1153 1449 uxor
1185 1411 1295 1450 mea!
1343 1408 1449 1451 Ecce
1483 1410 1541 1451 sic
1572 1410 1757 1454 diabolus
1790 1426 1885 1455 con-

205 1470 326 1512 clusit
365 1486 441 1514 me.
491 1471 623 1516 Mater
663 1488 754 1516 cum
798 1475 839 1516 in
872 1475 956 1518 filio
996 1482 1154 1520 tantum
1189 1479 1369 1522 dolorem
1414 1481 1603 1534 vidisset,
1638 1483 1715 1524 ait:
1763 1482 1795 1524 Ο
1826 1482 1884 1525 fili

205 1542 464 1597 dulcissime,
504 1558 578 1599 pro
612 1547 791 1600 peccatis
822 1548 974 1589 nostris
1007 1550 1300 1603 peregrinabor
1331 1555 1416 1593 toto
1450 1556 1634 1608 tempore
1667 1554 1749 1596 vite
1780 1567 1883 1608 mee,

205 1617 247 1655 tu
281 1627 376 1656 vero
416 1628 588 1668 regnum
629 1616 889 1669 gubernabis.
939 1618 1014 1669 Qui
1049 1621 1125 1662 ait:
1173 1621 1263 1663 Non
1297 1621 1367 1663 fiet
1397 1623 1477 1673 ita;
1519 1624 1562 1665 in
1593 1637 1718 1678 regno
1752 1629 1884 1668 mater

203 1685 483 1740 exspectabis,
517 1700 591 1740 ego
625 1701 719 1729 vero
752 1690 1065 1744 peregrinabor,
1106 1692 1233 1734 donec
1266 1707 1289 1734 a
1321 1693 1395 1735 deo
1428 1699 1599 1749 peccata
1629 1699 1770 1738 nostra
1800 1698 1884 1739 sint

203 1755 385 1798 dimissa.
435 1757 497 1799 De
529 1763 647 1800 nocte
680 1759 880 1812 surrexit,
913 1760 1097 1804 lanceam
1130 1777 1247 1805 suam
1279 1764 1423 1818 fregit,
1456 1767 1712 1809 vestimentis
1743 1781 1786 1810 se
1816 1769 1881 1810 in-

202 1826 290 1868 duit
321 1829 548 1882 peregrini,
582 1830 704 1871 matri
737 1830 925 1872 valefecit
957 1837 997 1874 et
1027 1834 1147 1875 nudis
1186 1835 1359 1889 pedibus
1392 1837 1637 1891 ambulavit,
1671 1852 1881 1895 quousque

203 1901 320 1939 extra
351 1912 521 1952 regnum
562 1902 771 1955 pervenit,
813 1902 959 1945 deinde
999 1904 1050 1946 ad
1083 1906 1287 1959 quandam
1322 1908 1530 1950 civitatem
1572 1909 1614 1951 in
1646 1911 1777 1953 noctis
1809 1911 1880 1953 ob-

202 1969 397 2012 scuritate
429 1971 541 2012 venit
573 1971 621 2012 ad
655 1972 821 2014 domum
854 1975 975 2017 unius
1009 1976 1246 2030 piscatoris,
1280 1991 1304 2019 a
1336 1993 1414 2032 quo
1446 1979 1676 2035 hospicium
1707 1994 1781 2036 pro
1813 1982 1879 2024 dei

201 2053 340 2082 amore
373 2042 530 2095 petivit.
583 2041 768 2085 Piscator
807 2058 897 2086 eum
932 2046 1151 2100 diligenter
1182 2049 1367 2104 respexit
1405 2054 1446 2091 et
1476 2064 1567 2093 cum
1602 2052 1877 2095 membrorum

201 2111 431 2153 decenciam
467 2117 506 2154 et
537 2115 720 2168 corporis
752 2115 1070 2170 disposicionem
1103 2119 1287 2173 vidisset,
1321 2121 1379 2162 ait
1401 2122 1455 2163 ei:
1490 2121 1725 2178 Carissime,
1756 2137 1877 2168 verus

202 2183 442 2237 peregrinus
473 2197 555 2225 non
588 2198 651 2232 es:
694 2185 767 2227 hoc
800 2187 901 2229 bene
935 2194 1107 2244 apparet
1148 2191 1190 2231 in
1222 2195 1290 2232 tuo
1325 2205 1507 2247 corpore.
1553 2194 1612 2236 At
1640 2195 1731 2237 ille:
1763 2195 1878 2239 Licet

201 2267 295 2296 vere
336 2256 575 2309 peregrinus
615 2270 694 2297 non
735 2257 870 2311 fuero,
911 2260 1138 2315 hospicium
1180 2265 1318 2303 tamen
1362 2262 1426 2304 dei
1465 2277 1603 2306 amore
1641 2270 1760 2309 nocte
1797 2267 1877 2310 ista

200 2330 308 2380 peto.
358 2325 469 2367 Uxor
500 2326 729 2381 piscatoris,
762 2341 851 2370 cum
877 2343 967 2371 eum
993 2332 1176 2385 vidisset,
1210 2333 1362 2388 pietate
1385 2339 1496 2376 mota
1516 2349 1657 2390 preces
1678 2337 1877 2381 fundebat

201 2409 274 2451 pro
307 2410 373 2449 eo,
408 2401 453 2438 ut
483 2397 823 2441 introduceretur.
873 2400 973 2442 Cum
1009 2408 1146 2445 autem
1178 2403 1433 2447 introductus
1464 2406 1630 2460 fuisset,
1661 2411 1771 2450 retro
1803 2409 1874 2451 ho-

201 2467 324 2508 stium
364 2468 577 2520 grabatum
626 2472 762 2524 parari
789 2471 934 2524 jussit,
974 2474 1155 2528 piscator
1187 2476 1320 2529 pisces
1360 2489 1450 2518 cum
1485 2491 1591 2531 aqua
1622 2479 1658 2520 ei
1691 2479 1804 2521 dedit
1834 2485 1875 2522 et

200 2552 369 2592 panem,
410 2542 450 2580 et
480 2539 588 2581 inter
620 2545 753 2582 cetera
795 2543 831 2584 ei
863 2543 988 2585 dixit:
1037 2545 1097 2586 Tu
1130 2547 1364 2601 peregrine,
1398 2548 1432 2588 si
1465 2549 1723 2591 sanctitatem
1756 2551 1872 2606 cupis
1899 2556 1905 2559 '

198 2609 402 2661 invenire,
443 2610 530 2652 loca
569 2611 752 2653 solitaria
791 2614 959 2655 deberes
999 2617 1203 2658 accedere.
1253 2618 1309 2658 At
1339 2618 1428 2660 ille:
1470 2619 1666 2673 Domine,
1698 2620 1872 2664 libenter

198 2680 273 2722 hoc
316 2684 627 2736 attemptarem,
671 2684 740 2724 sed
782 2684 915 2727 locum
955 2686 1079 2728 talem
1122 2688 1278 2740 ignoro.
1336 2688 1412 2738 Qui
1452 2690 1527 2731 ait:
1577 2690 1654 2732 Die
1692 2693 1871 2735 crastina

197 2765 356 2793 mecum
400 2766 547 2807 pergas
588 2758 627 2795 et
667 2754 716 2795 ad
749 2754 882 2797 locum
917 2756 1146 2799 solitarium
1187 2763 1228 2800 te
1260 2759 1418 2802 ducam.
1466 2760 1521 2803 Et
1551 2761 1639 2804 ille:
1673 2762 1784 2805 Deus
1816 2764 1870 2805 sit

197 2822 269 2863 tibi
302 2836 470 2864 merces.
518 2823 638 2866 Mane
669 2838 765 2866 vero
790 2827 969 2880 piscator
989 2829 1250 2882 peregrinum
1274 2831 1481 2885 excitavit,
1512 2832 1552 2874 in
1576 2836 1735 2876 tantum
1759 2835 1866 2877 enim

293 2903 333 2938 18
360 2903 515 2948 domina]
545 2910 627 2952 oriy.
655 2904 807 2941 domine.
905 2908 949 2943 23
974 2909 1240 2954 peregrinabor]
1269 2917 1352 2957 oriy.
1371 2912 1619 2956 peregrinabo.
