1929 3157
66 203 160 245 193.

66 344 161 386 194.

67 486 162 528 195.

67 627 163 670 196.

68 770 163 811 197.

70 911 163 953 198.

69 1054 164 1096 199.

67 1196 165 1238 200.

68 1332 167 1380 201.

69 1480 169 1522 202.

70 1622 169 1664 203.

71 1765 170 1808 204.

72 1907 170 1950 205.

74 2049 172 2092 206.

75 2192 174 2234 207.

77 2334 175 2377 208.

78 2476 176 2519 209.

79 2617 178 2658 210.

81 2758 179 2799 211.

41 2926 43 2928 -
83 2899 182 2940 212.

875 97 953 137 157

209 201 313 244 Ει·31
350 202 518 257 quidam
559 216 630 244 rex
673 203 742 256 qui
785 201 912 243 filiam
953 200 1171 256 pulchram
1214 199 1393 242 habebat
1433 212 1480 241 ac
1517 199 1762 254 sapientem.

213 272 330 325 (Drei
363 272 540 326 fragen.)
588 272 660 313 lut.
687 273 754 313 70.

210 342 385 393 Quidam
427 357 498 385 rex
542 347 632 385 erat
672 343 711 384 in
755 342 893 396 anglia
933 343 972 384 in
1015 343 1130 396 cujus
1172 355 1297 395 regno
1331 345 1450 383 erant
1482 341 1561 382 duo
1596 340 1763 382 milites.

212 414 363 465 (Guido
399 414 480 456 und
514 414 696 469 Tyrius.)
749 414 818 456 lat.
849 415 941 455 172.

213 485 457 527 Valerianus
505 485 696 539 regnavit
744 490 890 540 potens
934 484 1053 527 valde
1100 484 1169 538 qui
1213 487 1375 525 tantum
1418 483 1581 525 unicam
1623 482 1764 524 filiam.

213 555 426 608 (stricke.)
476 570 571 611 app.
604 559 665 597 113.

211 626 387 677 Quidam
422 640 494 669 rex
530 630 620 669 erat
652 627 720 681 qui
747 630 909 668 tantum
935 626 1101 668 unicum
1123 624 1254 666 filium
1279 624 1470 666 habebat.
1519 623 1767 676 (Freundes—

214 698 372 753 probe.)
426 698 497 739 lat.
528 699 620 739 129.

211 768 386 819 Quidam
421 782 494 810 rex
528 773 618 811 erat
650 767 800 810 nobilis
835 767 952 810 valde
985 768 1028 809 in
1061 767 1176 821 eujus
1202 780 1329 820 regno
1353 770 1473 808 erant
1494 766 1574 808 duo
1597 765 1763 807 milites.

213 840 455 894 (Aussiitzig
489 854 561 881 aus
594 839 721 890 neid.)
767 838 839 880 lat.
869 840 964 880 151.

212 910 316 953 Erat
348 911 514 965 quidam
549 924 624 953 rex
649 911 789 964 justus
823 909 942 952 valde
965 922 1012 952 ac
1035 907 1216 964 prudens
1240 908 1310 962 qui
1332 908 1522 950 habebat.
1572 906 1768 959 (Todten-

214 982 373 1036 siegel.)
420 982 492 1023 lat.
524 982 617 1023 128.

214 1053 388 1104 Quidam
420 1067 492 1095 rex
523 1057 612 1095 erat
634 1052 786 1094 nobilis
809 1052 851 1093 in
874 1052 991 1106 eujus
1013 1064 1140 1104 regno
1165 1054 1284 1092 erant
1306 1049 1386 1091 duo
1409 1049 1577 1092 milites.
1619 1047 1770 1101 (Nach-

215 1124 316 1178 tigal
350 1124 524 1174 todten.)
578 1123 649 1165 lat.
677 1124 773 1165 121.

214 1194 399 1238 Gallicus
430 1196 474 1237 in
506 1195 676 1238 civitate
698 1194 886 1237 Romana
914 1193 1106 1248 regnavit
1127 1192 1311 1248 prudens
1336 1191 1467 1234 valde.
1518 1189 1770 1244 (Bratfiseh.)

214 1281 343 1321 germ.
369 1268 438 1309 6⁴2.

217 1337 414 1380 Claudius
452 1338 494 1379 in
528 1338 697 1380 civitate
729 1336 917 1379 Romana
948 1335 1140 1389 regnavit
1171 1335 1355 1390 prudens
1388 1333 1520 1376 valde.
1575 1331 1772 1385 (Lahmer

217 1409 300 1451 und
333 1409 528 1461 blinder.)
574 1409 646 1451 lat.
672 1409 741 1450 71.

215 1479 321 1522 Erat
360 1481 528 1535 quidam
569 1493 718 1522 avarus
761 1491 933 1521 manens
966 1478 1091 1532 juxta
1131 1491 1258 1519 mare.
1323 1475 1498 1528 (Sohatz
1537 1476 1593 1517 im
1629 1475 1773 1517 baum-

218 1552 426 1603 stamme.)
474 1551 546 1593 lat.
576 1552 671 1592 109.

218 1621 395 1672 Quidam
419 1636 492 1665 rex
516 1626 605 1664 erat
627 1621 697 1676 qui
720 1620 869 1662 statuit
889 1633 965 1675 pro
987 1619 1078 1672 lege
1096 1618 1206 1674 quod
1225 1617 1567 1673 quandocunque.
1604 1615 1774 1668 (Todes-

219 1695 458 1750 trompete.)
505 1693 577 1735 lat.
605 1694 701 1734 143.

218 1764 395 1815 Quidam
436 1764 556 1807 miles
596 1767 687 1806 erat
728 1764 798 1818 qui
837 1763 1005 1805 unicum
1045 1760 1177 1803 filium
1218 1759 1410 1803 habebat.
1477 1758 1613 1811 (Funf
1646 1757 1776 1800 fasser

221 1836 359 1889 wein.)
406 1836 478 1878 lat.
503 1837 571 1878 72.

219 1906 443 1957 Quintillus
476 1907 666 1960 regnavit
695 1906 765 1961 qui
788 1905 936 1948 statuit
958 1918 1031 1960 pro
1053 1904 1144 1958 lege
1168 1903 1279 1958 quod
1301 1901 1475 1958 quilibet
1496 1913 1629 1943 cecus.
1673 1899 1776 1952 (100

221 1978 456 2032 grosehen.)
504 1977 576 2019 lat.
602 1978 670 2019 73.
1300 1964 1302 1967 ’

221 2049 473 2091 Aurelianus
504 2048 697 2102 regnavit
726 2049 770 2090 in
802 2046 970 2089 civitate
995 2046 1183 2088 Romana
1214 2049 1362 2100 potens
1395 2043 1527 2086 valde.
1578 2041 1776 2094 (Narren-

223 2120 364 2175 apsel.)
412 2120 484 2162 lat.
510 2120 578 2161 74.

222 2191 342 2234 Miles
375 2191 544 2245 quidam
578 2194 668 2233 erat
699 2189 770 2244 qui
801 2188 982 2231 habebat
1013 2187 1116 2230 duos
1142 2199 1265 2229 eanes
1289 2198 1391 2240 quos
1414 2184 1590 2226 multum
1615 2183 1774 2226 dilexit.

223 2261 480 2314 (Feindliohe
513 2261 664 2314 hunde,
698 2260 825 2312 wolf.)
873 2259 945 2302 lat.
974 2259 1069 2300 133.

222 2333 329 2376 Erat
356 2332 524 2387 quidam
554 2332 754 2385 magister
777 2331 935 2386 peritus
957 2330 1001 2372 in
1024 2334 1113 2372 arte
1133 2327 1440 2384 nygromantia.
1490 2323 1777 2379 (Zauberbueh

225 2403 472 2459 gestohlen.)
521 2416 617 2458 app.
643 2403 712 2444 64.

224 2474 523 2518 Constantinus
562 2473 755 2527 regnavit
786 2476 934 2528 potens
967 2484 1014 2514 ae
1046 2470 1161 2513 dives
1195 2469 1315 2512 valde
1348 2469 1418 2523 qui
1449 2471 1534 2510 tres
1566 2466 1673 2509 filias
1704 2465 1778 2508 ha-

225 2545 362 2588 bebat.
412 2544 530 2597 (Drei
562 2544 777 2594 wittwen.)
829 2542 900 2584 lat.
926 2542 994 2584 75.

228 2615 505 2658 Valencianus
544 2615 736 2668 regnavit
768 2613 883 2655 dives
916 2612 1036 2654 valde
1068 2613 1111 2654 in
1142 2611 1259 2665 eujus
1291 2623 1418 2663 regno
1452 2611 1572 2652 erant
1603 2610 1779 2662 quatuor

227 2686 403 2742 physici.
452 2687 649 2738 (Aussatz
683 2683 1019 2739 vorgespiegelt.)
1064 2683 1136 2725 lat.
1164 2683 1261 2724 132.

227 2757 404 2807 Quidam
436 2771 511 2799 rex
542 2761 632 2799 erat
655 2760 803 2811 potens
827 2754 945 2797 valde
968 2755 1037 2809 qui
1061 2753 1213 2796 multas
1237 2753 1410 2794 virtutes
1432 2750 1623 2793 habebat.
1672 2748 1779 2801 (Zie-

228 2828 446 2882 genauge.)
493 2824 568 2870 lat.
591 2828 660 2869 76.

229 2898 444 2948 Quondam
474 2902 564 2941 erat
584 2910 757 2952 regnum
783 2897 872 2938 sine
895 2895 1046 2938 herede
1068 2895 1325 2938 derelictum.
1369 2891 1551 2942 Questio.
1595 2890 1779 2944 (Pferde-

233 2969 404 3022 wihern,
436 2969 593 3022 konig.)
643 2981 739 3023 app.
764 2968 832 3009 74.
