1949 3162
979 63 1062 104 682

179 168 346 211 accendi
386 168 466 209 nisi
504 181 578 223 per
612 168 832 222 xirginem,
875 172 915 210 et
945 169 1060 222 virgo
1100 182 1182 210 non
1222 173 1357 223 potest
1397 170 1574 211 inveniri
1613 173 1653 212 et
1689 169 1764 212 hec
1800 174 1862 212 est

178 252 302 281 causa
344 251 470 292 quare
508 238 586 280 huc
618 240 780 281 venisti.
834 239 929 281 ι10111
968 240 1073 294 petis
1114 239 1238 281 filiam
1278 253 1412 281 meam
1452 241 1492 281 in
1532 253 1700 282 uxorem
1733 244 1859 283 tuam.

178 310 350 352 Amasia
381 309 456 351 tibi
490 310 567 351 erit
597 309 838 352 fidelissima
870 311 904 352 si
938 310 1037 351 mihi
1070 324 1195 351 unum
1228 311 1475 352 concedetis.
1520 311 1563 352 In
1595 312 1761 354 civitate
1791 311 1863 354 illa

180 385 241 422 est
272 381 394 422 draco
428 380 636 422 horribilis
669 382 733 423 cui
771 381 970 423 debentur
1012 381 1184 434 singulis
1224 382 1366 423 diebus
1401 382 1479 424 (1110
1515 395 1610 424 oves
1648 387 1688 425 et
1725 383 1861 436 boves,

180 455 219 493 et
258 464 350 493 cum
390 451 529 492 omnia
568 452 764 493 animalia
803 456 1047 507 consumpta
1086 452 1257 506 fuerint,
1299 454 1485 495 mittetur
1516 454 1623 495 inter
1654 466 1728 495 nos
1759 467 1862 507 sors,

180 526 220 564 et
251 536 375 577 super
407 535 525 576 quem
561 536 648 563 sors
681 523 887 576 ceciderit,
921 523 1043 564 draco
1077 537 1168 564 eum
1192 523 1370 565 habebit.
1417 523 1495 565 Sed
1519 524 1553 565 si
1575 537 1663 566 eam
1687 538 1710 566 a
1731 527 1864 566 morte

179 606 322 648 posses
354 593 544 646 liberare,
579 594 735 635 amasia
766 598 838 636 tua
871 595 948 636 erit
980 595 1068 636 sine
1090 595 1430 637 contradiccione.
1468 595 1525 636 At
1549 595 1637 637 ille:
1669 594 1864 636 Firmiter

179 663 256 705 hoc
286 663 362 705 tibi
395 664 591 718 promitto
625 664 851 720 adimplere
885 669 924 706 et
955 669 1090 707 tecum
1114 666 1338 720 expectabo
1361 666 1488 708 donec
1511 666 1649 708 omnia
1670 666 1866 708 animalia

179 739 250 776 tua
282 748 355 789 per
387 735 605 776 draconem
640 740 735 776 sunt
766 741 1023 791 consumpta.
1072 736 1128 778 Et
1159 738 1217 778 sic
1247 738 1400 778 factum
1435 741 1507 778 est.
1557 736 1646 779 Cito
1669 737 1866 779 animalia

180 806 318 847 omnia
351 809 468 847 erant
499 806 714 860 devorata,
754 807 901 849 deinde
933 821 1021 849 sors
1057 808 1234 850 mittitur
1268 813 1308 850 et
1339 822 1426 849 sors
1459 808 1605 849 cecidit
1637 821 1759 862 super
1790 821 1865 863 pu-

181 876 324 929 ellam,
367 877 475 918 unde
514 891 538 918 a
569 877 745 919 dracone
788 878 975 919 devorari
1018 879 1170 920 debuit.
1227 879 1399 921 Juvenis
1439 892 1531 920 cum
1563 879 1639 920 hoc
1671 878 1864 932 audisset,

180 947 319 989 timuit
350 947 468 989 valde
502 948 735 990 draconem.
785 949 897 990 Tunc
931 951 1108 991 armavit
1140 964 1182 991 se
1216 955 1255 991 et
1287 954 1428 992 contra
1460 950 1680 991 draconem
1714 949 1866 992 bellum

181 1019 315 1071 dedit,
356 1019 462 1060 unde
493 1019 578 1060 fere
611 1019 795 1061 devictus
830 1024 911 1074 est,
953 1025 993 1062 et
1025 1021 1130 1062 sicut
1160 1022 1297 1074 fugam
1332 1022 1515 1076 recipere
1547 1020 1694 1074 voluit,
1733 1021 1796 1062 leo
1829 1021 1866 1063 ei

181 1090 370 1142 occurrit,
404 1090 452 1131 de
485 1090 598 1143 cujus
632 1091 734 1144 pede
767 1091 928 1146 spinam
963 1093 1162 1145 extraxit,
1197 1096 1237 1133 et
1268 1106 1357 1133 cum
1393 1105 1439 1133 eo
1471 1096 1614 1133 contra
1645 1092 1865 1133 draconem

181 1161 394 1216 pugnavit,
426 1161 563 1215 ipsum
587 1161 738 1203 devicit
770 1167 809 1204 et
840 1163 989 1205 occidit
1021 1177 1111 1205 cum
1143 1163 1345 1216 adjutorio
1378 1163 1521 1204 leonis.
1569 1162 1655 1204 Rex
1678 1176 1768 1204 cum
1790 1162 1866 1204 hoc

182 1232 383 1285 audisset,
423 1232 588 1285 gavisus
631 1237 693 1274 est
722 1233 854 1275 valde.
918 1233 1066 1275 Filiam
1106 1248 1221 1275 suam
1262 1234 1434 1275 tradidit
1470 1234 1512 1275 in
1545 1247 1670 1275 manu
1702 1234 1865 1288 juvenis

183 1302 340 1344 dicens:
389 1302 495 1345 Ecce
536 1304 693 1345 amasia
730 1308 801 1346 tua
850 1318 922 1359 pro
962 1306 1076 1359 cujus
1119 1319 1257 1347 amore
1298 1305 1448 1348 bellum
1497 1305 1658 1347 dedisti.
1721 1304 1781 1346 Ite
1827 1308 1868 1347 et

182 1373 393 1415 vobiscum
427 1388 516 1416 eam
550 1374 711 1416 ducitis.
760 1375 931 1418 Juvenis
964 1390 1059 1418 vero
1099 1391 1187 1419 eam
1230 1377 1386 1432 recepit
1425 1380 1465 1418 et
1496 1376 1615 1418 duxit
1645 1389 1782 1418 secum
1814 1375 1867 1418 ad

183 1444 389 1499 palacium
431 1446 562 1500 patris
595 1446 670 1487 sui.
719 1445 833 1488 Uxor
871 1448 956 1501 ejus
996 1462 1088 1490 cum
1128 1449 1311 1490 audisset
1349 1448 1399 1489 de
1430 1448 1608 1490 adventu
1647 1460 1720 1489 suo
1758 1447 1868 1489 ultra

184 1516 291 1570 quod
332 1516 442 1558 credi
481 1521 618 1572 potest
657 1517 739 1559 leta
772 1522 871 1560 erat.
920 1519 1108 1561 Occurrit
1140 1521 1176 1561 ei
1209 1524 1249 1561 et
1281 1519 1517 1574 amplexata
1549 1523 1611 1561 est
1642 1533 1748 1561 eum.
1794 1519 1869 1561 Ait

184 1587 220 1630 ei
248 1588 432 1641 juvenis:
467 1588 646 1630 Ostende
678 1589 779 1630 mihi
813 1590 981 1632 anulum
1015 1592 1180 1645 amoris,
1214 1605 1331 1645 quem
1355 1594 1488 1632 tecum
1514 1591 1663 1632 dimisi.
1697 1590 1755 1632 At
1774 1590 1866 1632 illa:

182 1657 326 1700 Presto
359 1672 461 1700 sum.
510 1659 612 1701 Cum
653 1664 791 1701 autem
831 1662 1078 1704 ostendisset
1115 1663 1271 1717 recepit
1310 1663 1359 1704 ab
1399 1675 1446 1703 ea
1484 1661 1651 1703 anulum
1685 1665 1725 1703 et
1755 1661 1869 1703 dedit

184 1730 337 1771 amasie
371 1730 457 1783 ejus
491 1735 531 1772 et
563 1731 620 1772 ait
642 1731 781 1772 uxori:
816 1731 901 1773 Hec
934 1737 995 1774 est
1026 1733 1184 1774 amasia
1211 1746 1301 1774 mea
1324 1747 1421 1775 vera
1453 1733 1582 1775 electa
1613 1746 1691 1788 que
1718 1732 1868 1774 cotidie

182 1800 463 1855 nobiscunque
496 1802 753 1857 expectabat,
786 1806 831 1844 ut
862 1803 1097 1858 lampadem
1129 1804 1337 1846 accendat.
1389 1804 1447 1846 At
1477 1805 1568 1846 illa:
1609 1805 1765 1857 Amen,
1796 1802 1870 1846 fiat

184 1872 374 1913 voluntas
406 1876 488 1914 tua.
538 1872 766 1915 Juvencula
797 1874 948 1916 ibidem
984 1875 1228 1930 expectabat
1266 1879 1306 1917 et
1344 1875 1516 1928 singulis
1547 1875 1734 1917 noctibus
1766 1875 1868 1916 lam-

184 1943 331 1998 padem
357 1944 618 1997 accendebat,
652 1958 728 1999 que
761 1945 935 1987 multum
970 1947 1019 1988 ab
1053 1946 1242 1988 omnibus
1275 1950 1363 1988 erat
1389 1946 1550 2000 dilecta,
1584 1947 1680 2000 quia
1709 1946 1868 2001 lampa-

186 2014 275 2056 dem
312 2015 536 2056 extinctam
575 2028 785 2069 nunquam
826 2017 1072 2059 invenerunt
1111 2022 1150 2060 et
1182 2018 1272 2059 ideo
1313 2018 1362 2058 ad
1401 2031 1573 2070 magnas
1605 2017 1775 2059 divicias
1807 2021 1870 2059 est

185 2089 376 2140 promota
408 2090 448 2127 et
480 2086 537 2127 sic
568 2086 611 2127 in
645 2100 744 2141 pace
776 2087 904 2129 vitam
936 2089 1188 2130 terminavit.

303 2158 535 2198 Moraliter.
582 2157 814 2211 Karissimi,
848 2159 926 2201 iste
957 2160 1183 2214 imperator
1215 2163 1352 2214 potest
1383 2159 1463 2200 dici
1495 2159 1666 2214 quilibet
1686 2158 1868 2214 prelatus

187 2227 368 2280 ecclesie,
402 2228 471 2282 qui
504 2229 641 2282 sepius
675 2233 790 2270 extat
821 2230 907 2272 sine
941 2231 1067 2285 prole,
1101 2230 1176 2272 hoc
1208 2235 1269 2272 est
1300 2231 1388 2272 sine
1419 2230 1501 2272 filio
1535 2230 1599 2272 vel
1629 2229 1716 2272 filia
1747 2231 1868 2285 spiri—

185 2298 288 2340 tuali
328 2312 402 2354 per
434 2299 572 2340 omnia
611 2300 837 2342 obediente.
892 2300 1009 2343 Unde
1051 2306 1144 2343 ante
1177 2301 1301 2343 Cristi
1340 2302 1596 2343 nativitatem
1639 2301 1758 2356 pauci
1795 2315 1869 2357 per

186 2370 325 2411 omnia
357 2370 622 2424 obediebant,
656 2376 696 2413 et
726 2372 786 2412 illi
820 2373 887 2426 qui
921 2373 995 2414 (100
1029 2377 1145 2414 erant
1177 2373 1412 2414 obedientes
1443 2373 1486 2414 in
1518 2372 1654 2414 aulam
1690 2373 1869 2428 impera-

186 2441 287 2482 toris
328 2441 413 2482 scil.
448 2442 489 2482 in
529 2441 678 2484 celeste
717 2443 935 2498 imperium
976 2444 1131 2485 intrare
1170 2457 1251 2485 non
1292 2447 1527 2498 potuerunt.
1589 2443 1762 2498 Propter
1794 2442 1868 2485 hoc

186 2513 300 2553 venit
330 2512 513 2553 medicus
546 2513 774 2567 spiritualis
808 2514 894 2556 scil.
919 2515 1107 2556 dominus
1141 2519 1279 2556 noster
1310 2515 1448 2556 [hesus
1470 2514 1629 2556 Cristus
1661 2527 1754 2556 cum
1783 2514 1867 2556 suis
1907 2532 1911 2536 *

187 2582 400 2638 discipulis
440 2587 480 2625 et
510 2597 648 2625 veram
689 2585 933 2626 medicinam
975 2586 1168 2640 apposuit
1206 2586 1367 2640 quando
1400 2586 1641 2639 sanguinem
1675 2599 1790 2626 suum
1824 2585 1867 2626 in

187 2667 305 2695 cruce
337 2654 455 2695 fudit.
506 2654 572 2695 Sic
604 2655 730 2696 filium
765 2656 990 2698 formosum
1023 2657 1048 2698 i.
1074 2671 1106 2698 e.
1130 2671 1256 2710 genus
1285 2657 1507 2698 humanum
1543 2657 1593 2698 ad
1616 2656 1866 2697 voluntatem

188 2725 318 2779 patris
352 2725 534 2767 deduxit.
581 2725 698 2768 Unde
730 2731 893 2781 oportet
924 2732 969 2769 ut
1008 2728 1241 2783 philosophi
1274 2728 1358 2770 scil.
1393 2728 1559 2770 discreti
1591 2727 1868 2783 predicatores

191 2800 231 2837 et
261 2796 514 2838 confessores
548 2797 659 2838 ducti
691 2798 774 2838 sint
807 2799 857 2839 ad
886 2798 1202 2852 consulendum,
1236 2803 1281 2840 ut
1312 2800 1483 2853 quilibet
1512 2799 1631 2840 homo
1662 2798 1869 2840 nutriatur

190 2866 232 2907 in
265 2867 385 2908 domo
419 2867 687 2910 subterranea
718 2869 744 2909 i.
769 2882 802 2910 e.
833 2869 873 2910 in
909 2873 1050 2910 sancta
1088 2870 1260 2912 ecclesia
1296 2871 1520 2924 militante,
1559 2869 1655 2924 quia
1683 2869 1727 2910 in
1758 2873 1869 2911 terra

189 2936 261 2978 illa
305 2938 502 2979 fundatur
548 2939 590 2980 in
634 2953 714 2994 qua
758 2939 898 2989 lumen
937 2941 1131 2983 vanitatis
1169 2954 1252 2982 non
1290 2941 1430 2983 videat
1467 2954 1521 2983 sc.
1554 2940 1693 2982 lumen
1731 2940 1869 2982 divine
