1919 3157
851 83 934 123 655

60 186 154 237 post
192 196 281 225 eum
323 186 502 227 cucurrit
540 190 579 227 et
617 186 844 239 clamabat,
884 187 1000 229 Miles
1042 201 1228 230 reversus
1269 189 1318 230 ad
1359 203 1449 232 eum
1484 190 1597 233 illum
1631 204 1722 234 cum

59 251 198 294 lancea
229 254 461 308 perforabat
495 261 532 298 et
567 256 782 311 pallacium
818 259 986 300 intravit
1018 263 1057 300 et
1088 259 1146 300 sic
1180 260 1309 301 evasit
1341 266 1415 302 etc.

175 325 406 366 Moy-(ditas.
464 328 694 369 Κιιι·ί.»·,κ·ίυιι”.
755 329 978 384 Imperator
1011 335 1072 371 est
1103 330 1200 371 deus
1234 335 1371 372 noster
1404 332 1538 373 ihesus
1572 334 1720 375 cristus

57 394 125 448 qui
157 395 276 437 istam
311 396 439 450 legem
474 399 618 440 statuit
651 399 755 453 quod
790 401 1018 455 quicunqne
1053 406 1241 456 peccator
1282 402 1321 442 in
1362 416 1524 445 carcere
1565 405 1719 458 peccati

56 465 213 520 positus
261 474 367 510 esset
414 474 453 510 et
492 470 662 511 evadere
704 476 842 525 posset
880 485 952 526 per
992 472 1284 513 contricionem
1331 478 1370 514 et
1411 473 1460 514 ad
1502 474 1718 529 pallacium

55 535 223 578 ecclesie
255 537 393 591 fugere
433 539 569 581 salvus
606 547 732 594 esset,
771 542 842 584 sed
881 548 1016 583 custos
1056 543 1229 584 carceris
1261 543 1285 584 i.
1311 557 1343 585 e.
1378 544 1575 599 dyabolus
1614 546 1719 588 male

54 607 279 661 puniretur.
329 609 566 652 Philomena
588 616 650 653 est
671 612 769 653 deus
793 613 859 666 qui
883 627 955 655 nos
980 615 1018 655 in
1043 614 1151 655 omni
1175 613 1442 657 tribulacione
1465 617 1717 668 consolatum

52 682 190 732 portat
221 679 337 721 nobis
370 680 546 735 lapidem
587 683 610 723 i.
645 696 676 724 e.
709 683 898 735 cristam,
940 685 1170 739 quicunque
1209 684 1316 727 hunc
1354 685 1543 728 habuerit
1583 692 1719 743 potest

51 760 253 791 carcerem
288 749 462 804 effugere
496 757 536 794 et
567 753 617 794 ad
651 753 868 808 pallacium
903 755 974 796 ire.
1029 755 1071 797 Si
1104 759 1239 797 custos
1280 758 1453 798 carceris
1493 758 1518 799 i.
1551 772 1584 800 e.
1619 759 1717 814 dya-

51 818 166 861 bolus
197 825 237 862 te
268 822 452 876 sequitur
484 836 556 878 per
587 825 904 879 temptaciones,
939 838 1028 867 cum
1063 826 1204 869 lancea
1236 828 1466 882 penitencie
1497 842 1588 871 eum
1622 843 1715 885 per—

51 890 186 934 forare
219 891 352 934 debes.

714 1149 810 1204 251,
845 1163 946 1205 app.
969 1151 1040 1194 55.

160 1244 365 1288 Honorius
398 1249 585 1300 regnavit
615 1249 728 1292 dives
760 1250 889 1305 valde,
923 1252 991 1306 qui
1023 1252 1188 1294 unicum
1222 1252 1349 1295 filium
1384 1253 1559 1297 habehat
1590 1268 1710 1310 quem

44 1314 218 1364 multum
250 1317 406 1360 dilexit.
451 1318 579 1361 Fama
610 1321 728 1363 istius
762 1321 1025 1377 Imperatoris
1060 1336 1131 1378 per
1163 1324 1358 1366 mundum
1392 1325 1568 1378 volabat‚
1603 1326 1709 1380 quod

43 1386 85 1428 in
117 1388 305 1430 omnibus
339 1389 489 1444 probus
523 1396 611 1433 erat
642 1396 682 1434 et
707 1394 855 1447 justus.
891 1394 1046 1436 Tamen
1078 1399 1221 1437 contra
1251 1409 1377 1437 unum
1410 1410 1546 1450 regem
1579 1410 1709 1450 gwer-

42 1471 130 1500 ram
161 1458 338 1502 habebat
369 1464 409 1502 et
440 1475 530 1503 eum
564 1462 815 1507 devastabat.
864 1465 949 1507 Rex
983 1466 1061 1507 iste
1092 1479 1183 1507 cum
1217 1466 1368 1509 multas
1400 1468 1709 1523 persecuciones

41 1541 89 1571 ac
119 1529 299 1586 dampna
329 1531 490 1574 infinita
522 1532 572 1575 ab
605 1547 650 1576 eo
683 1537 924 1590 sustinebat,
957 1537 1120 1579 tandem
1155 1538 1380 1591 cogitabat:
1420 1543 1579 1581 tantum
1620 1540 1710 1581 uni-

40 1611 129 1641 cam
161 1600 285 1643 filiam
320 1602 447 1644 habeo
481 1609 522 1646 et
553 1604 814 1649 adversarius
846 1621 959 1649 meus
993 1609 1156 1650 unicum
1191 1609 1333 1650 filium.
1368 1609 1411 1652 Si
1433 1624 1507 1665 per
1529 1609 1708 1665 aliquam

40 1671 146 1713 viam
180 1672 306 1714 filiam
338 1687 468 1716 meam
503 1688 665 1730 possem
699 1676 782 1718 tilio
815 1692 887 1720 suo
920 1679 961 1720 in
995 1680 1301 1721 matrimonium
1327 1681 1532 1736 copulare,
1565 1695 1706 1737 pacem

39 1747 277 1798 perpetuam
311 1745 552 1800 optinerem.
587 1747 701 1789 Misit
732 1748 979 1804 sollempnes
1013 1751 1207 1793 nunccios
1240 1751 1291 1793 ad
1323 1751 1632 1807 Imperatorem,
1665 1757 1710 1795 ut

37 1813 179 1856 saltem
215 1815 251 1857 ei
288 1819 483 1869 trewgam
523 1818 573 1859 ad
606 1823 767 1874 tempus
799 1821 1057 1875 concederet,
1098 1822 1205 1876 quod
1236 1835 1326 1864 cum
1361 1836 1407 1865 eo
1439 1823 1709 1878 personaliter

36 1883 147 1939 loqui
179 1891 329 1941 posset.
364 1887 590 1943 Imperator
623 1889 758 1932 habito
792 1892 959 1933 consilio
995 1898 1189 1947 trewgam
1223 1894 1342 1935 unius
1374 1895 1468 1935 anni
1492 1896 1705 1937 concessit.

35 1955 121 1998 Rex
153 1970 248 1999 vero
280 1959 551 2013 personaliter
583 1961 633 2002 ad
666 1975 755 2003 eum
789 1964 960 2005 accessit
992 1968 1033 2006 et
1063 1963 1188 2006 filiam
1222 1965 1308 2019 ejus
1340 1964 1422 2007 filio
1447 1979 1519 2007 suo
1543 1967 1703 2022 optulit.

34 2027 91 2069 At
121 2028 218 2070 iste:
260 2028 349 2070 Non
381 2029 526 2072 faciam
560 2032 639 2073 nisi
673 2032 750 2074 dno
785 2033 968 2076 habeam.
1026 2034 1160 2077 Primo
1193 2040 1239 2077 ut
1270 2040 1341 2077 tua
1371 2035 1457 2078 filia
1489 2037 1543 2079 sit
1573 2038 1701 2092 virgo.

34 2096 218 2140 Secundo
251 2104 296 2141 ut
327 2104 420 2155 post
449 2101 658 2144 decessum
693 2108 808 2146 tuum
840 2109 970 2147 totum
1005 2120 1175 2160 regnum
1208 2111 1324 2148 tuum
1355 2106 1438 2149 filio
1463 2121 1552 2150 meo
1578 2109 1702 2152 desti-

33 2172 164 2210 netur.
210 2170 267 2211 At
298 2170 387 2213 ille:
420 2171 530 2215 Bene
562 2173 697 2228 placet
727 2175 840 2217 mihi.
877 2175 1024 2219 Statim
1058 2178 1107 2219 de
1139 2178 1413 2221 convencione
1445 2183 1559 2221 carta
1590 2180 1702 2234 sigil-

31 2238 116 2282 lata
154 2244 226 2282 est.
282 2240 367 2283 Rex
406 2243 496 2285 vale
527 2243 768 2298 Imperatori
805 2247 913 2289 fecit.
969 2247 1071 2290 Cum
1113 2252 1248 2291 autem
1288 2249 1338 2291 ad
1370 2263 1541 2303 regnum
1583 2264 1700 2294 suum

31 2315 200 2353 venerat
236 2325 382 2354 navem
421 2315 557 2368 parari
593 2316 688 2358 fecit
725 2318 820 2371 quia
858 2323 1066 2373 oporteret
1103 2323 1148 2361 ut
1179 2318 1264 2361 filia
1295 2333 1369 2361 sua
1400 2334 1474 2375 per
1505 2334 1617 2364 mare
1651 2322 1700 2364 ad

30 2380 324 2437 Imperatorem
367 2385 574 2427 transiret.
635 2386 762 2430 Facta
805 2402 910 2431 nave
954 2393 994 2431 et
1040 2389 1227 2432 omnibus
1264 2391 1505 2433 necessariis
1544 2393 1700 2448 paratis

30 2452 166 2507 puella
206 2454 377 2496 intravit
416 2455 568 2498 habens
605 2457 841 2500 thesaurum
882 2473 1019 2502 secum
1058 2461 1099 2502 in
1132 2474 1281 2514 magna
1311 2463 1429 2517 copia
1465 2475 1513 2504 ac
1548 2463 1700 2507 milites

30 2524 208 2578 quinque
240 2538 331 2567 cum
364 2525 607 2569 dominabus
630 2532 670 2570 et
691 2530 862 2572 ancillis.
911 2529 1012 2572 Cum
1046 2535 1182 2573 autem
1213 2545 1287 2587 per
1309 2546 1422 2575 mare
1444 2534 1697 2588 navigarent,

29 2598 116 2636 cete
137 2595 290 2648 grande
322 2597 380 2638 eis
412 2598 650 2640 occurrebat
681 2600 722 2641 in
745 2614 857 2643 mare
889 2605 929 2642 et
950 2614 1095 2643 navem
1127 2602 1328 2655 deglutire
1351 2603 1523 2646 volebat.
1567 2604 1699 2647 Naute

29 2663 105 2707 hoc
149 2666 423 2722 percipientes
468 2668 695 2711 timuerunt
736 2670 854 2712 valde
900 2675 940 2713 et
985 2673 1178 2727 precipue
1219 2673 1366 2728 puella.
1429 2674 1562 2717 Naute
1602 2689 1697 2718 vero

27 2735 164 2788 ignem
210 2737 418 2792 copiosum
465 2739 650 2782 fecerunt
695 2745 736 2782 et
777 2741 842 2783 die
885 2755 932 2783 ac
970 2747 1087 2785 nocte
1125 2743 1361 2797 vigilabant.
1430 2745 1509 2788 Sed
1549 2747 1698 2789 accidit

28 2811 122 2861 post
161 2807 340 2850 triduum
383 2809 489 2862 quod
528 2809 625 2852 fessi
665 2815 782 2852 erant
820 2817 988 2867 propter
1026 2826 1195 2867 magnas
1228 2816 1388 2868 vigilias
1427 2816 1693 2860 dormierunt.

27 2875 124 2919 Cete
170 2878 303 2920 subito
350 2892 494 2921 navem
535 2893 626 2922 curn
666 2882 853 2924 omnibus
892 2884 1093 2925 contentis
1133 2885 1361 2939 deglutivit.
1439 2886 1581 2930 Puella
1601 2901 1693 2930 cum

8 2947 229 2991 'intellexit
259 2950 365 3004 quod
398 2951 438 2992 in
473 2956 613 2993 ventre
644 2953 722 2994 ceti
754 2957 875 3007 esset,
906 2954 1068 2996 fortiter
1099 2955 1314 2999 clamabat.
1370 2957 1436 2999 Ad
1468 2958 1581 3012 cujus
1612 2959 1694 3002 cla-
