1919 3157
843 66 929 106 425

49 172 134 213 viso
166 177 396 228 serpentem
433 175 562 227 juvit.
604 176 792 218 bufonem
833 179 1014 230 graviter
1054 179 1303 230 vulneravit,
1345 183 1475 223 evasit.
1512 187 1552 224 et
1584 182 1720 235 fugam

47 244 217 299 accepit,
252 249 387 285 tamen
422 258 494 299 per
517 246 706 288 bufonem
733 247 969 289 vulneratus
1002 250 1180 302 graviter
1214 256 1301 292 erat
1332 253 1461 294 miles.
1506 253 1558 294 Et
1582 254 1722 295 videns

47 312 164 355 miles
197 313 246 355 de
279 328 381 368 equo
414 314 642 361 descendit.
687 332 883 360 venenum
925 319 1086 361 bufonis
1120 321 1158 361 in
1193 321 1359 364 vulnere
1392 324 1477 376 ejus
1512 325 1720 366 remansit.

48 383 164 426 Miles
197 384 305 426 domi
341 387 521 440 perrexit
555 393 591 428 et
627 388 745 441 longo
768 394 951 444 tempore
986 391 1024 431 in
1048 390 1287 434 infirmitate
1311 393 1488 435 vulneris
1512 397 1720 448 remansit,

46 459 334 497 testamentum
369 470 485 498 suum
521 459 700 501 condidit
732 465 771 501 et
794 460 842 501 ad
867 466 1038 502 mortem
1065 476 1106 504 se
1130 464 1303 517 paravit.
1353 464 1453 506 Cum
1480 479 1572 506 vero
1596 466 1721 508 semel
1746 472 1762 504 ἴ

39 526 164 579 juxta
195 527 328 579 ignem
356 527 574 581 jacuisset,
615 531 730 583 ‹piasi
763 531 812 572 de
846 532 929 572 vita
961 546 1034 573 sua
1071 533 1333 588 desperatus,
1372 549 1561 590 serpens,
1602 550 1718 590 quem

46 609 69 637 a
90 601 222 638 morte
244 597 432 645 salvavit,
457 599 638 641 intravit.
689 601 803 643 Servi
830 603 1012 644 videntes
1036 609 1268 659 serpentem
1292 605 1506 648 dixerunt:
1531 607 1719 661 Domine,

45 667 209 721 quidam
233 681 402 724 serpens
434 669 615 712 intravit.
664 672 780 715 Miles
804 687 893 715 cum
918 673 1031 715 illum
1057 677 1252 731 respexit,
1286 678 1451 730 agnovit
1474 692 1580 731 eum,
1614 679 1720 733 quod

44 751 212 794 serpens
245 738 313 782 ille
346 745 445 793 erat,
480 755 553 796 pro
576 743 690 796 cujus
713 744 948 787 defensione
981 745 1151 788 vulnera
1179 751 1218 788 et
1237 749 1375 790 omnia
1396 748 1505 804 mala
1527 751 1719 804 suscepit.

43 807 162 851 Miles
195 810 272 852 ait:
312 810 448 853 Nolite
487 826 576 854 eum
619 814 829 870 impedire.
894 815 1024 858 Credo
1065 818 1172 871 quod
1212 818 1367 860 nullum
1411 820 1564 861 malum
1597 821 1720 863 michi

42 879 178 923 faciat.
249 880 427 937 Serpens
467 897 561 925 vero
603 898 741 927 coram
784 887 972 929 omnibus
1012 888 1062 929 ad
1103 902 1193 930 eum
1235 890 1407 932 accessit
1449 895 1488 932 et
1520 905 1717 934 venenum

44 951 224 994 vulneris
257 965 350 995 cum
382 953 522 1007 lingua
554 957 756 999 succinxit
789 972 1000 1013 quousque
1033 973 1077 1000 os
1102 959 1264 1014 plenum
1300 960 1521 1003 habuisset.
1572 962 1719 1005 Statim

43 1027 161 1064 extra
199 1023 364 1065 domum
406 1027 586 1068 cucurrit
627 1032 667 1069 et
705 1042 905 1071 venenum
949 1034 1065 1071 extra
1106 1044 1148 1073 se
1192 1032 1383 1086 projecit,
1426 1033 1548 1075 rediit
1589 1038 1629 1076 et
1669 1036 1718 1076 ad

45 1093 192 1135 vulnus
231 1094 378 1137 iterato
411 1098 582 1139 accessit
615 1098 675 1140 bis
709 1099 771 1141 vel
811 1104 891 1153 ter,
933 1115 1143 1156 quousque
1175 1106 1302 1144 totum
1339 1117 1535 1145 venenum
1570 1105 1718 1148 hausit.

42 1163 130 1207 Hoc
159 1165 268 1207 facto
301 1166 419 1208 miles
452 1170 633 1223 serpenti
666 1170 728 1212 lae
769 1171 819 1213 ad
853 1172 1072 1214 bibendum
1113 1173 1235 1215 dedit.
1299 1173 1401 1216 Cum
1442 1189 1536 1217 vero
1570 1177 1628 1218 sie
1659 1177 1718 1219 bi-

42 1234 189 1290 bisset,
226 1236 321 1279 bufo
354 1251 379 1279 a
411 1252 489 1292 quo
523 1240 639 1282 miles
673 1241 819 1284 vulnus
853 1244 1008 1298 recepit
1039 1244 1210 1285 intravit
1241 1249 1281 1286 et
1311 1250 1453 1287 contra
1485 1252 1716 1302 serpentem

41 1320 225 1361 pugnare
256 1308 429 1364 incepit,
463 1323 507 1351 ac
541 1311 574 1351 si
608 1316 715 1353 esset
747 1313 787 1353 in
820 1313 1067 1368 vindictam,
1108 1315 1214 1369 quod
1248 1329 1416 1371 serpens
1448 1317 1620 1360 militem
1655 1332 1718 1361 sa-

41 1378 166 1420 navit.
223 1378 339 1422 Miles
372 1394 463 1422 cum
498 1381 569 1423 hee
603 1383 785 1437 vidisset,
819 1385 877 1427 ait
907 1387 1036 1427 servis
1069 1387 1176 1427 suis:
1215 1386 1442 1441 Carissimi,
1475 1389 1563 1431 sine
1594 1390 1717 1432 dubio

40 1449 119 1491 iste
150 1453 211 1492 est
243 1450 359 1505 bufo,
398 1465 516 1506 quem
555 1451 767 1496 vulneravi
799 1469 873 1510 pro
906 1456 1142 1499 defensione
1175 1458 1294 1500 istius
1326 1460 1549 1514 serpentis,
1583 1474 1607 1502 a
1638 1475 1716 1516 quo

40 1520 180 1563 omnia
209 1522 320 1564 mala
350 1524 499 1579 recepi.
558 1523 600 1566 Si
633 1530 864 1581 serpentem
899 1527 1109 1581 devincat,
1149 1542 1214 1570 me
1245 1529 1433 1584 invadet,
1467 1535 1508 1573 et
1537 1531 1649 1585 ideo,
1683 1533 1716 1574 si

40 1592 164 1634 vitam
189 1606 322 1635 meam
346 1594 530 1649 diligitis,
554 1596 669 1638 illum
693 1597 734 1638 in
758 1598 984 1640 continenti
1008 1599 1216 1641 occidatis.
1267 1599 1384 1642 Servi
1406 1601 1481 1644 hoc
1504 1603 1716 1646 audientes

38 1675 131 1704 eum
161 1663 309 1717 gladiis
342 1669 383 1706 et
411 1665 588 1708 fustibus
620 1667 735 1709 illum
769 1669 1024 1722 occiderunt3
1067 1684 1236 1726 serpens
1269 1685 1363 1714 vero
1396 1674 1512 1727 quasi
1545 1675 1716 1730 applau-

39 1734 171 1776 dendo
205 1738 245 1777 et
276 1737 543 1790 regraciando
576 1739 767 1782 hincinde
799 1741 908 1783 eirca
931 1741 1054 1796 pedes
1078 1741 1233 1783 domini
1256 1756 1299 1785 se
1321 1745 1523 1786 convertit
1544 1751 1584 1787 et
1604 1746 1715 1788 foras

40 1805 187 1858 exivit3
219 1806 338 1849 miles
370 1821 465 1850 vero
498 1810 720 1864 perfectam
755 1812 973 1853 sanitatem
1007 1814 1278 1868 recuperavit.

159 1875 248 1932 [79]
284 1876 517 1932 Carissimi,
560 1880 784 1936 imperator
823 1883 900 1924 iste
934 1886 996 1924 est
1028 1887 1144 1938 pater
1176 1884 1358 1939 celestis,
1401 1887 1518 1928 miles
1551 1891 1613 1929 est
1644 1888 1748 1930 do-·

38 1948 173 1990 minus
204 1954 344 1991 noster
377 1950 516 1992 Ihesus
549 1950 757 2007 Christus,
797 1953 892 1995 bufo
933 1954 1140 2008 diabolus,
1182 1969 1350 2011 serpens
1389 1957 1530 2012 homo,
1570 1963 1610 2000 et
1641 1959 1715 2001 hoc

38 2024 207 2075 propter
246 2020 338 2063 duo.
395 2020 572 2077 Serpens
614 2027 749 2078 potest
783 2024 863 2066 dici
903 2025 1044 2079 homo,
1086 2027 1217 2081 primo
1258 2031 1427 2083 propter
1460 2030 1615 2083 peccati
1649 2044 1715 2072 ve-

36 2103 209 2145 nenum,
257 2097 298 2134 et
337 2097 507 2148 propter
547 2094 775 2137 antidotum
815 2108 862 2137 ac
900 2096 1119 2150 imaginem
1164 2097 1338 2152 Christi,
1388 2113 1508 2153 quam
1559 2105 1714 2156 portat3

37 2161 157 2204 homo
199 2164 307 2205 enim
347 2168 490 2206 eontra
528 2165 733 2207 diabolum
774 2166 897 2209 habet
943 2181 1147 2222 pugnare,
1195 2170 1310 2224 quia:
1360 2170 1449 2212 Non
1496 2175 1558 2213 est
1596 2172 1713 2226 alius,

38 2233 106 2287 qui
146 2239 301 2289 pugnet
339 2249 413 2290 pro
460 2235 598 2289 nobis,
646 2237 725 2278 nisi
773 2241 817 2279 tu
863 2238 963 2280 deus
1009 2243 1162 2282 noster.
1225 2240 1395 2290 Quando
1443 2255 1538 2284 vero
1581 2247 1711 2285 totum

36 2317 163 2358 genus
195 2305 419 2347 humanum
451 2310 620 2362 propter
651 2312 863 2362 peccatum
898 2310 1021 2364 primi
1055 2312 1237 2365 parentis
1270 2317 1358 2354 erat
1389 2313 1711 2368 suppeditatum,

36 2373 225 2418 Christus
257 2390 331 2432 pro
364 2377 482 2420 nobis
514 2379 714 2433 pugnavit
745 2384 785 2422 et
816 2380 1025 2422 diabolum
1064 2384 1293 2437 superavit,
1337 2388 1377 2425 et
1412 2384 1502 2439 ipse
1532 2385 1713 2437 graviter

37 2446 296 2501 vulneratus,
328 2462 410 2490 non
442 2453 602 2491 tantum
636 2450 676 2491 in
708 2464 788 2492 uno
821 2451 929 2505 loeo,
963 2452 1034 2494 sed
1066 2452 1106 2494 in
1141 2454 1295 2508 multis,
1328 2455 1436 2496 unde
1467 2455 1711 2510 infirmatur,

35 2516 132 2560 lieet
168 2532 251 2560 non
283 2519 324 2561 in
367 2533 432 2573 se,
472 2524 608 2562 tamen
650 2521 691 2562 in
733 2523 817 2564 suis
858 2523 1066 2564 membris.
1123 2523 1176 2565 Et
1214 2524 1304 2567 ideo
1342 2525 1462 2567 homo
1503 2527 1534 2567 si
1568 2530 1710 2581 gratus

35 2587 176 2642 fueris,
213 2589 336 2632 debes
369 2604 569 2632 venenum
604 2591 653 2634 ab
686 2606 732 2634 eo
765 2593 1000 2646 extrahere,
1034 2593 1189 2637 scilicet
1219 2595 1502 2639 infirmitatem
1534 2601 1574 2639 et
1604 2599 1710 2641 indi-

35 2660 220 2713 genciam
269 2674 292 2702 a
338 2662 422 2703 suis
469 2661 674 2716 expellere
721 2677 794 2718 per
840 2677 965 2719 opera
1010 2665 1311 2720 misericordie,
1360 2668 1466 2709 sieut
1511 2669 1709 2724 seriptum

35 2728 179 2773 Matth.
212 2745 279 2774 111:
324 2731 439 2782 Quod
479 2747 527 2775 ex
566 2733 749 2775 minimis
788 2734 964 2787 fecistis,
1005 2735 1127 2777 michi
1166 2737 1334 2780 fecistis.
1394 2738 1437 2780 Si
1480 2752 1573 2781 vero
1613 2739 1707 2782 bufo

35 2801 197 2855 redeat,
236 2807 282 2844 ut
313 2803 387 2845 tibi
419 2808 582 2857 noceat,
625 2804 798 2847 viriliter
829 2811 972 2848 eontra
1003 2820 1094 2848 eum
1130 2822 1311 2862 pugnare
1343 2809 1485 2862 debeS,
1529 2814 1569 2852 et
1600 2811 1708 2853 servi

36 2870 100 2914 dei
133 2873 219 2915 soil.
253 2873 358 2916 bone
389 2875 581 2928 virtuteS,
622 2888 722 2929 quas
762 2876 804 2918 in
837 2877 1041 2932 baptismo
1080 2880 1293 2934 recepisti,
1334 2884 1373 2921 te
1405 2880 1628 2934 juvabunt3
1668 2886 1708 2924 et

21 2941 94 2985 ‚sie
125 2943 331 2986 diabolum
363 2946 577 3001 superabis
610 2950 650 2988 et
682 2947 807 2989 vitam
842 2952 1025 2990 eternam
1059 2949 1240 3005 habebis,
1274 2951 1324 2992 ad
1357 2964 1479 3006 quam
1513 2955 1588 2994 ete.

1749 825 1790 859 10

1749 1185 1788 1219 15

1742 1541 1787 1575 20

1737 2253 1782 2287 30

1733 2608 1778 2642 35
