1929 3162
981 69 1066 110 304

179 172 341 227 quando
372 174 482 214 non?
528 173 586 214 At
615 172 705 215 ille:
746 173 980 228 Numquam
1013 173 1155 214 nidum
1189 172 1378 226 dimittit,
1420 172 1498 214 nisi
1531 177 1701 228 propter
1732 187 1856 216 unam

179 257 359 285 causam.
406 242 482 285 Est
514 243 620 285 enim
655 243 734 286 alia
767 244 875 298 avis,
910 257 986 298 que
1019 247 1081 286 est
1111 243 1280 285 inimica
1311 243 1420 297 ejus,
1454 257 1531 298 que
1563 243 1629 286 die
1662 257 1709 286 ac
1739 248 1858 287 nocte

177 314 358 367 laborat,
391 317 436 355 ut
469 314 554 368 ejus
587 314 729 356 nidum
760 315 872 356 fedet
903 328 950 357 ac
983 329 1060 357 ova
1091 315 1176 369 ejus
1211 314 1346 357 violet.
1404 314 1505 356 Avis
1538 328 1654 369 vero,
1688 328 1765 370 que
1797 318 1859 358 est

177 385 220 426 in
252 384 362 437 nido,
395 398 485 427 cum
519 385 669 427 viderit
702 384 771 439 [17
785 385 823 440 b]
860 399 937 428 ova
968 386 1106 428 fedata
1139 389 1209 427 aut
1239 386 1380 427 nidum
1405 385 1683 440 deturpatum,
1716 386 1857 428 statim

131 462 153 496 5
180 460 297 498 extra
328 455 470 498 nidum
502 470 575 512 pre
608 457 747 498 dolore
775 457 886 498 volat
908 460 948 499 et
970 461 1066 499 tunc
1087 471 1201 499 mare
1225 457 1489 512 perturbatur
1511 460 1552 499 et
1574 461 1718 499 ventus
1742 456 1860 499 valde

177 528 431 582 impetuosus
465 528 680 569 excitatur.
728 527 783 570 Et
814 527 926 570 nullo
959 529 1080 570 modo
1113 532 1210 570 tunc
1242 528 1439 583 temporis
1473 528 1524 569 ad
1557 541 1670 570 mare
1701 528 1859 570 intran-

177 598 273 640 dum
306 598 503 640 festinare
536 599 705 641 debetis.
754 599 811 640 At
842 599 923 641 illi:
958 599 1149 653 Domine,
1183 603 1224 641 et
1253 599 1359 654 quod
1385 599 1610 641 remedium
1635 599 1787 654 poterit
1808 599 1859 641 ad

176 669 253 712 hoc
283 668 392 724 fieri,
426 670 534 724 quod
567 671 676 723 avis,
711 684 788 724 que
821 675 882 712 est
914 671 1101 724 inimica,
1134 684 1216 712 non
1250 670 1556 725 appropinquat
1587 670 1683 712 nido
1716 683 1788 712 suo
1821 673 1861 712 et

177 741 235 783 sic
274 755 346 796 per
386 754 639 796 consequens
672 743 898 796 poterimus
932 756 1073 784 secure
1104 742 1307 783 transire?
1361 742 1418 783 At
1449 741 1538 783 ille:
1578 741 1669 783 Non
1701 745 1764 784 est
1794 754 1859 784 res

109 817 152 852 10
178 812 252 854 sub
285 812 384 866 celo,
419 826 541 867 quam
574 813 646 855 illa
677 814 778 867 avis,
813 827 890 868 que
923 817 984 856 est
1016 814 1197 866 inimica,
1232 815 1390 854 tantum
1425 813 1523 866 odit,
1557 813 1663 855 sicut
1695 813 1858 866 sangui-

176 897 271 926 nem
305 884 413 937 agni.
465 884 617 925 Nidum
652 885 832 927 exterius
866 890 906 928 et
937 886 1110 927 interius
1142 898 1231 926 cum
1267 884 1376 926 dicto
1410 884 1608 938 sanguine
1641 884 1860 940 aspergite,

178 959 218 997 et
251 955 447 1009 quamdiu
479 955 535 997 ibi
569 959 686 1009 gutta
718 971 799 998 una
830 957 940 998 illius
971 956 1183 1010 sanguinis
1206 960 1432 1010 remaneat,
1465 956 1565 1010 avis,
1600 969 1678 1010 que
1700 959 1762 998 θεῖ
1782 955 1860 997 ini-

177 1026 304 1080 mica,
345 1040 567 1080 numquam
610 1027 733 1069 audet
763 1028 860 1070 nido
893 1028 979 1082 ejus
1013 1027 1369 1083 appropinquare,
1409 1031 1450 1069 et
1480 1027 1539 1069 sic
1571 1026 1658 1069 avis
1689 1027 1733 1068 in
1764 1026 1860 1068 nido

177 1111 250 1139 suo
289 1097 518 1139 remanebit
557 1102 596 1140 et
635 1101 732 1141 tunc
771 1113 884 1141 mare
923 1100 1002 1142 erit
1040 1099 1083 1140 in
1124 1098 1348 1154 tranquilla
1384 1112 1485 1154 pace
1517 1102 1557 1140 et
1588 1098 1777 1154 poteritis
1810 1097 1861 1140 ad

109 1174 152 1208 15
176 1172 331 1210 terram
373 1173 556 1211 sanctam
598 1171 776 1212 transire
813 1175 853 1213 et
884 1183 1026 1213 secure
1056 1170 1203 1212 redire.
1260 1170 1344 1212 Ista
1374 1170 1587 1212 audientes
1618 1169 1861 1223 sanguinem

178 1240 274 1293 agni
316 1244 564 1295 acceperunt
603 1245 643 1283 et
683 1242 826 1283 nidum
863 1242 1038 1284 interius
1077 1246 1117 1284 et
1158 1241 1338 1283 exterius
1382 1255 1472 1283 cum
1515 1241 1621 1283 dicto
1663 1241 1862 1295 sanguine

178 1311 453 1367 aspergebant
491 1315 532 1354 et
570 1312 623 1354 ad
664 1317 818 1355 terram
851 1317 1035 1355 sanctam
1068 1317 1341 1368 perrexerunt
1373 1316 1414 1355 et
1444 1313 1533 1354 sani
1566 1315 1607 1354 et
1637 1311 1861 1354 incolumes

177 1382 388 1425 redierunt
427 1397 581 1426 omnes.
645 1384 874 1440 Imperator
915 1385 1079 1439 videnS,
1119 1385 1226 1439 quod
1268 1385 1407 1426 omnia
1445 1383 1617 1437 negocia
1647 1387 1733 1425 tam
1764 1397 1862 1439 pru-

179 1454 322 1496 denter
355 1455 684 1510 adimplevisset,
725 1470 818 1498 eum
852 1456 904 1498 ad
936 1456 1131 1498 miliciam
1164 1460 1204 1498 et
1236 1456 1407 1498 divicias
1439 1469 1610 1509 magnas
1642 1455 1860 1511 promovit.

108 1531 153 1565 20
299 1524 597 1583 [Applieacw]
658 1526 893 1581 Carissimi,
931 1527 1158 1583 imperator
1198 1527 1275 1569 iste
1315 1531 1376 1569 est
1415 1531 1533 1582 pater
1571 1526 1753 1581 celestis,
1793 1526 1863 1581 qui

177 1596 311 1650 legem
351 1598 500 1652 edidit,
542 1602 588 1640 ut
627 1598 873 1653 quicumque
914 1602 997 1641 tres
1029 1599 1133 1641 ictus
1167 1599 1209 1640 in
1242 1601 1362 1654 porta
1394 1598 1555 1641 dederit
1586 1598 1741 1641 scilicet
1772 1611 1863 1640 ora-

178 1669 337 1711 cionem
363 1670 569 1723 jejunium
603 1674 643 1712 et
676 1670 976 1725 elemosynam,
1014 1671 1057 1712 in
1089 1670 1261 1712 introitu
1294 1669 1463 1712 ecclesie
1496 1669 1713 1712 militantis
1744 1669 1862 1712 miles

180 1741 329 1795 poterit
360 1754 449 1783 esse
481 1744 521 1783 et
553 1755 626 1796 per
659 1755 912 1797 consequens
945 1742 1073 1784 vitam
1097 1745 1281 1783 eternam
1305 1741 1500 1784 obtinere.
1549 1741 1682 1785 Guido
1705 1755 1863 1797 pauper

177 1815 315 1867 potest
347 1812 427 1854 dici
460 1812 631 1866 quilibet
663 1813 783 1855 homo
816 1828 974 1869 pauper
1007 1818 1047 1856 et
1077 1813 1211 1855 nudus
1244 1813 1293 1855 de
1326 1816 1440 1855 utero
1464 1814 1610 1856 matris
1632 1827 1704 1856 sue
1726 1827 1862 1868 egres-

109 1892 153 1926 25
179 1897 267 1938 sus,
310 1883 408 1938 quid
449 1884 520 1925 dat
558 1888 642 1926 tres
682 1885 787 1926 ictus
825 1885 865 1926 in
900 1884 1069 1927 ecclesie
1102 1888 1234 1940 porta,
1269 1884 1430 1939 quando
1463 1885 1714 1941 baptismum
1745 1885 1861 1941 petit.

178 1954 296 1997 Unde
337 1955 510 2009 quilibet
555 1955 804 1998 christianus
854 1957 927 1998 deo
976 1957 1183 2012 promittit
1221 1970 1293 1998 sex
1333 1956 1572 1999 ministeriis
1612 1957 1860 1999 ministrare.

178 2025 361 2068 Primum
405 2030 466 2069 est
504 2027 711 2069 custodire
751 2042 900 2083 corpus
940 2029 1139 2084 principis
1180 2028 1207 2069 i.
1232 2042 1264 2070 e.
1310 2027 1477 2070 Christi.
1540 2028 1595 2071 Et
1634 2027 1862 2083 quomodo?

180 2096 294 2139 Sicut
325 2098 422 2140 fecit
453 2097 600 2140 Guido.
653 2098 793 2141 Primo
828 2099 949 2142 debet
982 2113 1070 2142 esse
1103 2103 1271 2141 ornatus
1305 2099 1422 2141 bonis
1448 2099 1682 2154 virtutibus,
1714 2113 1766 2142 ne
1788 2099 1862 2142 ali-

179 2182 259 2222 qua
290 2171 512 2224 temptacio
544 2171 673 2212 intret
704 2184 911 2213 cameram
935 2171 1068 2212 cordis
1092 2171 1151 2212 tui
1174 2174 1214 2212 et
1236 2170 1417 2212 offendat
1439 2170 1650 2213 dominum
1674 2175 1863 2213 nostrum

110 2250 155 2283 30
180 2239 344 2281 Ihesum
374 2239 596 2284 Christum.
650 2242 705 2284 Et
735 2256 908 2297 parvum
942 2242 1173 2284 caniculum
1207 2242 1309 2284 bene
1339 2241 1560 2284 latrantem
1592 2242 1744 2285 habeas
1776 2242 1802 2284 i.
1827 2256 1860 2284 e.

180 2311 478 2354 conscienciam
520 2327 684 2367 sanam,
727 2328 804 2368 que
845 2314 1036 2356 continue
1076 2317 1219 2355 contra
1252 2313 1358 2355 vicia
1388 2317 1631 2356 murmurat.
1684 2313 1740 2356 Et
1770 2313 1862 2356 ideo

180 2382 281 2425 dicit
312 2383 542 2438 apostolus:
586 2384 737 2438 Omne,
772 2385 879 2440 quod
910 2385 957 2427 fit
988 2388 1133 2427 contra
1163 2385 1483 2439 conscienciam,
1517 2384 1680 2428 edificat
1711 2384 1762 2427 ad
1794 2398 1863 2439 ge-

179 2453 369 2496 hennam.
425 2454 657 2498 Secundum
690 2460 764 2510 est,
797 2457 948 2499 lectum
980 2456 1115 2499 cordis
1148 2455 1251 2498 bene
1283 2470 1506 2512 preparare
1534 2469 1608 2511 per
1629 2470 1755 2512 opera
1787 2456 1863 2498 mi-

182 2526 425 2580 sericordie,
466 2527 738 2570 lintheamina
775 2531 935 2570 mutare
967 2528 992 2569 i.
1018 2541 1050 2570 e.
1086 2527 1191 2569 vicia
1222 2528 1265 2569 in
1296 2528 1468 2570 virtutes
1500 2527 1667 2569 omnino
1699 2527 1862 2570 variare
1889 2562 1896 2566 c

111 2604 156 2638 35
182 2600 222 2639 et
253 2597 394 2639 sordes
426 2602 688 2654 peccatorum
722 2599 861 2641 lavare
893 2613 968 2654 per
1001 2598 1135 2641 cordis
1168 2599 1460 2641 contricionem
1485 2602 1526 2641 et
1546 2612 1752 2642 cameram
1775 2612 1862 2641 cor—

182 2669 244 2711 dis
276 2669 339 2711 tui
371 2683 532 2725 semper
565 2670 760 2712 mundam
794 2670 1014 2724 custodire,
1048 2673 1092 2711 ut
1123 2669 1249 2712 nichil
1281 2669 1461 2712 offendat
1492 2668 1630 2711 oculos
1662 2669 1862 2725 principis

183 2739 268 2782 scil.
300 2741 483 2796 corporis
530 2740 686 2782 domini
724 2742 854 2783 nostri
892 2741 1013 2784 lhesu
1052 2740 1225 2795 Christi,
1274 2742 1338 2783 cui
1385 2741 1548 2796 corpori
1593 2745 1634 2783 te
1672 2741 1862 2794 obligasti

183 2811 334 2853 munde
365 2811 584 2865 custodire,
622 2810 708 2866 [18]
745 2812 891 2854 deinde
924 2813 986 2855 bis
1019 2813 1062 2854 in
1094 2812 1322 2855 ebdomada
1352 2811 1477 2867 pedes
1509 2811 1648 2854 lavare
1680 2811 1765 2854 scil.
1790 2825 1863 2867 per

183 2882 478 2924 confessionem
521 2886 562 2924 et
599 2882 922 2926 satisfactionem
964 2888 1004 2926 et
1044 2898 1117 2939 per
1158 2884 1285 2926 bonas
1326 2882 1561 2925 affectiones
1608 2882 1646 2925 ei
1685 2882 1860 2937 plaeere.

277 2963 319 2997 21
346 2963 398 3007 ut]
428 2969 512 3009 oriy.
531 2965 578 2997 et.
