1954 3137
202 1085 267 1127 10.

201 1228 266 1269 11.

201 1299 266 1340 12.

201 1441 266 1482 13.

202 1583 267 1624 14.

201 1653 267 1696 15.

202 1727 266 1768 16.

201 1869 266 1910 17.

201 1940 267 1981 18.

202 2082 266 2124 19.

200 2225 268 2267 20.

199 2296 269 2338 21.

200 2367 267 2409 22.

200 2511 269 2552 23.

201 2652 269 2693 24.

201 2722 269 2764 25.

202 2865 270 2906 26.

997 58 1078 99 128

316 161 546 215 Gorgonius
585 162 773 215 regnavit
810 162 850 203 in
891 162 1057 205 civitate
1095 176 1279 204 romana.
1337 162 1479 213 (Vater
1520 163 1678 217 heilen,
1719 166 1871 206 mutter

316 233 459 284 nicht.)
506 232 577 275 lat.
604 233 698 275 112.

314 304 511 359 Adonyas
543 305 732 357 regnavit
763 304 876 347 dives
910 303 1039 346 valde.
1090 304 1311 356 (Turnier.)
1358 303 1428 346 lat.
1458 306 1551 346 113.

315 374 377 416 De
422 388 518 428 rege
559 378 599 417 et
636 374 719 417 filio
761 376 889 431 pigro.
955 374 1165 417 Gollenius
1204 375 1246 416 in
1285 375 1451 418 civitate
1491 374 1708 418 babilonie.
1772 374 1872 427 (Der

314 444 494 496 faulste.)
541 445 611 487 lat.
636 447 704 488 91.

316 515 379 557 De
411 515 601 558 basilisco
625 520 665 559 et
686 517 864 572 speculo.
910 516 1146 559 Alexander
1169 517 1369 571 regnavit.
1416 516 1641 569 (Basilisk.)
1685 517 1757 560 lat.
1776 518 1871 560 139.

315 586 377 628 De
409 587 566 629 ciconia
599 588 841 631 adulterata.
890 587 1065 638 Quidam
1097 588 1215 630 miles
1247 589 1336 630 fuit.
1386 587 1626 640 (Storchin.)
1673 588 1744 630 lat.
1769 589 1836 631 82.

259 690 267 699 .
315 657 378 700 De
417 658 682 714 sarcophago.
738 658 908 713 Legitur
946 659 995 701 de
1037 659 1215 715 quodam
1253 659 1515 715 imperatore.
1569 658 1872 716 (Sarkophag.)

316 728 385 771 lat.
413 730 478 771 16.

314 799 377 842 De
406 800 594 856 principe
616 801 685 856 qui
707 801 895 844 inimicos
917 802 1172 844 intoxicavit.
1214 801 1276 844 De
1299 801 1477 856 quodam
1499 801 1697 857 principe.
1739 800 1873 854 (Wein

315 871 536 925 vergiftet.)
588 871 657 914 lat.
683 873 749 914 88.

313 942 376 984 De
417 943 726 986 conservatione
765 946 806 986 et
845 944 930 986 vita
967 948 1109 988 nostra
1147 948 1221 987 etc.
1280 944 1367 987 Rex
1401 944 1566 1000 quidam
1601 948 1701 987 erat.
1758 944 1874 997 (Drei

315 1013 461 1067 ringe.)
508 1013 578 1056 lat.
604 1015 671 1057 89.

315 1084 485 1127 Gestum
518 1099 794 1129 romanorum.
844 1086 1049 1129 Narratur
1079 1087 1122 1129 in
1153 1087 1336 1142 gestibus
1367 1099 1646 1129 romanorum.
1695 1086 1873 1140 (Kerze.)

314 1156 385 1198 lat.
410 1157 477 1197 98.

313 1226 551 1280 Narrat(ur)
575 1227 780 1284 Josephus
812 1229 1016 1271 Eusebius
1049 1230 1091 1271 in
1124 1230 1310 1272 cronicis.
1361 1229 1602 1282 (Coriolan.)
1648 1229 1720 1272 lat.
1747 1230 1843 1272 137.

316 1298 447 1349 (Ohne
484 1298 761 1352 iiberschrift.)
816 1299 1000 1350 Quedam
1038 1300 1188 1343 nobilis
1229 1301 1362 1343 vidua.
1423 1300 1540 1353 (Stab
1579 1301 1663 1343 und
1703 1300 1873 1352 tasche.)

314 1369 385 1411 lat.
410 1369 478 1411 25.

314 1440 377 1483 De
408 1454 503 1494 rege
536 1445 575 1483 et
597 1441 849 1485 marschalco
873 1446 913 1485 et
934 1444 1065 1486 tribus
1088 1443 1243 1486 amicis.
1291 1443 1506 1486 Narratur.
1552 1442 1875 1494 (Kaisertochter

316 1511 400 1553 und
433 1512 675 1565 seneschal.)
722 1527 850 1567 germ.
878 1516 942 1556 11.

314 1582 377 1624 De
407 1583 548 1638 iniquo
574 1585 743 1638 judicio.
791 1585 894 1628 Erat
919 1586 1084 1640 quidam
1107 1587 1345 1642 imperator.
1396 1583 1667 1640 (Cambyses.)
1713 1584 1784 1627 lat.
1805 1585 1872 1626 29.

315 1654 378 1697 De
394 1654 617 1698 honoribus
635 1656 813 1699 victoris.
840 1657 1015 1708 Quidam
1029 1658 1257 1713 imperator
1277 1655 1412 1711 [erat].
1440 1656 1688 1712 (Triumph.)
1719 1655 1790 1698 lat.
1803 1656 1871 1698 30.

314 1725 376 1768 De
407 1730 540 1769 morte
572 1727 811 1770 Alexandri.
857 1728 920 1771 De
953 1733 1084 1772 morte
1106 1728 1344 1772 Alexandri.
1395 1728 1668 1780 (Alexanders
1700 1727 1873 1781 begrab-

315 1798 409 1850 nis.)
457 1797 527 1840 lat.
552 1800 619 1840 31.

315 1868 376 1911 De
408 1869 553 1912 arbore
586 1874 626 1912 et
656 1871 865 1914 uxoribus.
918 1871 1059 1914 Refert
1089 1871 1288 1914 Valerius.
1339 1870 1656 1925 (Hangebaum.)
1708 1869 1779 1912 lat.
1804 1870 1871 1911 33.

314 1939 377 1982 De
408 1940 551 1994 regina
582 1945 622 1983 et
654 1942 810 1984 duobus
841 1942 936 1985 filiis
969 1946 1043 1985 etc.
1092 1941 1267 1998 Gipinus
1289 1942 1489 1996 regnavit.
1538 1941 1766 1994 (Stiefkind
1788 1940 1872 1983 und

315 2011 506 2064 rechtes.)
553 2011 625 2054 lat.
652 2014 747 2054 116.

314 2082 377 2125 De
408 2082 579 2136 diogene
610 2083 867 2140 philosopho.
914 2084 1055 2127 Refert
1085 2084 1290 2139 diogenes.
1340 2084 1561 2138 (Diogenes
1586 2082 1671 2125 und
1692 2082 1874 2125 Alexan-

316 2154 419 2206 der.)
463 2167 590 2207 germ.
618 2155 683 2196 15.

314 2225 377 2267 De
410 2224 633 2268 sacrificiis.
681 2225 822 2268 Refert
848 2226 1050 2269 Valerius.
1100 2226 1276 2279 (Kohle.)
1324 2240 1452 2280 germ.
1479 2227 1545 2268 16.

316 2296 378 2339 De
411 2297 556 2339 arbore
587 2297 751 2339 infecta.
806 2297 921 2340 Sicut
952 2298 1009 2340 ait
1039 2297 1210 2340 Plinius.
1261 2298 1486 2350 (Theriak.)
1535 2310 1661 2351 germ.
1689 2296 1754 2337 17.

319 2367 451 2419 (Ohne
489 2368 716 2420 iiberschr.)
771 2368 912 2412 Refert
942 2369 1180 2412 Alexander
1217 2369 1499 2425 philosophus.
1558 2366 1726 2422 (Virgils
1766 2365 1872 2419 bild;

318 2438 458 2494 apfel.)
506 2453 633 2493 germ.
662 2440 726 2481 18.
1905 2495 1910 2498 ᾖ

315 2510 378 2553 De
410 2510 549 2552 anima
581 2510 811 2553 adulterata
843 2515 917 2554 etc.
965 2511 1069 2554 Erat
1100 2511 1265 2566 quidam
1296 2510 1535 2567 imperator.
1583 2508 1713 2562 (Sohn
1741 2508 1874 2551 todtet

317 2584 471 2624 mutter
502 2581 645 2633 nicht.)
694 2581 764 2623 lat.
792 2583 886 2624 100.

315 2652 444 2694 Rome
474 2656 697 2708 patuerunt
727 2652 901 2695 hiancia.
950 2653 997 2695 In
1028 2654 1162 2697 medio
1195 2667 1321 2696 rome.
1371 2651 1584 2705 (Curtius.)
1629 2650 1701 2692 lat.
1724 2650 1794 2691 43.

316 2722 379 2765 De
418 2723 488 2765 illo
527 2723 597 2779 qui
636 2738 706 2766 vas
749 2724 923 2766 vitreum
963 2724 1069 2767 tulit.
1127 2725 1327 2781 Tyberius
1357 2723 1557 2778 regnavit.
1616 2721 1872 2775 (Dehnbares

319 2792 448 2846 Glas.)
495 2794 565 2836 lat.
589 2795 658 2836 44.

318 2864 380 2907 De
426 2865 577 2920 puella.
638 2866 740 2908 Erat
787 2866 953 2919 quidam
992 2866 1230 2922 imperator.
1293 2865 1642 2920 (Kaisertochter‚
1682 2863 1872 2921 pallast.)

318 2950 445 2990 germ.
471 2938 538 2979 22.
