1949 3162
965 103 1050 144 620

846 237 940 292 211,
975 250 1078 292 app.
1103 236 1171 279 15.

284 345 388 388 Erat
420 344 586 398 quidam
620 342 811 396 princeps
843 339 1008 381 nomine
1040 350 1240 379 neemann
1275 336 1343 390 qui
1384 347 1474 376 cum
1515 336 1623 375 esset
1654 332 1847 388 princeps

168 417 346 460 miliciae
378 415 487 468 regis
521 413 666 469 Syriae
708 412 821 453 dives
862 410 980 452 valde
1021 409 1092 451 sed
1130 409 1330 463 leprosus.
1388 405 1433 447 In
1475 404 1668 459 obsequio
1707 402 1848 444 uxoris

166 501 342 531 neeman
390 490 479 527 erat
525 484 697 539 quedam
747 482 886 538 puella
932 481 981 522 de
1020 484 1132 522 terra
1170 479 1290 521 israel
1333 491 1410 532 que
1451 476 1509 517 ait
1548 475 1598 517 ad
1639 474 1849 517 dominam

168 573 305 601 suam:
341 558 495 599 utinam
530 556 676 597 fuisset
708 554 897 595 dominus
931 566 1046 593 meus
1081 551 1131 592 ad
1164 549 1407 605 prophetam
1441 547 1639 588 heliseum
1673 545 1851 587 samarie

169 631 238 686 qui
271 632 456 671 curraret
488 641 602 678 eum3
637 626 819 680 quicum
856 624 1035 666 venisset
1067 623 1117 664 ad
1153 621 1395 676 prophetam
1429 617 1641 660 mandavit
1667 616 1848 658 helizeus

168 705 215 743 ut
246 700 512 742 descenderet
544 703 583 738 et
616 697 796 752 septiens
830 697 868 736 in
898 695 1072 748 jordane
1103 694 1263 735 lavaret
1295 705 1350 733 se.
1399 689 1583 744 Cumque
1605 688 1786 730 lavasset
1808 701 1850 729 se

170 773 322 828 septies
359 772 481 824 juxta
521 781 751 810 sermonem
786 768 862 808 viri
897 766 975 819 dei,
1017 765 1232 807 restitutus
1274 766 1336 804 est
1367 774 1461 802 caro
1500 761 1586 814 ejus
1620 760 1726 802 sicut
1757 772 1850 801 caro

171 844 287 900 pueri
322 848 362 885 et
393 841 616 883 mundatus
650 845 712 882 est
744 853 766 880 a
799 839 925 893 lepra.

291 915 445 958 Sensus·
480 915 684 968 mysticas.
739 910 980 951 Karissimi.
1020 922 1093 963 per
1125 919 1296 948 neeman
1331 905 1398 959 qui
1432 904 1729 958 interpretatur
1760 915 1852 958 spe—

171 987 305 1028 ciosus
339 984 586 1036 intelligitur
618 983 756 1024 anima
789 995 866 1034 que
898 980 1070 1035 pulchra
1103 983 1176 1030 est,
1212 978 1307 1018 dum
1341 977 1381 1017 in
1415 976 1521 1017 bona
1553 975 1658 1028 vita,
1691 974 1740 1016 de
1773 987 1854 1028 qua

171 1056 480 1113 pulchritudine
521 1055 670 1096 dicitur
703 1054 745 1094 in
783 1051 978 1105 gen(esi):
1021 1050 1158 1091 anima
1191 1049 1241 1090 ad
1274 1048 1338 1089 dei
1371 1046 1682 1088 similitudinem
1717 1048 1855 1087 creata

171 1134 246 1171 est.
310 1128 447 1182 Lepra
486 1130 549 1168 est
588 1124 749 1179 quando
790 1127 1001 1178 peccatum
1042 1120 1314 1163 committitur
1354 1117 1539 1159 mortale.
1592 1116 1734 1159 Puella
1775 1129 1854 1171 que

171 1200 423 1242 mundiciam
459 1197 615 1239 domini
648 1196 711 1237 sui
744 1198 873 1249 optat,
907 1198 968 1235 est
1001 1192 1265 1243 conscientia,
1300 1205 1376 1245 que
1406 1189 1563 1231 inclusa
1586 1189 1708 1230 estin
1733 1187 1854 1230 corde

172 1276 242 1314 tuo
276 1276 486 1324 tamquam
522 1268 659 1324 puella
692 1267 733 1308 in
764 1265 959 1317 thalamo,
1005 1277 1082 1318 que
1115 1263 1214 1305 dicit
1244 1262 1333 1314 tibi,
1366 1266 1411 1303 ut
1440 1265 1485 1302 tu
1516 1260 1642 1301 vadas
1676 1259 1727 1301 ad
1759 1272 1854 1314 pro-

174 1343 341 1399 phetam
374 1341 601 1396 helyseum,
634 1339 711 1380 hoc
743 1342 804 1379 est
846 1336 895 1378 ad
935 1335 1188 1377 sacerdotem
1230 1338 1271 1375 et
1310 1334 1367 1374 sic
1399 1332 1554 1387 poteris
1594 1331 1782 1373 mundari
1815 1333 1855 1372 et

172 1428 246 1470 per
280 1426 533 1469 consequens
568 1411 693 1452 vitani
729 1413 913 1451 eternam
947 1407 1147 1463 optinere.

849 1645 947 1699 21⁶2,
980 1657 1082 1699 app.
1107 1642 1177 1686 16.

447 1744 647 1802 Defile'a
687 1744 805 1801 reyes
843 1746 882 1785 et
917 1741 1113 1799 quinque
1149 1735 1360 1781 militibus
1397 1741 1436 1780 et
1472 1748 1592 1779 (tane.

292 1853 481 1895 Valerius
522 1865 636 1893 rome
674 1849 864 1903 regnavit
901 1851 1047 1903 potens
1082 1846 1220 1899 valde,
1254 1845 1322 1899 qui
1361 1843 1524 1885 unicam
1555 1840 1682 1882 filiam
1715 1839 1860 1882 habuit

174 1939 297 1980 quam
344 1925 448 1966 miro
490 1923 609 1964 modo
657 1921 803 1963 dilexit
847 1921 1052 1962 intantum
1093 1918 1201 1973 quod
1240 1917 1420 1971 quinque
1460 1913 1613 1955 milites
1652 1911 1859 1954 ordinavit

175 1998 243 2052 qui
277 2010 364 2038 eam
399 1994 654 2038 custodirent
685 1997 725 2035 et
757 2006 880 2047 super
902 1991 994 2033 illos
1028 1991 1206 2045 quinque
1233 1987 1385 2030 milites
1417 1984 1621 2040 quendam
1646 1982 1856 2025 custodem

175 2068 410 2120 constituit,
452 2071 498 2108 ut
536 2067 570 2107 si
613 2064 762 2118 aliquis
803 2077 851 2105 ex
890 2063 972 2104 illis
1012 2063 1192 2116 quinque
1232 2058 1433 2102 militibus
1467 2056 1743 2110 delinqueret,
1785 2067 1859 2108 per

176 2140 350 2181 eundem
390 2138 601 2180 custodem
641 2136 870 2191 puniretur.
926 2134 1085 2176 Deinde
1123 2134 1165 2174 in
1205 2131 1308 2173 aula
1337 2143 1464 2172 unum
1501 2140 1643 2170 canem
1682 2124 1860 2167 habebat

173 2211 347 2264 ligatum
380 2211 459 2263 die,
493 2223 539 2250 ac
570 2212 689 2250 nocte
722 2207 970 2259 solvebatur,
1004 2209 1048 2246 ut
1079 2205 1236 2246 curiam
1269 2201 1505 2245 custodiret.
1554 2197 1718 2240 Accidit
1750 2195 1857 2250 quod

176 2283 402 2337 imperator
435 2281 485 2322 ad
518 2285 670 2322 terram
694 2282 877 2320 sanctam
912 2277 971 2318 ire
1006 2277 1180 2329 volebat,
1213 2274 1375 2315 vocavit
1406 2272 1456 2314 ad
1486 2284 1529 2313 se
1559 2267 1857 2311 marschalcum

178 2357 218 2394 et
258 2354 334 2395 ait:
376 2353 427 2394 ad
460 2355 641 2393 sanctam
676 2354 830 2392 terram
870 2349 930 2390 ire
962 2347 1153 2400 intendo,
1192 2346 1267 2388 tibi
1306 2344 1432 2386 filiam
1473 2354 1606 2384 meam
1647 2338 1859 2381 committo

179 2429 222 2466 ut
263 2423 452 2465 omnibus
493 2421 735 2463 necessariis
777 2421 814 2462 ei
853 2420 963 2461 laute
1006 2418 1222 2474 provideas
1263 2416 1371 2471 quod
1410 2413 1567 2456 nullum
1609 2411 1758 2453 habeat
1789 2409 1859 2451 de-

176 2497 328 2537 fectum
362 2498 401 2537 et
435 2493 541 2547 quod
574 2493 615 2533 in
640 2493 818 2534 adventu
841 2505 930 2533 meo
965 2490 1222 2545 querimonia
1251 2501 1332 2530 non
1366 2486 1543 2528 audiam.
1592 2483 1693 2525 Item
1717 2494 1860 2523 canem
1899 2534 1906 2538 ἢ

178 2567 293 2608 illum
328 2566 430 2607 bene
463 2568 502 2606 et
534 2564 711 2605 fideliter
743 2562 950 2604 custodias
991 2566 1031 2603 et
1062 2560 1259 2615 quidquid
1293 2560 1342 2600 de
1374 2556 1562 2599 omnibus
1593 2554 1685 2596 istis
1715 2551 1861 2594 feceris

180 2638 229 2679 de
262 2637 434 2679 concilio
474 2635 654 2677 custodis
688 2634 860 2675 multum
894 2633 977 2674 fiat.
1033 2633 1087 2674 Et
1128 2633 1161 2674 si
1198 2632 1300 2673 bene
1330 2629 1475 2671 feceris
1505 2625 1734 2668 mercedem
1767 2636 1862 2664 con-

180 2709 344 2762 dignam
380 2707 562 2749 habebis.
613 2706 704 2747 Hiis
734 2706 853 2747 dictis
887 2705 1076 2746 omnibus
1115 2701 1304 2744 valefecit
1336 2704 1377 2742 et
1408 2699 1459 2740 ad
1491 2703 1642 2740 terram
1677 2700 1862 2737 sanctam

181 2780 375 2834 perrexit.
432 2777 710 2819 Marschalcus
748 2777 829 2818 ista
867 2776 1005 2817 omnia
1043 2775 1095 2816 ad
1127 2773 1334 2815 modicum
1366 2775 1528 2825 tempus
1570 2767 1744 2809 fideliter
1785 2766 1862 2807 im-

180 2851 322 2905 plevit,
362 2850 457 2891 licet
489 2854 583 2904 post
613 2849 688 2889 hoc
727 2848 806 2888 cito
846 2846 1078 2889 necessaria
1117 2845 1256 2886 omnia
1296 2846 1492 2898 quantum
1527 2840 1577 2882 ad
1609 2837 1790 2893 puellam
1823 2839 1864 2878 et

181 2921 230 2962 ad
271 2921 421 2962 milites
463 2920 690 2972 subtraxit,
731 2923 868 2960 tamen
911 2931 983 2971 per
1022 2916 1230 2958 custodem
1272 2914 1446 2956 multum
1488 2915 1528 2953 et
1565 2922 1662 2964 sepe
1701 2911 1764 2950 est
1798 2920 1862 2949 re-

182 2992 379 3044 dargutus
414 2994 454 3033 et
485 2990 610 3032 nichil
650 2990 835 3045 profecit.
892 2988 1043 3030 Canem
1080 2992 1215 3028 autem
1250 2986 1422 3027 delicate
1454 2981 1627 3024 nutrivit
1656 2981 1864 3022 intantum
