1949 3162
100 823 142 856 10

102 1177 144 1211 15

102 1535 146 1568 20

103 2030 147 2064 25

105 2388 149 2421 30

107 2742 150 2776 35

955 72 1039 113 376

166 182 247 219 stat
278 177 318 219 in
350 178 484 219 medio
517 178 580 220 vie
613 181 674 219 est
705 177 957 219 consciencia
989 181 1060 218 tua
1090 177 1132 218 in
1164 176 1326 218 modum
1365 177 1496 218 crucis
1528 181 1718 231 extensa,
1751 191 1832 219 una

166 262 283 304 parS,
322 253 367 290 ut
406 249 456 290 ad
496 249 646 291 bonum
687 253 726 291 te
766 253 979 303 provocet,
1019 247 1167 301 altera,
1214 251 1260 289 ut
1298 251 1439 289 contra
1479 248 1632 289 malum
1671 248 1832 290 fortiter

167 333 341 374 pugnes3
375 319 482 361 unde
514 320 547 361 si
579 319 852 361 ambulaveris
888 317 976 373 [per
1000 317 1138 372 viam,]
1173 319 1214 359 in
1249 316 1369 372 [5232]
1406 332 1486 373 qua
1517 319 1618 360 bene
1650 319 1727 360 erit
1757 319 1832 362 tibi

168 394 208 432 et
238 390 344 432 male
378 403 479 444 equo
511 394 595 444 tuo,
629 390 782 445 optime
814 390 926 431 facis.
970 389 1196 441 Carissimi,
1229 389 1309 430 ista
1330 390 1396 430 via
1419 394 1481 430 est
1502 390 1568 430 via
1590 390 1832 444 penitencie,

167 461 392 515 hospicium
426 465 567 503 sancta
599 465 729 502 mater
762 460 944 513 ecclesia,
978 461 1018 501 in
1052 473 1130 514 qua
1162 460 1263 501 bene
1295 460 1373 502 erit
1403 460 1478 501 tibi
1511 460 1551 501 in
1581 460 1730 513 anima,
1762 460 1834 502 sed

167 535 329 586 oportet
368 535 414 573 ut
452 545 578 586 equus
609 536 703 573 tuus
743 532 768 572 i.
802 545 834 572 e.
868 544 962 572 caro
1000 536 1071 572 tua
1103 531 1331 585 penitencie
1364 530 1583 584 subjaceat.
1630 531 1707 581 Qui
1739 545 1833 585 ergo

166 616 240 658 per
278 602 401 643 istam
441 603 548 644 viam
588 602 882 655 ambulaverit,
923 602 1130 657 sapienter
1170 602 1280 642 facit.
1329 600 1426 642 Alia
1471 605 1532 642 est
1563 602 1648 655 via,
1682 602 1722 643 in
1755 615 1835 656 qua

168 673 350 715 invenies
381 673 632 728 hospicium,
664 674 707 714 in
740 687 816 727 quo
850 686 976 727 equus
1007 675 1102 713 tuus
1135 672 1235 713 satis
1267 672 1377 712 laute
1409 671 1593 725 habebit,
1627 672 1698 714 sed
1729 672 1835 714 male

167 744 469 786 ministrabitur
499 744 585 786 tibi.
629 744 705 786 Via
735 745 816 786 ista
848 748 909 786 est
940 744 1006 785 via
1027 743 1169 797 gulosa
1200 748 1240 784 et
1270 742 1495 795 luxuriosa,
1518 744 1587 797 qui
1607 743 1835 798 hospicium

168 816 396 870 suscipiunt
427 816 468 856 in
500 815 710 870 voluptate
742 815 890 868 carnis,
924 815 972 856 de
1005 815 1150 869 quibus
1184 813 1392 869 apostolus
1426 814 1501 856 ait:
1535 813 1715 864 Quorum
1738 814 1836 856 deus

168 890 310 928 venter
349 891 410 928 est
448 889 488 927 et
525 885 656 939 gloria
693 887 735 927 in
775 886 1012 928 confusione
1052 886 1248 940 ipsorum.
1298 883 1342 925 In
1373 885 1452 926 isto
1484 885 1667 940 hospicio
1701 886 1838 927 anima

170 957 247 999 erit
287 957 461 1012 pessime
500 957 745 999 ministrata.
798 957 895 998 Alia
927 961 989 998 est
1020 957 1107 1009 via,
1147 956 1214 997 ubi
1247 969 1374 1008 equus
1407 959 1499 997 tuus
1532 956 1641 998 laute
1672 956 1839 999 habebit

170 1026 229 1082 [et
258 1032 303 1070 tu
335 1026 648 1081 verberaberis].
695 1027 773 1069 Via
804 1028 884 1069 ista
916 1032 978 1069 est
1006 1028 1144 1082 cupidi
1167 1032 1207 1069 et
1229 1027 1355 1080 avari,
1391 1027 1458 1080 qui
1480 1026 1588 1069 laute
1611 1027 1676 1069 hic
1697 1027 1840 1069 volunt

169 1100 328 1152 vivere,
369 1112 497 1154 parva
535 1112 661 1153 opera
700 1099 913 1140 meritoria
951 1103 1211 1153 perpetrare,
1260 1097 1330 1138 sed
1371 1094 1463 1139 cum
1505 1112 1615 1140 mors
1655 1112 1744 1141 eum
1788 1099 1838 1141 ab

169 1171 351 1225 hospicio
391 1170 509 1223 hujus
542 1170 685 1211 mundi
726 1170 914 1225 expellit,
957 1173 1053 1211 tunc
1093 1170 1229 1211 anima
1269 1172 1362 1223 post
1394 1173 1566 1211 mortem
1606 1170 1648 1211 in
1679 1170 1838 1212 inferno

170 1242 330 1296 egregie
363 1241 657 1283 verberabitur.
691 1240 845 1291 Quarta
878 1245 940 1282 est
972 1241 1050 1293 via,
1085 1254 1156 1295 per
1189 1254 1308 1294 quam
1345 1241 1379 1282 si
1409 1241 1606 1294 ambules,
1640 1241 1741 1283 bene
1763 1241 1838 1282 tibi

170 1313 261 1367 erit,
294 1313 364 1355 sed
397 1326 545 1367 equum
579 1312 754 1354 amittes.
804 1312 880 1354 Via
911 1313 990 1353 ista
1022 1316 1084 1353 est
1114 1312 1181 1353 via
1213 1312 1307 1353 boni
1338 1312 1539 1366 religiosi,
1572 1312 1640 1366 qui
1673 1312 1721 1354 de
1754 1326 1840 1353 om-

170 1384 289 1426 nibus
323 1387 517 1438 quantum
551 1383 601 1424 ad
633 1383 786 1425 victum
827 1387 867 1425 et
898 1384 1092 1425 vestitum
1125 1387 1186 1424 est
1218 1387 1445 1425 contentus.
1492 1382 1654 1437 Equum
1688 1384 1842 1425 amittit

171 1455 326 1497 scilicet
358 1468 498 1496 omnes
530 1455 885 1510 concupiscencias
918 1456 1102 1497 carnales
1134 1459 1302 1510 propter
1333 1455 1453 1496 deum
1487 1467 1533 1495 ac
1555 1454 1695 1496 mundi
1727 1454 1841 1495 vani-

170 1530 296 1579 tates,
339 1529 378 1568 et
408 1526 499 1568 ideo
538 1525 637 1567 dicit
674 1525 873 1567 salvator:
920 1525 997 1576 Qui
1038 1526 1263 1582 perdiderit
1302 1526 1482 1568 animam
1514 1539 1630 1567 suam
1673 1529 1841 1581 propter

173 1611 236 1640 me
276 1601 351 1639 etc.
399 1597 475 1647 Qui
516 1597 730 1650 reliquerit
768 1603 929 1652 patrem
970 1602 1041 1639 aut
1078 1601 1251 1639 matrem
1292 1602 1366 1639 etc.
1401 1596 1638 1652 centuplum
1670 1596 1842 1652 accipiet

172 1672 212 1711 et
242 1673 336 1724 post
366 1668 470 1710 hanc
502 1669 628 1710 vitam
661 1671 843 1710 eternam
876 1669 1003 1710 vitam
1037 1669 1273 1724 possidebit.

843 1856 945 1899 eff.
970 1859 1037 1899 ce.
1069 1858 1172 1909 (58.)

822 1933 895 1977 De
932 1935 1195 1978 constantia.

289 2022 460 2073 Quidam
494 2037 566 2065 rex
597 2024 797 2077 regnavit,
831 2023 898 2077 qui
921 2023 1133 2078 pulchram
1157 2022 1282 2065 filiam
1306 2022 1495 2076 habebat,
1530 2036 1651 2077 quam
1667 2023 1841 2065 multum

173 2095 340 2148 dilexit,
381 2108 458 2148 que
490 2099 584 2150 post
623 2095 835 2137 decessum
875 2095 983 2147 regis
1022 2108 1193 2148 regnum
1227 2095 1461 2149 occupavit,
1502 2094 1599 2148 quia
1628 2094 1750 2136 unica
1781 2099 1844 2136 est

172 2166 327 2208 relicta.
376 2165 463 2207 Hoc
504 2166 672 2207 audiens
714 2166 879 2219 quidam
920 2166 1001 2207 dux
1033 2171 1233 2221 tyrannus
1275 2165 1325 2206 ad
1358 2179 1447 2206 eam
1479 2165 1612 2219 venit,
1644 2165 1775 2207 multa
1806 2166 1843 2207 ei

173 2237 375 2293 promisit,
409 2237 443 2278 si
475 2237 511 2278 ei
544 2239 803 2279 consentiret.
851 2237 924 2279 [lla
947 2251 1041 2278 vero
1066 2237 1232 2278 seducta
1254 2251 1327 2291 per
1350 2250 1438 2278 eum
1464 2241 1526 2277 est
1557 2241 1597 2277 et
1625 2235 1842 2288 deflorata3

173 2309 282 2351 facta
313 2307 581 2350 defloracione
612 2307 725 2350 flevit
757 2322 914 2361 amare,
948 2312 1147 2363 tyrannus
1181 2321 1274 2349 vero
1308 2321 1396 2349 eam
1430 2307 1480 2349 ab
1512 2307 1738 2349 hereditate
1770 2320 1860 2361 sua,

174 2380 344 2435 expulit.
392 2379 466 2420 Illa
498 2392 593 2420 vero
627 2380 685 2420 sic
717 2379 888 2434 expulsa
919 2379 1095 2433 gemitus
1129 2383 1169 2421 et
1200 2379 1378 2433 suspiria
1400 2378 1613 2420 emittebat
1644 2382 1684 2420 et
1713 2379 1756 2420 in
1780 2379 1845 2420 via

174 2451 338 2506 publica
370 2451 525 2492 cunctis
557 2450 698 2492 diebus
729 2450 908 2503 sedebat,
943 2455 987 2492 ut
1009 2464 1032 2491 a
1053 2450 1360 2492 transeuntibus
1384 2450 1648 2492 elemosinam
1672 2453 1842 2504 peteret.

175 2521 277 2564 Cum
310 2535 390 2563 una
421 2521 578 2563 dierum
610 2520 742 2562 flendo
775 2522 966 2575 sedisset,
1008 2521 1173 2576 quidam
1206 2521 1324 2563 miles
1355 2534 1576 2574 generosus
1601 2520 1724 2573 juxta
1754 2533 1844 2562 eam
1896 2563 1902 2566 χ

176 2593 395 2647 equitando
428 2593 551 2645 venit,
587 2592 727 2633 videns
760 2593 846 2645 ejus
880 2592 1225 2646 pulchritudinem
1259 2596 1402 2646 captus
1435 2596 1497 2633 est
1528 2592 1569 2632 in
1599 2591 1725 2632 oculis
1757 2591 1844 2644 ejus

177 2669 217 2706 et
249 2665 323 2706 ait:
358 2663 595 2716 Carissima,
629 2663 759 2717 qualis
793 2664 860 2704 es?
900 2663 954 2704 Et
985 2664 1074 2705 illa:
1108 2663 1214 2704 Filia
1245 2663 1353 2715 regis
1385 2676 1472 2703 sum
1508 2662 1646 2714 unica,
1681 2666 1721 2704 et
1752 2666 1846 2716 post

176 2736 306 2790 patris
340 2737 419 2777 mei
451 2735 660 2776 decessum
687 2734 780 2787 jure
812 2735 1059 2776 hereditario
1091 2748 1261 2788 regnum
1285 2734 1420 2786 habui,
1453 2733 1522 2774 sed
1545 2747 1618 2788 per
1641 2733 1845 2787 quendam

177 2810 396 2860 tyrannum
436 2806 494 2847 fui
534 2806 701 2847 seducta
742 2809 782 2846 et
820 2805 869 2846 ab
911 2819 956 2846 eo
996 2805 1210 2855 deflorata,
1252 2809 1292 2847 et
1331 2809 1423 2860 post
1460 2804 1533 2845 hec
1569 2805 1750 2859 privavit
1779 2817 1844 2845 me

177 2877 402 2918 hereditate
434 2891 536 2918 mea.
585 2876 658 2918 Ait
688 2876 825 2917 miles:
869 2876 1015 2918 Utrum
1055 2876 1129 2918 tibi
1170 2877 1307 2931 placet
1338 2889 1426 2917 esse
1458 2889 1653 2930 sponsam
1683 2874 1844 2917 meam?

176 2947 261 2998 Que
293 2948 369 2990 ait:
410 2948 574 3002 Eciam,
606 2947 789 2999 domine3
835 2947 908 2988 hoc
940 2947 1126 2990 desidero
1158 2952 1253 2989 ante
1285 2947 1433 2988 omnia.
1482 2945 1558 2996 Qui
1591 2946 1667 2988 ait:
1700 2945 1842 2988 Fidem
