1949 3162
983 49 1067 91 666

183 155 470 209 servientibus,
507 155 613 209 quod
653 154 730 197 sibi
763 159 803 197 et
834 155 1052 197 heredibus
1085 155 1168 197 suis
1201 154 1326 196 nichil
1358 155 1529 197 retinuit
1561 159 1734 211 excepta
1765 169 1864 210 qua-

184 226 276 268 dam
311 226 468 268 arbore.
522 225 697 268 Fructus
732 226 890 268 arboris
923 230 1013 269 erat
1042 226 1159 280 talis,
1194 226 1301 281 quod
1334 226 1565 281 quicunque
1595 226 1782 268 infirmus
1814 241 1863 269 ex

184 311 229 339 eo
261 297 494 339 comederet
525 301 696 352 excepto
727 297 905 353 leproso,
938 298 1157 340 sanitatem
1199 297 1413 340 obtineret.
1462 297 1562 340 Cum
1598 311 1692 340 vero
1731 311 1864 341 more-

182 372 314 422 retur,
360 368 518 422 lignum
558 368 689 411 tribus
728 369 822 411 filiis
862 368 1036 422 legavit,
1085 369 1153 410 sed
1187 368 1328 422 junior
1367 382 1438 423 per
1469 368 1669 423 judicium
1709 369 1862 423 lignum

183 439 410 494 occupavit.

302 512 520 553 Reduecio.
576 510 824 564 Karissime,
864 524 938 565 per
970 510 1136 552 divitem
1181 514 1339 565 patrem
1382 510 1502 552 deum
1543 511 1864 566 omnipotentem

183 581 388 635 intelligo,
430 582 499 636 qui
540 582 677 623 omnia
710 596 759 624 ex
793 581 944 623 nichilo
977 583 1133 624 creavit
1165 586 1205 624 et
1237 582 1320 623 suis
1354 581 1564 624 distribuit
1594 581 1866 624 servientibus

184 653 407 694 secundum
440 653 745 708 beneplacitum
778 667 910 695 suum.
968 652 1045 694 Per
1077 657 1159 695 tres
1194 652 1297 694 filios
1337 654 1416 695 tria
1448 657 1635 708 tempora
1668 652 1866 706 intelligo,

184 737 238 765 sc.
274 738 463 779 presens,
507 724 749 779 preteritum
784 728 824 766 et
856 724 1062 778 futurum,
1101 738 1155 766 sc.
1189 728 1353 779 tempus
1387 728 1480 766 ante
1512 724 1664 778 legem,
1704 729 1867 779 tempus

184 795 259 837 sub
290 795 391 849 lege,
424 800 587 851 tempus
621 795 770 848 gracie.
806 794 883 837 Per
915 796 1117 837 seniorem
1150 794 1278 837 filium
1311 796 1496 849 intelligo
1519 795 1668 848 Adam,
1701 795 1766 837 cui
1797 795 1868 837 do-

186 867 321 908 minus
362 867 475 909 dedit
514 867 588 908 sub
620 870 731 908 terra
764 870 804 908 et
836 880 980 922 supra,
1020 867 1046 908 i.
1071 880 1104 909 e.
1139 867 1389 922 principium
1428 871 1469 909 et
1505 866 1640 909 finem.
1696 866 1774 908 Per
1806 880 1868 908 se-

184 938 362 979 cundum
395 937 523 979 filium
558 951 727 993 moysen
761 938 824 980 cui
857 938 1046 980 dominus
1080 938 1192 980 dedit
1222 938 1355 992 legem
1401 939 1443 979 in
1475 942 1614 980 monte
1652 952 1783 994 synay
1830 942 1870 980 et

185 1008 381 1064 populum
417 1023 535 1051 suum
569 1009 897 1062 custodiendum,
934 1010 1003 1064 qui
1036 1010 1157 1052 deum
1191 1010 1539 1063 derelinquerunt,
1571 1009 1693 1065 ydola
1725 1009 1869 1051 adora-

186 1084 344 1122 verunt.
400 1080 478 1122 Per
504 1081 712 1135 juniorem
745 1080 885 1122 filium
908 1081 1058 1135 marie,
1092 1082 1161 1136 qui
1191 1081 1348 1134 lignum
1382 1080 1564 1136 paradisi
1595 1094 1679 1123 non
1708 1084 1868 1123 tantum

185 1151 277 1205 sibi,
310 1151 381 1194 sed
414 1152 532 1194 nobis
565 1152 754 1194 omnibus
788 1152 1018 1206 acquisivit.
1066 1152 1134 1194 Ad
1166 1153 1274 1207 quod
1305 1166 1379 1194 nos
1413 1156 1488 1194 etc.

861 1407 966 1462 263,
999 1421 1102 1462 app.
1127 1408 1197 1450 67.

304 1507 451 1550 Mulier
500 1509 671 1563 quedam
721 1509 822 1550 duos
868 1508 974 1551 filios
1025 1509 1067 1550 in
1116 1508 1316 1551 adulterio
1371 1509 1559 1564 concepit
1609 1513 1650 1551 et
1696 1509 1868 1564 peperit.

186 1579 349 1621 Primus
382 1579 489 1621 filius
522 1580 655 1622 factus
688 1584 751 1622 est
781 1580 983 1622 heremita
1016 1584 1057 1622 et
1087 1594 1160 1636 pro
1194 1585 1325 1622 matre
1362 1580 1506 1622 intime
1543 1581 1584 1622 in
1619 1580 1870 1623 orationibus

187 1653 271 1693 suis
313 1652 495 1705 rogavit3
540 1652 639 1694 deus
680 1666 775 1694 vero
816 1665 957 1707 preces
1001 1653 1088 1706 ejus
1129 1652 1359 1705 exaudivit,
1399 1651 1580 1694 ostendit
1617 1652 1654 1694 ei
1695 1655 1869 1694 matrem

186 1737 317 1777 suam,
351 1737 429 1778 que
462 1724 498 1765 ei
531 1724 726 1778 apparuit
756 1737 847 1765 cum
881 1723 1039 1765 duobus
1072 1722 1303 1766 buffonibus
1337 1728 1377 1765 et
1407 1727 1610 1779 serpente.

306 1796 527 1837 Reducem.
575 1794 809 1848 Karissimi,
843 1808 1012 1850 serpens
1035 1795 1113 1837 iste
1146 1798 1207 1837 est
1238 1808 1343 1836 zona
1372 1795 1468 1837 data
1490 1795 1540 1837 ab
1563 1795 1731 1837 amasio.
1778 1794 1870 1837 Duo

189 1865 394 1920 buffones,
436 1867 515 1908 duo
554 1865 629 1908 filii
667 1866 858 1908 adulterii
899 1871 939 1909 et
978 1866 1140 1920 rogavit
1177 1880 1269 1908 eum
1310 1870 1357 1908 ut
1394 1866 1571 1922 amplius
1609 1880 1690 1909 non
1736 1869 1872 1908 oraret

187 1951 261 1993 pro
294 1952 355 1992 ea,
389 1938 485 1993 quia
517 1941 607 1980 erat
637 1937 843 1980 damnata.

857 2191 961 2246 264,
996 2205 1099 2246 app.
1124 2192 1200 2236 68.

306 2294 447 2336 Refert
479 2293 723 2336 Ambrosius
762 2293 869 2348 quod
909 2298 971 2336 est
1009 2293 1175 2348 quidam
1216 2293 1339 2349 piscis
1378 2293 1421 2335 in
1453 2293 1559 2336 mari
1596 2294 1665 2348 qui
1704 2297 1873 2336 vocatur

190 2366 379 2418 echinuS,
425 2369 465 2406 et
503 2369 565 2406 est
595 2365 689 2406 talis
723 2369 892 2419 nature,
930 2365 1038 2419 quod
1070 2378 1160 2406 cum
1195 2365 1394 2420 procellas
1428 2369 1640 2407 ventorum
1674 2365 1873 2421 prospicit

191 2442 232 2480 et
263 2436 463 2478 calculum
498 2435 680 2477 validum
716 2436 893 2491 arripuit
924 2450 1062 2478 secum
1094 2441 1290 2490 tanquam
1325 2435 1543 2478 anchoram
1577 2436 1704 2478 trahit
1730 2450 1780 2479 ne
1802 2450 1871 2479 ex-

191 2509 370 2551 cutiatur
404 2521 426 2549 a
457 2506 662 2561 fluctibus,
696 2508 753 2549 ita
786 2508 892 2562 quod
925 2509 1009 2550 suis
1044 2508 1197 2549 viribus
1231 2521 1273 2549 se
1304 2521 1385 2549 non
1417 2508 1535 2561 regit.

312 2582 530 2622 Reslaecio.
584 2578 823 2632 Karissimi,
864 2579 922 2621 sic
960 2593 1034 2621 nos
1073 2593 1213 2621 sumus
1252 2579 1294 2621 in
1334 2579 1485 2620 mundo
1525 2579 1631 2621 sicut
1667 2578 1790 2633 piscis
1829 2578 1871 2620 in

193 2653 296 2694 mari
329 2652 371 2693 in
405 2664 484 2704 quo
518 2654 691 2703 surgunt
723 2653 1010 2705 tempestates,
1043 2649 1069 2691 i.
1095 2664 1127 2692 e.
1161 2651 1458 2705 temptaciones
1492 2650 1637 2705 quibus
1669 2650 1703 2691 si
1735 2649 1873 2692 volue-

191 2724 320 2765 rimus
352 2723 557 2775 resistere,
582 2725 744 2776 oportet
766 2721 871 2775 quod
895 2721 1107 2764 trahamus
1129 2722 1341 2764 nobiscum
1365 2726 1524 2777 petram
1546 2722 1571 2763 i.
1597 2735 1629 2763 e.
1649 2720 1871 2775 Christum,

194 2795 289 2850 quia
320 2795 401 2837 nisi
433 2793 672 2838 convinctus
704 2792 1066 2837 fueris‘sustinere
1097 2807 1177 2835 non
1210 2793 1379 2849 poteris,
