1934 3142
969 102 1052 142 :276

170 207 245 248 tim
283 204 373 260 [231]
410 205 632 247 secundum
665 205 795 258 legem
830 219 921 247 eum
952 206 1053 247 aluit
1075 209 1218 248 contra
1239 206 1492 249 voluntatem
1515 207 1659 262 patris,
1693 210 1733 248 et
1753 206 1844 248 ideo

170 280 288 333 pater
320 277 406 330 ejus
439 289 462 317 a
494 276 688 318 societate
711 290 786 318 sua
807 290 897 318 eum
922 276 1094 332 expulit.
1139 276 1433 319 Verumtamen
1456 277 1532 319 hoc
1553 291 1636 319 non
1657 277 1846 320 obstante

170 361 252 390 non
285 347 454 401 dimisit,
489 347 585 402 quin
620 348 866 390 avunculum
899 362 1016 390 suum
1047 351 1231 401 egentem
1256 348 1397 403 aleret,
1431 352 1471 391 et
1491 349 1724 391 necessaria
1745 348 1782 391 ei
1804 348 1845 390 in

171 419 360 462 omnibus
393 419 517 461 dedit.
566 419 664 462 Post
694 420 768 463 hec
800 419 1024 463 avunculus
1058 420 1144 473 ejus
1177 419 1289 462 dives
1321 420 1452 462 factus
1476 423 1539 462 est
1559 423 1600 462 et
1620 423 1738 476 pater
1760 419 1846 474 ejus

123 497 145 532 5
170 491 280 546 cepit
311 504 441 544 egere.
490 490 618 533 Filius
650 505 746 534 vero
780 491 855 534 hoe
887 492 1029 535 videns
1061 495 1221 547 patrem
1245 491 1347 533 aluit
1367 491 1610 547 prohibente
1632 490 1846 545 avunculo,

171 566 211 605 et
242 563 334 605 ideo
366 576 391 605 a
422 563 618 605 societate
651 563 841 605 avunculi
871 568 932 607 est
954 563 1148 619 expulsus
1172 563 1391 618 dicensque
1414 563 1472 605 ei:
1505 562 1740 616 Carissime,
1772 562 1847 605 tibi

170 637 344 688 constat,
378 634 483 690 quod
519 634 738 689 aliquando
772 648 922 688 egenus
955 648 1066 677 eram
1101 638 1141 676 et
1172 638 1315 676 contra
1348 633 1601 677 voluntatem
1633 635 1764 690 patris
1789 634 1847 676 tui

169 706 295 748 michi
326 707 560 748 necessaria
584 707 627 748 in
649 706 838 748 omnibus
860 706 1120 759 ministrasti,
1155 709 1195 748 et
1216 705 1306 747 ideo
1325 706 1411 760 jam
1434 709 1473 748 te
1495 706 1537 747 in
1559 705 1688 748 filium
1709 719 1847 748 meum

171 781 211 820 et
242 777 432 820 heredem
467 778 617 833 accepi.
666 778 854 831 Ingratus
887 777 994 819 filius
1018 777 1288 819 hereditatem
1313 791 1393 819 non
1416 777 1614 832 sequitur,
1647 777 1719 820 sed
1740 777 1848 820 filius

101 856 145 891 10
172 849 402 905 adoptatus.
453 848 567 891 Sient
598 853 641 891 tu
672 850 859 903 ingratus
890 849 1018 902 fuisti,
1053 849 1148 903 quia
1179 852 1322 890 contra
1354 852 1595 904 preceptum
1618 862 1753 891 meum
1777 862 1849 904 pa-

170 923 275 963 trem
309 924 423 962 tuum
459 921 610 974 aluisti,
644 920 734 962 ideo
767 920 1037 963 hereditatem
1069 933 1203 962 meam
1238 933 1316 961 non
1352 920 1568 962 obtinebis.
1622 919 1752 962 Filius
1785 933 1848 962 re-

171 992 339 1048 spondit
370 992 590 1034 avunculo:
624 991 769 1033 Nullus
803 991 924 1034 debet
956 991 1093 1046 puniri
1126 1005 1200 1046 pro
1234 1005 1294 1044 eo,
1329 991 1436 1045 quod
1466 992 1566 1034 facit
1594 991 1708 1045 illud,
1742 991 1850 1046 quod

169 1063 237 1106 lex
270 1064 415 1106 statuit
446 1067 486 1106 et
517 1064 744 1119 compellit3
779 1063 850 1105 sed
882 1063 948 1105 lex
979 1063 1178 1105 naturalis
1202 1066 1243 1104 et
1265 1063 1467 1118 scripture
1490 1062 1700 1118 compellit
1719 1061 1849 1104 filium

170 1135 411 1191 parentibus
444 1135 661 1177 subvenire
692 1136 735 1177 in
767 1135 1025 1188 necessitate,
1060 1135 1239 1176 maxime
1273 1147 1319 1176 ac
1352 1148 1419 1176 eos
1448 1134 1663 1188 honorare,
1696 1138 1737 1177 et
1757 1134 1849 1176 ideo

101 1212 144 1247 15
172 1206 323 1263 expelli
356 1206 405 1248 ab
437 1206 665 1249 hereditate
696 1206 746 1248 de
773 1206 867 1260 jure
899 1219 981 1247 non
1013 1205 1152 1247 debeo.

290 1276 601 1332 [Moralisatw]
660 1277 895 1331 Carissimi,
929 1277 1007 1318 duo
1040 1277 1189 1319 fratres
1222 1280 1317 1319 sunt
1349 1276 1456 1319 filius
1488 1277 1553 1319 dei
1586 1281 1626 1320 et
1657 1277 1848 1330 mundus,

170 1350 240 1405 qui
279 1349 398 1392 ambo
441 1363 464 1391 a
503 1353 620 1404 patre
660 1349 801 1391 celesti
833 1352 1143 1404 processerunt,
1184 1348 1291 1390 filius
1324 1348 1388 1390 dei
1421 1363 1495 1404 per
1526 1349 1848 1403 generationem,

169 1421 347 1463 mundus
388 1434 461 1477 per
499 1421 762 1463 creationem.
826 1419 935 1462 Inter
974 1420 1075 1462 istos
1115 1420 1194 1461 fuit
1230 1424 1270 1462 et
1302 1424 1364 1462 est
1395 1420 1602 1463 discordia
1633 1419 1683 1463 ab
1715 1420 1848 1473 initio,

170 1493 376 1535 intantum
411 1492 518 1546 quod
551 1492 620 1547 qui
653 1495 714 1534 est
744 1492 900 1534 amicus
930 1492 1065 1545 unius,
1099 1495 1161 1533 est
1182 1491 1372 1533 inimicus
1396 1491 1578 1546 alterius,
1604 1492 1727 1546 juxta
1746 1490 1850 1533 illud

101 1571 146 1605 20
171 1562 260 1606 Jac.
283 1577 348 1606 IV:
391 1563 629 1618 Quicunque
669 1563 846 1606 voluerit
886 1577 974 1606 esse
1008 1562 1162 1604 amicus
1194 1562 1312 1617 hujus
1345 1563 1492 1617 seculi,
1530 1563 1721 1605 inimicus
1753 1576 1850 1605 con-

173 1636 367 1677 stituetur
407 1635 484 1677 dei.
542 1634 622 1677 Sed
660 1634 767 1676 filius
805 1648 909 1676 unus
943 1639 1004 1677 est
1036 1634 1207 1688 quilibet
1237 1634 1506 1689 christianus,
1547 1635 1616 1689 qui
1649 1639 1711 1678 est
1739 1633 1849 1676 filius

174 1706 340 1760 Christi,
374 1706 470 1760 quia
502 1706 537 1748 ei
571 1705 740 1748 adheret
770 1720 844 1761 per
874 1705 1009 1748 fidem.
1058 1706 1151 1747 Non
1183 1719 1277 1759 ergo
1301 1705 1496 1748 debemus
1519 1706 1629 1748 alere
1650 1705 1850 1748 mundum

174 1792 249 1834 per
280 1777 530 1833 superbiam,
566 1777 786 1820 avariciam
820 1780 860 1819 et
891 1777 949 1819 sic
982 1777 1030 1819 de
1063 1777 1222 1830 ceteriS,
1256 1777 1290 1818 si
1322 1777 1509 1820 volumus
1542 1776 1616 1819 filii
1647 1777 1712 1820 dei
1739 1790 1849 1829 esse3

176 1853 216 1892 et
247 1850 282 1892 si
314 1849 565 1892 contrarium
594 1849 825 1902 fecerimus,
859 1853 969 1891 certe
993 1863 1015 1890 a
1037 1849 1232 1891 societate
1253 1848 1406 1891 Christi
1430 1848 1689 1904 expellimur,
1723 1861 1851 1904 quan-

106 1929 150 1964 25
174 1924 263 1963 tum
296 1921 348 1963 ad
378 1921 648 1963 hereditatem
681 1920 885 1962 celestem.
944 1920 984 1962 Si
1020 1920 1227 1962 Christum
1261 1920 1370 1963 alere
1400 1920 1589 1963 volumus
1622 1933 1695 1976 per
1726 1933 1852 1976 opera

176 1992 363 2048 pietatis,
404 1992 580 2034 mundus
612 2005 685 2033 nos
720 1992 811 2034 odio
842 1992 1027 2045 habebit3
1068 1996 1351 2035 verumtamen
1382 1991 1528 2035 melius
1560 1995 1622 2035 est
1651 1991 1851 2034 mundum

177 2063 304 2118 odire,
337 2076 460 2118 quam
491 2063 762 2106 hereditatem
794 2063 984 2106 celestem
1019 2064 1219 2107 amittere.

937 2295 1038 2338 CAP.
1063 2297 1101 2338 3.

798 2382 976 2428 ‘Iustum
997 2382 1235 2442 judicium.

110 2498 155 2532 30
297 2488 471 2538 Quidam
502 2488 728 2544 imperator
759 2491 959 2545 regnavit,
994 2492 1062 2546 qui
1095 2493 1240 2534 statuit
1271 2505 1344 2547 pro
1376 2491 1477 2546 lege,
1511 2491 1620 2546 quod
1648 2491 1683 2533 si
1704 2489 1852 2533 mulier

181 2559 255 2601 sub
284 2560 373 2601 viro
406 2559 636 2601 adulterata
666 2564 792 2615 esset,
835 2562 923 2605 sine
954 2563 1237 2605 misericordia
1268 2563 1317 2605 de
1350 2562 1431 2605 alto
1463 2566 1602 2605 monte
1632 2562 1880 2619 precipitat
1933 2556 1934 2567 ¹

180 2633 304 2672 retur.
353 2630 517 2672 Accidit
548 2644 686 2685 caSUS,
719 2633 824 2686 quod
859 2633 1033 2688 quedam
1066 2634 1213 2676 mulier
1244 2634 1319 2676 sub
1350 2634 1438 2676 viro
1471 2647 1543 2676 suo
1576 2637 1664 2676 erat
1696 2633 1852 2676 adulte-

180 2705 285 2755 rata,
317 2702 456 2743 statim
490 2702 712 2744 secundum
744 2703 874 2757 legem
908 2704 957 2746 de
990 2705 1241 2763 altomonte
1272 2705 1350 2748 fuit
1379 2705 1637 2761 precipitata.
1691 2704 1772 2747 Sed
1802 2704 1853 2746 de

182 2776 322 2814 monte
353 2776 438 2814 tam
472 2773 651 2815 suaviter
683 2773 907 2829 descendit,
941 2776 1048 2830 quod
1080 2776 1121 2818 in
1153 2776 1265 2818 nullo
1286 2776 1372 2819 lesa
1394 2780 1494 2819 erat.
1542 2776 1676 2819 Ducta
1708 2778 1770 2818 est
1801 2774 1853 2817 ad

112 2851 157 2886 35
177 2842 390 2896 judicium.
439 2843 575 2886 Judex
605 2844 768 2898 videns,
809 2846 917 2900 quod
955 2850 1118 2889 mortua
1155 2861 1237 2889 non
1276 2850 1400 2900 esset,
1442 2847 1688 2890 sententiam
1726 2846 1852 2900 dedit,

182 2913 330 2955 iterum
367 2913 566 2970 [deberet]
601 2916 841 2971 precipitari
874 2922 914 2960 et
935 2919 1051 2960 mori.
1099 2918 1172 2960 Ait
1193 2918 1359 2961 mulier:
1391 2918 1580 2973 Domine,
1613 2919 1648 2960 si
1670 2917 1728 2960 sic
1747 2917 1853 2960 fece-

182 2984 287 3038 ritis,
319 2990 463 3028 contra
492 2987 623 3041 legem
657 2988 790 3040 agitis.
839 2987 922 3031 Lex
957 2989 1056 3043 vult,
1091 2990 1198 3044 quod
1225 2989 1361 3032 nullus
1383 2990 1504 3033 debet
1525 2990 1587 3033 bis
1609 2989 1747 3045 puniri
1777 3001 1852 3044 pro
