1949 3162
999 38 1084 79 516

201 153 345 186 contra
375 152 411 185 te
444 144 574 185 locum
606 145 851 186 honoratum
882 152 998 196 tenet,
1035 146 1108 199 qui
1137 145 1309 185 multum
1331 145 1462 186 dolet?
1495 147 1566 186 Ait
1586 159 1682 186 reat:
1718 144 1752 186 O
1785 145 1877 186 dul-

201 218 258 257 cis
279 216 390 268 filia,
414 214 581 267 juvenis
612 217 687 257 iste
718 216 954 270 naufrayus
986 223 1044 256 est
1074 223 1111 256 et
1138 217 1361 270 qymnasia
1381 216 1484 256 milii
1500 217 1736 271 qratissime
1754 215 1877 270 fecit,

194 294 372 343 propter
404 287 516 340 quod
546 287 603 326 ad
633 301 772 328 cenam
803 288 949 327 ‘vocavi
978 285 1119 335 illum‚·
1160 288 1251 340 quis
1283 294 1418 328 autem
1456 289 1509 328 sit
1546 290 1704 338 nescio3
1743 287 1814 328 sed
1843 288 1882 328 si

199 359 262 398 vis
301 359 427 409 scire,
475 358 688 413 interroya
727 373 837 407 eum‚·
885 366 920 398 te
959 358 1070 398 decet
1107 359 1246 398 omnia
1285 372 1423 410 nosse,
1464 366 1501 399 et
1527 359 1741 413 forsitan,
1783 359 1881 399 dum

154 433 175 468 5
201 430 453 484 moneberis,
487 428 739 470 misereberis
772 431 818 470 ei.
854 429 940 469 Hec
972 430 1145 470 audiens
1172 430 1314 484 puella
1347 430 1403 470 ad
1423 428 1617 482 juvenem
1647 430 1816 471 accessit
1845 436 1882 470 et

201 502 281 541 ait:
315 498 548 552 Carissime,
579 502 831 555 ⁴qenerosi'tas
862 499 1116 541 nobilitatem
1148 502 1332 541 ostendit.
1370 499 1422 542 Si
1451 500 1527 542 tibi
1556 501 1767 542 molestum
1796 514 1881 542 non

201 579 271 624 est,
305 572 448 612 indica
478 571 581 611 milii
609 586 757 612 nomen
788 579 901 612 tuum
933 579 969 612 et
990 587 1108 612 casus
1130 579 1230 613 tuos.
1276 571 1333 612 Et
1362 572 1452 612 ille.-
1487 571 1540 614 Si
1557 587 1704 614 nomen
1726 572 1878 627 queris,

199 644 246 683 in
275 657 389 683 mare
413 643 600 698 perdidi,
634 644 672 683 si
700 643 975 694 nobilitatem,
1016 642 1127 697 Tyro
1159 642 1322 697 reliqui.
1377 643 1452 684 Ait
1476 643 1646 698 puella:
1686 644 1881 699 Apertius

201 715 282 767 dic,
315 722 361 755 ut
389 714 648 769 intelliyam!
702 713 818 755 Tunc
850 714 1133 770 A]⁷)pollonius
1169 728 1315 755 nomen
1353 730 1472 755 suum
1511 723 1548 756 et
1587 729 1722 756 omnes
1763 728 1882 755 casus

131 791 175 825 10
201 787 399 841 exposuit.
436 785 590 826 Finitis
622 785 876 826 sermonibus
896 786 1082 840 fundere
1123 786 1316 826 lacrimas
1357 787 1473 841 cepit.
1531 785 1660 838 Quem
1697 793 1743 827 ut
1777 785 1884 826 vidit

199 871 273 898 rex
298 858 485 911 flentem,
528 857 589 896 ait
614 857 734 909 filie:
774 857 890 897 Nata
928 858 1081 909 dulcis,
1118 859 1304 912 peccasti
1318 873 1330 906 ;
1369 858 1469 897 dum
1506 872 1653 898 nomen
1690 864 1727 898 et
1763 871 1882 898 casus

201 929 468 970 adolescentis
498 930 694 983 petii-isti,
731 937 877 969 veteres
910 927 994 981 ejus
1027 929 1187 970 dolores
1218 930 1436 969 renovasti.
1479 928 1629 969 Dulcis
1651 943 1746 984 erqo
1767 927 1880 981 filia,

201 1014 249 1040 ea·
282 1015 362 1054 quo
393 999 487 1052 jam
518 1001 596 1040 scis
634 1001 864 1051 veritate-m,
895 1000 1055 1053 justum
1088 1008 1164 1051 est,
1206 1007 1250 1041 ut
1288 1000 1573 1041 liberalitatem
1611 1007 1725 1041 tuam
1762 1000 1885 1055 quasi

200 1073 360 1127 ‘reqiam
393 1072 431 1112 ei
461 1072 661 1112 ostendas.
716 1072 866 1112 Puella
905 1080 949 1112 ut
989 1073 1151 1112 ctztclicit
1185 1072 1432 1113 voluntatem
1458 1073 1619 1128 patris,
1659 1072 1882 1127 respiciens

92 1153 94 1155 ’
131 1146 175 1181 15
191 1141 385 1195 juvenem
416 1143 497 1183 ait:
531 1142 683 1183 Noster
715 1158 768 1193 es,
803 1142 1062 1198 Appolloni!
1089 1143 1264 1198 Depone
1294 1158 1492 1184 merorem
1523 1151 1560 1184 et
1589 1159 1615 1183 a
1641 1150 1765 1198 patre
1794 1156 1881 1184 meo

203 1213 472 1268 locu-7⁷›letei-is.
516 1213 797 1269 Appollonius
820 1230 910 1254 cum
939 1216 1091 1269 qemitu
1125 1222 1161 1254 et
1184 1216 1427 1255 uerecundia
1445 1216 1607 1270 ytatius
1630 1216 1719 1270 eyit.
1767 1213 1883 1255 Tunc

199 1299 273 1324 rem
314 1286 375 1325 ait
400 1284 492 1337 filie
535 1299 626 1325 sue:
668 1285 802 1339 Defer
839 1286 962 1326 liram
972 1319 982 1337 ,
1024 1294 1068 1326 ut
1107 1301 1196 1326 cum
1235 1294 1357 1327 cantu
1397 1286 1598 1326 emltilares
1637 1287 1879 1327 convivium.

200 1355 352 1396 Puella
379 1354 509 1408 jussit
547 1355 628 1396 sibi
665 1356 810 1411 afferri
848 1357 970 1397 liram
1010 1365 1046 1397 et
1084 1359 1191 1412 cepit
1229 1373 1319 1398 cum
1360 1359 1473 1398 omni
1510 1357 1724 1398 dulcedine
1759 1357 1883 1397 liram

194 1434 420 1482 percutere.
467 1426 615 1468 Omnes
648 1442 736 1468 eam
767 1436 961 1483 ceperunt
993 1429 1166 1470 lsiildare
1197 1437 1233 1470 et
1264 1430 1419 1469 dicere:
1450 1428 1551 1469 Non
1574 1435 1711 1484 potest
1738 1427 1883 1468 melius

130 1503 175 1538 20
200 1513 273 1539 nec
305 1499 466 1539 dulcius
498 1499 652 1539 audiri.
704 1498 818 1539 Inter
850 1514 951 1554 quos
983 1501 1093 1541 solus
1126 1500 1403 1555 Appollonius
1436 1502 1572 1541 tacuit.
1614 1499 1691 1540 Ait
1720 1500 1758 1540 ei
1784 1513 1880 1539 rex:

201 1569 449 1625 Appolloni‚
486 1569 637 1624 fedam
674 1585 761 1610 ‘rem
794 1570 924 1624 facis.
994 1570 1141 1613 Omnes
1171 1572 1310 1624 filiam
1347 1586 1477 1612 meam
1513 1573 1559 1612 in
1599 1579 1688 1612 arte
1724 1571 1884 1611 musica

203 1641 397 1690 laudant3
431 1656 559 1696 quare
591 1649 632 1681 tu
665 1642 775 1682 solus
808 1644 1047 1698 vituperas?
1090 1643 1166 1684 Ait
1194 1643 1285 1684 ille:
1318 1643 1436 1683 Bone
1465 1657 1552 1694 rein,
1586 1644 1624 1683 si
1646 1643 1880 1698 permittas,

201 1713 314 1764 dico,
358 1713 470 1767 quod
509 1714 648 1753 sentio.
703 1712 820 1754 Filia
858 1722 929 1754 tua
966 1715 1012 1754 in
1044 1722 1173 1755 artem
1203 1716 1401 1755 musicam
1431 1715 1598 1755 incessit
1635 1721 1671 1755 et
1698 1714 1883 1754 nondum

201 1784 350 1824 didicit
359 1800 371 1833 ;
403 1785 534 1839 i'gsitu'r
555 1783 704 1836 jubeas
735 1785 839 1825 milii
869 1786 984 1826 tradi
1005 1787 1128 1826 liram
1151 1793 1186 1827 et
1206 1787 1345 1827 statim
1365 1788 1487 1839 scias,
1522 1786 1634 1840 quod
1653 1784 1886 1826 nescivisti!

89 1843 91 1847 ¹
131 1861 176 1896 25
203 1854 294 1895 Rex
325 1856 406 1896 ait:
439 1855 687 1911 Appolloni,
720 1858 837 1897 video
870 1865 906 1897 te
938 1859 1143 1898 eruditum
1173 1859 1217 1898 in
1251 1858 1448 1899 omnibus.
1495 1857 1631 1898 Jussit
1659 1855 1741 1897 sibi
1769 1856 1885 1897 tradi

203 1926 327 1966 liram
365 1934 402 1967 et
439 1941 597 1982 eyresso
632 1928 760 1981 foras
800 1943 955 1969 corona
995 1930 1144 1984 capitis
1185 1943 1275 1970 eum
1321 1930 1548 1981 decoravit,
1597 1929 1883 1984 accipiensque

203 1997 328 2038 liram
365 1999 545 2039 intravit
577 2000 824 2051 triclinium,
858 2000 1061 2055 pulsabat
1097 2008 1191 2041 ante
1227 2015 1362 2056 reyem
1400 2007 1516 2041 tanta
1552 1999 1790 2051 dulcedine,
1837 2005 1884 2040 ut

204 2083 339 2110 omnes
370 2083 453 2110 non
476 2069 512 2109 A
514 2070 781 2125 ppollonxium
811 2073 883 2112 sed
903 2071 1172 2127 Appollinem
1195 2072 1410 2113 crederent.
1459 2070 1770 2112 Discumbentes
1791 2084 1882 2110 cum

201 2154 297 2195 φερε
328 2141 541 2193 diaerunt,
583 2143 695 2196 quod
724 2157 938 2197 nunquam
969 2144 1113 2184 melius
1145 2144 1357 2184 audissent
1385 2158 1458 2184 nec
1494 2143 1702 2184 vidissent.
1764 2141 1882 2182 Filia

132 2217 178 2251 30
202 2212 311 2266 reqis
343 2211 413 2252 liec
444 2213 616 2253 audiens
648 2215 870 2269 respiciens
892 2214 1086 2268 juvenem
1116 2222 1240 2270 capta
1271 2222 1328 2255 est
1354 2216 1402 2255 in
1432 2228 1612 2255 amorem
1640 2213 1725 2267 ejus
1756 2220 1794 2254 et
1823 2213 1883 2254 ait

203 2283 260 2323 ad
291 2290 458 2338 patrem
498 2298 640 2324 suum:
693 2284 727 2325 O
765 2293 905 2340 pater,
940 2287 1160 2341 permittas
1199 2301 1261 2326 me
1292 2287 1393 2326 dare
1420 2285 1588 2339 juveni,
1632 2285 1744 2340 quod
1780 2283 1884 2325 milii

198 2354 348 2409 placet.
383 2354 459 2395 Ait
488 2369 582 2395 rem:
614 2355 827 2397 Permitto.
874 2357 959 2398 Illa
990 2359 1212 2412 respiciens
1236 2357 1535 2412 Appollonium
1566 2358 1647 2398 ait:
1679 2357 1882 2411 Maqister

204 2424 459 2480 Appolloni,
508 2427 649 2481 accipe
695 2441 742 2467 ea·
779 2428 1037 2483 ‘z‘oiclulyeiiti'ct
1075 2430 1212 2483 patris
1251 2430 1332 2469 mei
1367 2430 1465 2469 auri
1500 2429 1674 2469 ducenta
1712 2427 1879 2479 talenta,

204 2498 368 2552 arqenti
406 2496 534 2537 libras
574 2498 898 2553 quadrinfsentas
938 2507 1164 2554 vestemque
1201 2501 1412 2554 copiosam
1448 2514 1585 2540 servos
1620 2514 1703 2551 xx,
1743 2513 1771 2540 x
1804 2513 1888 2540 ane

133 2571 178 2606 35
205 2567 333 2607 cillas.
371 2566 530 2619 Quibus
562 2569 642 2608 ait:
675 2568 843 2623 Afferte‚
879 2558 990 2624 Quod
1013 2571 1219 2626 promisi!
1263 2571 1320 2612 Et
1342 2570 1603 2626 presentibus
1635 2570 1779 2610 amicis
1811 2582 1880 2610 ea·-

200 2639 338 2692 posito
371 2638 552 2679 triclinio
575 2638 700 2691 jussu
731 2642 870 2695 reyine
901 2641 1032 2682 allata
1063 2650 1158 2682 sunt
1189 2643 1337 2682 omnia.
1381 2641 1471 2694 Quo
1491 2642 1614 2695 ’facto
1647 2641 1884 2682 levaverunt

204 2723 245 2749 se
278 2723 412 2749 omnes
445 2717 482 2750 et
512 2710 718 2751 licenciati
748 2712 1027 2753 discesserunt.
1077 2712 1359 2768 Appollonius
1391 2714 1471 2754 ait:
1507 2712 1626 2753 Bone
1655 2727 1729 2753 rea:
1758 2713 1879 2753 mise-

203 2794 346 2820 rorum
379 2781 611 2821 misericors
651 2788 688 2821 et
717 2789 759 2821 tu
790 2784 936 2837 ‘regrina
975 2785 1157 2824 amatria'
1187 2784 1418 2824 studiorum
1456 2791 1493 2825 et
1522 2784 1713 2824 dilectrix
1736 2782 1878 2839 philo-

205 2851 366 2905 sophie,
398 2852 551 2892 valete!
581 2848 698 2904 [123]
744 2852 801 2893 Et
832 2855 1054 2908 respiciens
1073 2854 1286 2908 famulos,
1329 2869 1430 2909 quos
1461 2854 1544 2895 sibi
1570 2856 1717 2910 reyina
1747 2855 1878 2896 dona-

134 2927 180 2960 40
204 2930 333 2973 verat,
366 2924 446 2963 ait:
487 2922 693 2974 Attollite,
721 2923 898 2976 famuli,
932 2925 1024 2977 lieo,
1067 2940 1145 2979 que
1182 2926 1286 2966 milii
1315 2926 1414 2967 data
1444 2934 1558 2978 sunt,
1599 2934 1637 2967 et
1674 2940 1812 2967 eamus
1844 2933 1880 2967 et
