1919 3157
861 75 946 116 465

75 179 225 221 virtute
264 179 413 234 lapidis
457 179 584 221 multa
625 180 730 221 bona
764 180 979 234 acquisivit
1022 184 1060 221 et
1102 180 1142 220 in
1187 179 1382 221 miliciam
1423 185 1485 222 est
1524 187 1758 235 promotus;

75 248 183 303 quod
215 249 447 303 intelligens
480 250 706 305 imperator
739 264 829 293 eum
864 251 914 292 ad
937 264 980 292 se
1015 250 1154 292 venire
1188 251 1371 305 precepit
1405 255 1444 292 et
1476 250 1655 306 lapidem
1689 251 1760 294 ha—

75 318 170 361 bere
192 319 321 362 voluit
344 334 417 374 pro
443 322 640 376 pecuniis,
675 327 745 363 aut
778 327 894 364 extra
918 335 1087 374 regnum
1114 321 1234 362 mitti.
1285 321 1358 363 Ait
1380 319 1533 363 Guido:
1568 321 1758 376 Domine,

72 389 251 445 lapidem
287 391 475 444 vendam,
509 393 577 434 sed
613 407 737 434 unum
772 393 883 438 dico:
918 393 952 434 si
985 406 1064 433 non
1100 392 1279 434 valorem
1308 392 1431 434 michi
1465 393 1674 446 dederitis,
1709 394 1759 436 ad

73 474 138 503 me
178 461 339 504 redibit.
395 462 470 512 Qui
511 463 623 505 dedit.
655 464 731 505 sibi
765 464 960 506 tricentos
994 462 1188 515 florenos,
1227 476 1348 517 quem
1382 468 1518 505 tamen
1553 463 1685 506 Guido
1718 466 1760 506 in
1785 471 1807 504 5

73 545 168 574 arca
206 547 281 575 sua
318 533 494 585 invenit,
542 540 582 576 et
624 535 862 589 imperatori
903 534 1102 584 reddidit;
1152 534 1220 587 qui
1262 534 1472 576 admirans
1514 535 1637 577 dixit:
1683 535 1761 578 Dic

73 603 218 657 michi,
262 604 368 647 unde
407 604 584 660 lapidem
621 605 826 647 habuisti?
868 605 937 647 llle
971 618 1065 646 vero
1099 618 1122 646 a
1155 605 1358 660 principio
1391 618 1520 659 usque
1552 606 1604 647 ad
1637 605 1759 648 finem

72 675 277 728 narravit,
311 676 514 730 quomodo
548 676 797 718 senescallus
833 677 873 717 in
905 676 1064 717 foveam
1100 676 1248 718 cecidit
1278 689 1369 717 cum
1403 675 1533 729 leone,
1568 677 1689 719 simia
1721 681 1762 719 et

72 751 283 800 serpente,
326 751 365 788 et
404 747 510 800 quod
552 761 626 802 pro
660 747 846 790 mercede
890 746 1127 788 vulneratus
1166 747 1246 788 fuit
1279 761 1301 788 a
1333 746 1557 789 senescallo
1591 751 1631 790 et
1663 747 1760 802 quid

73 829 97 858 a
127 815 257 870 leone,
291 818 412 859 simia
444 824 484 860 et
515 824 706 874 serpente
738 818 906 873 recepit.
956 817 1043 860 Hoc
1075 817 1246 860 audiens
1279 818 1520 873 imperator,
1553 824 1761 861 commota
1790 825 1830 859 10

71 892 168 929 sunt
199 889 338 931 omnia
371 889 529 931 viscera
562 890 648 943 ejus
682 895 825 932 contra
848 889 1118 931 senescallum
1151 894 1192 931 et
1223 889 1281 931 ait
1313 889 1370 931 ei:
1404 888 1510 939 Quid
1542 894 1617 941 est,
1652 890 1759 944 quod

72 959 194 1000 audio
232 960 282 1002 de
323 961 390 1002 te?
438 961 509 1003 1110
548 975 699 1015 negare
740 975 820 1003 non
864 965 1046 1016 poterat3
1096 961 1160 1002 cui
1200 960 1446 1015 imperator:
1495 960 1527 1003 O
1567 962 1758 1016 pessime,

71 1043 263 1084 magnam
298 1032 638 1085 ingratitudinem
671 1032 804 1074 fecisti
838 1031 1031 1084 Guidoni,
1064 1045 1114 1074 ex
1143 1045 1222 1086 quo
1255 1031 1305 1074 de
1327 1031 1509 1086 periculo
1542 1032 1687 1074 mortis
1720 1037 1760 1075 te

70 1101 263 1144 liberavit
293 1107 333 1144 et
367 1102 430 1145 hic
462 1117 553 1145 eum
588 1104 832 1145 semivivum
867 1103 1091 1157 reliquisti!
1132 1102 1165 1145 O
1198 1103 1336 1156 miser,
1371 1116 1462 1144 ecce
1494 1102 1623 1145 bestie
1655 1103 1759 1145 irra-

71 1173 244 1215 tionales
277 1174 383 1215 sicut
413 1173 489 1227 leo,
524 1175 644 1216 simia
676 1180 716 1217 et
747 1188 917 1229 serpens
951 1174 1181 1216 mercedem
1211 1174 1247 1216 ei
1281 1173 1561 1227 reddiderunt,
1594 1178 1639 1216 tu
1662 1188 1758 1216 vero
1788 1181 1830 1215 15

70 1243 190 1286 hodie
230 1250 372 1287 contra
405 1245 555 1287 bonum
596 1245 749 1287 malurn
793 1245 1028 1298 reddidisti,
1071 1248 1111 1286 et
1149 1245 1240 1286 ideo
1281 1245 1418 1287 omnia
1451 1259 1529 1300 que
1562 1245 1686 1287 habes
1719 1249 1761 1287 et

70 1315 312 1369 dignitatem
347 1321 459 1358 tuam
494 1316 672 1359 Guidoni
706 1317 822 1359 dabis
855 1321 896 1359 et
927 1320 966 1358 te
999 1316 1119 1358 hodie
1150 1316 1192 1357 in
1217 1315 1400 1371 patibulo
1424 1316 1758 1371 suspendendum

63 1386 216 1441 judico.
265 1387 380 1438 Quod
414 1388 626 1430 audientes
660 1394 826 1443 satrape
858 1388 1036 1443 imperii,
1071 1387 1129 1429 eis
1163 1387 1318 1442 placuit
1334 1387 1537 1441 judicium
1563 1392 1603 1430 et
1624 1386 1757 1430 Guido

70 1458 289 1513 imperium
323 1459 491 1512 regebat
524 1464 564 1501 et
596 1459 723 1501 vitam
756 1460 796 1500 in
831 1472 931 1514 pace
963 1459 1109 1500 finivit.

189 1531 476 1572 Moraliwcio.
543 1528 662 1584 [101]
697 1530 926 1583 Carissimi,
959 1530 1037 1572 iste
1069 1531 1296 1585 imperator
1321 1534 1383 1572 est
1405 1530 1504 1572 deus
1528 1530 1598 1584 qui
1621 1530 1759 1571 omnia
1784 1535 1829 1569 20

69 1600 202 1653 videt3
243 1615 401 1657 pauper
440 1602 517 1644 iste
558 1607 619 1643 est
657 1601 799 1654 homo,
843 1601 911 1655 qui
951 1601 1077 1642 nichil
1117 1615 1167 1643 ex
1212 1615 1255 1643 se
1294 1601 1436 1654 habet,
1479 1600 1571 1643 Job.
1599 1601 1756 1656 primo:

68 1671 212 1714 Nudus
245 1686 433 1727 egressus
466 1686 555 1714 sum
581 1686 630 1714 ex
654 1677 769 1715 utero
792 1673 937 1714 matris
970 1687 1072 1726 mee,
1105 1672 1239 1714 nudus
1271 1677 1456 1715 revertar
1488 1671 1598 1714 illuc.
1645 1671 1757 1714 Deus

70 1757 293 1799 pauperem
326 1745 451 1787 istum
485 1744 712 1800 promovit,
747 1744 908 1798 quando
942 1757 1035 1786 eum
1069 1744 1279 1786 dominum
1314 1743 1497 1799 paradisi
1530 1743 1756 1786 constituit.

69 1813 307 1858 Psalmista:
350 1816 499 1858 Omnia
531 1815 741 1869 subjecisti
780 1815 854 1857 sub
890 1816 1061 1870 pedibus
1103 1816 1189 1870 ejus
1229 1819 1303 1857 etc.
1361 1813 1517 1867 Fovea,
1558 1815 1600 1855 in
1632 1827 1754 1868 quam

69 1887 228 1940 cecidit,
260 1892 324 1929 est
355 1887 545 1941 mundus,
579 1887 647 1941 qui
680 1890 742 1928 est
775 1886 919 1941 plenus
950 1886 1080 1929 foveis
1104 1886 1261 1928 scilicet
1284 1886 1492 1941 periculis,
1527 1886 1623 1939 quia
1645 1889 1756 1927 totus
1783 1893 1827 1926 25

68 1958 245 2000 mundus
287 1959 327 2000 in
361 1958 540 2011 maligno
573 1958 732 2013 positus
770 1962 843 1999 est.
901 1957 945 1999 In
977 1958 1057 1999 isto
1091 1957 1242 1999 mundo
1281 1957 1429 1999 cecidit
1468 1957 1594 1998 miser
1634 1956 1755 1998 homo

69 2028 110 2070 in
133 2029 283 2071 multas
305 2029 457 2083 foveas,
492 2028 637 2071 Genes.
663 2042 731 2070 111:
766 2028 810 2070 In
834 2029 982 2071 sudore
1014 2028 1151 2071 vultus
1183 2028 1243 2070 tui
1277 2030 1351 2070 etc.
1400 2027 1484 2070 Leo
1517 2028 1557 2069 in
1583 2027 1755 2069 eandem

67 2099 227 2142 foveam
251 2101 412 2154 cecidit,
445 2100 602 2143 scilicet
622 2099 731 2142 filius
754 2099 833 2153 dei,
868 2100 1029 2154 quando
1055 2104 1247 2142 naturam
1269 2099 1491 2141 humanam
1516 2099 1755 2154 assumpsit,

70 2175 110 2212 et
140 2171 181 2213 in
215 2172 382 2214 miseria
414 2185 565 2225 magna
596 2171 767 2224 triginta
799 2172 917 2213 annis
955 2172 1078 2224 vixit,
1121 2170 1362 2213 Psalmista:
1405 2169 1509 2212 Cum
1541 2170 1631 2225 ipso
1664 2183 1754 2212 sum

68 2241 109 2283 in
151 2242 422 2284 tribulacione
468 2247 543 2284 etc.
599 2242 679 2284 Iste
724 2247 787 2284 est
830 2241 916 2295 leo,
964 2242 1014 2284 de
1060 2256 1138 2296 quo
1184 2242 1334 2283 dicitur
1371 2241 1622 2296 Apocalyps.
1656 2254 1754 2282 vm:
1779 2248 1826 2283 30

69 2312 178 2355 Vicit
198 2313 261 2355 leo
284 2314 334 2356 de
356 2314 465 2356 tribu
487 2313 597 2355 Juda
629 2317 703 2355 etc.
753 2313 912 2355 Deinde
944 2313 1066 2355 simia
1096 2313 1122 2354 i.
1147 2326 1181 2355 0.
1214 2316 1287 2354 tua
1307 2312 1564 2354 consciencia
1592 2311 1753 2365 cecidit,

69 2397 147 2439 que
169 2385 219 2426 ad
243 2385 410 2427 modum
433 2384 561 2426 simee
583 2384 735 2426 lacerat
767 2398 827 2437 ea,
861 2398 938 2438 que
971 2384 1008 2426 ei
1030 2384 1263 2439 displicent,
1298 2384 1394 2438 quia
1425 2396 1589 2438 semper
1611 2387 1754 2424 contra

69 2459 281 2510 peceatum
322 2460 565 2498 murmurat.
629 2455 728 2498 Item
769 2469 938 2510 serpens
978 2455 1126 2497 cecidit
1164 2455 1205 2496 in
1245 2455 1427 2508 foveam,
1467 2454 1623 2496 scilicet
1661 2467 1753 2509 pre-

67 2525 176 2568 latus
215 2526 278 2569 vel
317 2527 548 2579 confessor,
589 2527 657 2580 qui
699 2540 790 2568 cum
831 2530 1045 2582 peccatore
1084 2525 1205 2568 debet
1243 2525 1490 2568 descendere
1531 2526 1557 2566 i.
1583 2538 1615 2567 e.
1655 2537 1752 2567 con-

68 2596 206 2640 dolere
237 2597 323 2652 ejus
362 2598 541 2653 peccatis
573 2597 753 2639 secunda
793 2597 844 2638 ad
876 2596 1059 2639 Corinth.
1087 2609 1148 2637 vx:
1190 2595 1289 2646 Quis
1327 2596 1561 2638 infirmatur
1600 2599 1641 2638 et
1679 2608 1752 2649 ego
1777 2604 1822 2639 35

68 2680 149 2709 non
181 2667 394 2710 infirmor?
435 2668 535 2711 Item
569 2666 702 2710 Guido
734 2681 825 2710 cum
859 2668 984 2709 corda
1015 2667 1196 2709 extraxit
1226 2667 1518 2718 senescallum3
1556 2666 1615 2708 sic
1644 2665 1752 2709 filius

69 2738 134 2781 dei
165 2752 256 2782 cum
289 2739 414 2782 corda
446 2739 650 2794 passionis
683 2752 754 2781 sue
785 2752 860 2780 nos
893 2738 1076 2780 extraxit
1106 2737 1156 2780 de
1186 2737 1306 2779 fovea
1337 2738 1503 2780 miserie
1538 2741 1579 2780 et
1607 2737 1657 2779 de
1680 2750 1751 2792 po-

68 2813 217 2854 testate
257 2810 430 2864 diaboli,
471 2810 542 2852 sed
581 2810 707 2852 miser
746 2809 866 2851 homo
909 2809 984 2851 hoc
1024 2822 1105 2850 non
1137 2809 1327 2851 obstante
1358 2808 1543 2861 ingratus
1576 2807 1752 2850 efficitur

69 2879 164 2934 deo,
205 2882 400 2936 quociens
431 2885 575 2923 contra
606 2881 737 2934 legem
777 2880 843 2922 dei
884 2883 1037 2934 peccat.
1094 2878 1226 2922 Guido
1267 2883 1356 2922 erat
1393 2878 1652 2931 verberatus3
1692 2879 1751 2921 sic

49 2950 211 3006 homo,
251 2952 413 3008 quando
446 2952 675 2994 mortaliter
715 2955 876 3006 peccat,
917 2955 1115 3005 quantum
1157 2951 1199 2992 in
1233 2964 1278 2992 eo
1321 2954 1402 3003 est,
1442 2950 1562 2992 deum
1601 2950 1750 2993 iterato
1775 2960 1820 2994 40

131 3033 348 3071 Oesterley.
371 3034 463 3062 Gesta
484 3033 695 3061 Romanorum.
1425 3025 1471 3059 30
