1929 3162
949 53 1033 95 298

148 162 260 204 ribus
294 165 333 203 et
357 160 539 216 pontifici
563 159 784 214 retulisset,
818 164 858 202 et
887 158 948 201 illi
971 158 1021 200 ad
1044 171 1136 200 eum
1158 159 1397 211 intrassent,
1429 157 1643 200 dixerunt:
1677 157 1828 208 Quam-

147 234 209 276 vis
250 236 486 289 peccatores
528 245 691 286 sumus,
739 231 920 285 gerimus
961 234 1098 272 tamen
1136 230 1253 283 regni
1292 229 1570 283 gubernacula
1608 233 1649 272 et
1689 242 1830 272 curam

147 303 424 347 universalem
458 302 672 356 regiminis
705 302 938 358 pastoralis.
991 301 1057 343 Da
1089 314 1184 355 ergo
1216 301 1334 343 nobis
1366 306 1542 355 cartam,
1575 305 1621 343 ut
1651 301 1830 343 sciamus

147 390 225 431 que
257 376 299 417 111
332 388 380 417 ea
412 374 567 430 scripta
599 377 706 416 sunt.
755 374 810 415 Et
832 373 1027 416 accedens
1054 372 1240 428 pontifex
1263 376 1420 415 cartam
1442 373 1485 415 in
1507 386 1631 415 manu
1654 371 1832 427 sumpsit

147 452 187 490 et
218 447 358 489 statim
392 446 563 499 dimisit,
596 446 772 499 fecitque
805 458 895 487 eam
926 444 1006 498 legi
1040 457 1177 486 coram
1219 445 1330 486 omni
1371 444 1524 500 populo
1565 448 1605 486 et
1643 442 1830 485 multitu-

146 519 241 561 dine
273 521 313 560 et
344 520 463 573 patre
496 517 595 571 ejus.
644 517 915 559 Eufemianus
937 516 1014 558 hoc
1036 515 1207 557 audiens
1229 515 1357 557 nimio
1380 517 1528 558 timore
1560 514 1828 557 conturbatus

146 589 359 645 obstupuit
398 591 439 630 et
477 589 611 630 factus
650 588 852 631 exanimis
892 587 1166 642 resolutisque
1205 586 1362 629 viribus
1401 588 1444 628 111
1482 591 1635 629 terram
1668 586 1827 629 cecidit.

146 661 246 703 Cum
281 673 377 703 vero
411 660 461 702 ad
492 674 535 702 se
557 659 860 715 aliquantulum
884 659 1072 712 redisset,
1107 658 1354 700 vestimenta
1377 672 1451 700 sua
1473 657 1607 712 scidit,
1640 658 1830 714 cepitque

145 746 268 775 canos
300 731 448 787 capitis
482 732 545 773 sui
579 731 774 784 evellere,
814 730 987 772 barbam
1024 729 1188 772 trahere
1221 733 1344 784 atque
1376 729 1643 785 semetipsum
1677 729 1830 772 discer-

76 809 119 843 10
145 817 263 860 pere,
305 816 352 845 ac
391 816 515 858 super
554 801 683 844 filium
726 816 845 844 suum
885 815 1080 844 corruens
1121 801 1389 843 exclamavit:
1428 800 1519 843 Heu
1550 814 1637 854 me,
1669 799 1727 842 fili
1758 801 1829 855 mi,

145 889 270 930 quare
303 875 361 917 sic
392 888 458 916 me
490 874 747 916 contristasti
780 879 820 916 et
852 887 926 929 per
947 877 1008 915 tot
1032 886 1159 915 annos
1183 872 1344 914 dolores
1367 876 1407 914 et
1428 872 1604 926 gemitus
1627 885 1674 915 ac
1696 872 1830 928 suspi-

142 947 206 989 ria
235 946 472 989 incurristi?
520 945 611 988 Heu
634 959 698 987 me
722 945 1016 998 miserrimum,
1051 944 1147 999 quia
1169 944 1287 986 video
1310 947 1350 985 te
1373 943 1581 986 custodem
1607 943 1829 986 senectutis

143 1031 233 1061 mee
265 1018 307 1059 in
339 1017 510 1071 grabato
537 1017 744 1071 jacentem
779 1019 820 1058 et
851 1029 932 1058 non
965 1016 1089 1058 michi
1122 1015 1381 1070 loquentem!
1431 1013 1522 1056 Heu
1555 1028 1633 1069 me,
1667 1015 1829 1070 qualem

145 1090 194 1132 de
217 1093 352 1132 cetero
376 1088 703 1131 consolacionem
727 1087 878 1129 habere
899 1087 1069 1143 potero?
1114 1086 1248 1129 Mater
1271 1099 1366 1128 vero
1396 1085 1472 1128 hoc
1495 1086 1679 1141 audiens,
1714 1088 1830 1142 quasi

76 1166 119 1201 15
144 1161 262 1204 leena
293 1173 490 1216 rumpens
522 1163 628 1213 rete,
663 1159 721 1201 ita
752 1159 890 1201 scissis
923 1159 1195 1212 vestimentis,
1232 1172 1349 1200 coma
1381 1157 1583 1200 dissoluta
1614 1158 1665 1200 ad
1697 1158 1829 1201 celum

145 1232 283 1275 oculos
315 1231 480 1275 levabat
511 1234 552 1273 et
583 1244 675 1273 cum
708 1244 782 1286 pre
813 1231 942 1272 nimia
965 1230 1228 1273 multitudine
1252 1230 1303 1272 ad
1326 1233 1513 1272 sanctum
1536 1243 1684 1285 corpus
1717 1229 1830 1273 adire

144 1317 227 1346 non
258 1306 412 1359 posset,
445 1302 640 1345 clamavit
671 1302 830 1344 dicens:
873 1302 980 1344 Date
1011 1302 1137 1345 michi
1170 1302 1341 1356 aditum,
1374 1304 1420 1343 ut
1452 1301 1610 1344 videam
1645 1301 1830 1344 consola—

144 1377 303 1419 cionem
335 1375 471 1417 anime
503 1387 606 1427 mee,
640 1387 718 1428 que
750 1374 863 1416 suxit
892 1373 1019 1416 ubera
1050 1388 1154 1416 mea.
1199 1373 1367 1415 Etcum
1390 1373 1647 1428 pervenisset
1668 1372 1720 1415 ad
1741 1386 1829 1416 cor-

144 1461 235 1503 pus,
268 1446 509 1489 incumbens
542 1459 665 1501 super
695 1445 799 1487 illud
830 1445 1055 1487 clamabat:
1095 1445 1185 1488 Heu
1218 1458 1297 1498 me,
1330 1444 1389 1486 fili
1419 1445 1477 1486 mi
1509 1444 1735 1498 carissime,
1767 1444 1828 1486 lu-

74 1527 119 1562 20
144 1533 238 1561 111611
270 1518 480 1561 oculorum
514 1531 713 1570 meorum,
747 1531 874 1572 quare
907 1517 965 1559 sic
996 1517 1114 1559 nobis
1138 1516 1299 1559 fecisti?
1346 1516 1480 1566 Quare
1502 1519 1586 1558 tam
1609 1515 1830 1559 crudeliter

144 1591 358 1633 nobiscum
392 1589 537 1643 egisti?
590 1588 769 1631 Videbas
807 1593 967 1643 patrem
1009 1592 1123 1630 tuum
1166 1592 1206 1630 et
1242 1601 1308 1630 me
1340 1588 1534 1630 miseram
1565 1587 1829 1630 lacrimantes

146 1666 186 1705 et
217 1675 298 1704 non
332 1661 575 1704 ostendebas
605 1660 785 1715 teipsum
817 1660 948 1702 nobis.
999 1660 1115 1702 Servi
1137 1660 1197 1702 tui
1219 1659 1523 1714 injuriabantur
1546 1659 1621 1702 tibi
1643 1663 1683 1701 et
1704 1660 1829 1702 susti-

144 1733 284 1776 nebas.
334 1733 389 1775 Et
420 1733 571 1775 iterum
606 1735 728 1786 atque
760 1732 911 1774 iterum
943 1732 1233 1788 prosternebat
1264 1745 1307 1774 se
1339 1745 1462 1786 super
1485 1744 1634 1787 corpus
1660 1735 1700 1774 et
1720 1745 1830 1774 nunc

144 1805 313 1848 brachia
344 1818 468 1860 super
499 1803 602 1846 illud
634 1803 901 1857 extendebat,
942 1817 1051 1846 nunc
1091 1807 1227 1845 autem
1261 1802 1450 1845 manibus
1482 1802 1643 1845 vultum
1675 1802 1829 1857 angeli-

75 1884 119 1919 25
145 1890 238 1920 cum
269 1875 551 1919 contrectabat
591 1878 631 1916 et
663 1874 852 1917 osculans
886 1874 1111 1918 clamabat:
1150 1874 1316 1917 Plorate
1354 1887 1516 1917 mecum
1555 1888 1719 1928 omnes,
1759 1875 1829 1929 qui

146 1948 313 2002 adestis,
347 1948 444 2003 quia
475 1961 548 2003 per
582 1959 676 1988 xvn
708 1959 837 1988 annos
872 1959 964 1988 eum
997 1946 1039 1987 in
1073 1946 1194 1988 domo
1218 1960 1309 1989 mea
1330 1946 1455 1989 habui
1477 1950 1518 1989 et
1537 1959 1620 1988 non
1642 1946 1828 2000 cognovi,

147 2020 215 2074 qui
247 2020 392 2062 unicus
425 2032 540 2061 meus
573 2021 693 2060 esset.
748 2017 865 2059 Servi
906 2017 1016 2060 enim
1057 2018 1143 2072 ejus
1189 2017 1312 2072 [1432]
1353 2017 1688 2060 conviciabantur
1719 2017 1758 2060 ei
1789 2021 1830 2060 et

147 2091 278 2147 alapis
318 2104 411 2133 eum
451 2089 754 2146 percuciebant.
815 2088 905 2131 Heu
944 2102 1032 2143 me,
1081 2090 1172 2144 quis
1211 2089 1326 2132 dabit
1365 2089 1494 2132 oculis
1532 2089 1634 2131 meis
1672 2089 1828 2131 fontem

145 2162 435 2216 lacrimarum,
474 2165 520 2203 ut
551 2161 745 2217 plangam
780 2161 846 2202 die
879 2173 924 2202 ac
965 2163 1085 2202 nocte
1117 2161 1300 2203 dolorem
1333 2161 1468 2203 anime
1499 2160 1615 2202 mee?
1667 2159 1829 2216 Sponsa

76 2244 121 2278 30
146 2248 242 2277 vero
276 2235 363 2288 ejus
395 2233 541 2275 induta
573 2237 685 2275 veste
719 2232 917 2274 adriatica
948 2233 1130 2274 cucurrit
1160 2232 1328 2287 plorans
1361 2236 1402 2274 et
1433 2232 1594 2274 dicens:
1625 2231 1717 2275 Heu
1747 2245 1827 2285 me,

148 2306 244 2361 quia
275 2305 396 2348 hodie
429 2304 612 2347 desolata
644 2318 734 2346 sum
767 2307 807 2346 et
839 2317 1018 2359 appareo
1049 2303 1189 2346 vidua!
1236 2303 1332 2346 Jam
1356 2317 1438 2346 non
1465 2303 1609 2358 habeo,
1640 2303 1683 2345 111
1705 2317 1827 2358 quem

147 2378 419 2434 perspiciam,
459 2389 533 2418 nec
571 2377 614 2417 in
655 2389 773 2430 quem
807 2375 945 2417 oculos
977 2375 1123 2417 levem.
1175 2375 1294 2417 Nunc
1324 2379 1488 2430 raptum
1522 2378 1584 2417 est
1615 2373 1827 2430 speculum

147 2464 298 2503 meum,
332 2448 456 2505 periit
488 2461 581 2503 spes
613 2461 716 2489 mea.
765 2447 970 2489 Ammodo
1002 2446 1158 2501 incepit
1188 2446 1317 2501 dolor,
1351 2446 1420 2500 qui
1440 2445 1563 2488 finem
1585 2459 1668 2488 non
1688 2445 1825 2488 habet.
1881 2485 1885 2486 ⁷

99 453 120 488 Οἱ

147 2521 329 2578 Populus
362 2523 499 2562 autem
532 2518 701 2561 audiens
734 2518 809 2561 hec
841 2517 1152 2561 lacrimabiliter
1182 2517 1318 2560 flebat.
1371 2517 1485 2560 Tunc
1516 2517 1703 2573 pontifex
1733 2530 1827 2559 cum
1891 2549 1896 2552 s

77 2600 122 2634 35
148 2592 468 2649 imperatoribus
510 2593 737 2646 posuerunt
775 2604 923 2646 corpus
963 2590 1005 2631 111
1042 2589 1243 2632 honorato
1281 2589 1432 2631 feretro
1472 2592 1513 2631 et
1548 2588 1754 2631 duxerunt
1783 2588 1825 2630 in

149 2664 360 2706 civitatem
392 2663 585 2715 mediam,
619 2665 659 2704 et
689 2662 930 2704 nunciatum
963 2664 1025 2703 est
1056 2661 1222 2717 populo,
1254 2661 1467 2703 inventum
1498 2673 1587 2702 esse
1617 2659 1825 2702 hominem

149 2735 235 2788 dei,
275 2749 396 2790 quem
434 2734 580 2776 civitas
618 2736 706 2775 tota
747 2733 944 2788 querebat
981 2736 1022 2775 et
1053 2746 1193 2775 omnes
1227 2732 1387 2775 obviam
1421 2731 1640 2774 currebant
1669 2735 1823 2773 sancto.

152 2806 196 2848 Si
228 2807 318 2861 quis
352 2810 489 2849 autem
519 2804 707 2847 infirmus
739 2804 841 2847 illud
872 2818 1020 2861 corpus
1050 2804 1376 2846 sacratissimum
1397 2802 1606 2857 tangebat,
1637 2803 1825 2859 protinus

149 2877 390 2932 curabatur,
433 2877 517 2920 ceci
548 2877 681 2919 visum
714 2876 989 2932 recipiebant,
1030 2864 1259 2918 demoniaci
1298 2874 1580 2918 liberabantur
1612 2877 1652 2917 et
1683 2887 1824 2916 omnes

243 2960 286 2994 12
311 2959 501 3002 incurristi]
529 2964 614 3005 oriq.
633 2958 824 2992 incussisti.
