1919 3157
733 246 833 300 ⁶219,
867 260 969 301 app.
994 248 1065 290 23.

180 343 308 387 Filius
340 346 491 401 quippe
522 347 630 400 regis
662 346 905 389 iherusalem
941 348 1206 403 desponsavit
1236 347 1313 389 sibi
1345 347 1470 390 filiam
1512 350 1620 403 regis
1656 349 1728 392 ba-

64 414 223 457 bilonis.
282 417 586 472 Acceptamque
631 418 802 460 tradidit
848 418 1112 460 erudiendam
1160 423 1280 472 atque
1320 419 1543 461 ornandam
1591 420 1729 463 subter

63 499 207 529 manus
239 487 431 529 custodis.
484 488 573 543 Ipse
606 502 700 530 vero
743 489 843 531 abiit
874 495 1109 532 construere
1146 489 1397 542 convivium,
1438 504 1558 545 quam
1596 491 1728 534 denuo

61 570 248 600 reversus
280 571 371 600 cum
404 563 605 614 apparatu
637 561 816 602 maximo
848 560 1044 602 talamum
1078 573 1214 603 secum
1247 561 1298 602 ad
1330 561 1495 616 nuptias
1518 566 1729 604 ornatores

61 641 210 683 sponse
248 628 398 672 ducens
446 630 483 671 in
531 630 753 686 palacium,
808 633 894 674 eius
941 636 1200 687 corruptores
1247 631 1413 674 tradens
1460 633 1502 674 in
1549 633 1724 676 carceris

60 698 320 755 supplicium.

178 771 388 813 Reductz‘o.
429 771 658 826 Kar-issimi,
691 787 765 815 rex
787 773 1031 815 iherusalem
1056 777 1118 815 est
1140 773 1251 827 deus,
1285 773 1399 827 cujus
1421 773 1528 816 filius
1551 777 1614 816 est
1639 773 1728 816 Cri-

60 844 166 893 stus;
199 855 271 884 rex
295 842 495 885 babilonis
521 843 740 898 dyabolus3
774 844 982 898 gentilitas
1014 858 1110 887 vero
1143 848 1231 886 erat
1263 845 1348 899 ejus
1379 843 1465 886 filia
1495 857 1586 887 cum
1620 849 1728 888 esset

58 911 260 967 ydolatrie
285 913 435 966 dedita,
468 914 570 957 hanc
594 915 724 970 ipsam
750 929 773 957 a
795 920 911 971 patro
933 916 1221 972 desponsatam
1255 929 1346 958 cum
1379 929 1452 971 pro
1486 929 1533 958 ea
1552 916 1726 970 sangwi-

57 996 150 1025 nem
195 983 369 1026 fundens
401 985 442 1026 111
474 998 590 1028 cruce
630 986 678 1028 de
718 986 892 1042 dyabolo
932 987 1223 1042 triumphavit,
1271 987 1376 1029 hanc
1413 1000 1508 1029 cure
1547 987 1726 1030 custodis

57 1054 227 1096 tradidit
258 1055 352 1097 dum
387 1056 520 1098 ordini
554 1057 764 1099 doctorum
798 1058 938 1100 divina
969 1058 1058 1112 lege
1089 1058 1370 1100 instruendam
1404 1071 1567 1112 gemma
1599 1058 1726 1100 virtu-

55 1128 143 1167 tum
175 1125 446 1169 decorandam
479 1128 793 1171 commendavit.
838 1129 929 1184 lpse
966 1143 1061 1171 vero
1094 1129 1195 1171 abiit
1226 1129 1458 1171 convivium
1490 1142 1725 1185 procurare,

57 1196 152 1251 quia
182 1197 361 1252 perfecte
394 1199 523 1241 celum
565 1199 767 1253 ascendit,
806 1200 938 1242 locum
981 1200 1017 1242 ei
1057 1204 1198 1255 aptum
1238 1200 1279 1241 in
1320 1200 1440 1242 domo
1481 1200 1611 1255 patris
1653 1214 1727 1256 per

55 1267 206 1310 multas
239 1271 472 1313 mansiones
506 1272 755 1326 preparavit,
789 1271 920 1314 denuo
952 1284 1041 1313 cum
1067 1271 1249 1313 exercitu
1272 1271 1452 1313 omnium
1484 1271 1723 1325 angelorum

56 1339 191 1385 veniet
223 1353 394 1395 eamque
433 1342 481 1384 de
514 1342 702 1385 babilone
742 1343 766 1384 i.
802 1356 834 1384 e.
877 1343 1206 1398 peregrinatione
1247 1342 1370 1384 exilio
1410 1343 1562 1385 eruerit
1602 1346 1724 1397 atque

54 1410 98 1452 in
129 1411 336 1454 civitatem
374 1413 504 1468 patris
545 1413 607 1454 sui
644 1413 866 1466 gloriosam
898 1413 1146 1455 iherusalem
1179 1426 1269 1455 011111
1309 1427 1467 1455 5111111110
1505 1413 1723 1469 trepundio

54 1481 298 1535 introducet,
330 1487 427 1525 tunc
458 1497 608 1539 sponse
640 1489 852 1527 ornatores
884 1484 1006 1526 simul
1028 1484 1257 1526 introibunt
1279 1485 1375 1538 quia
1406 1485 1476 1539 qui
1508 1484 1722 1527 ecclesiam

54 1551 116 1594 his
149 1553 363 1609 scripturis
396 1558 435 1596 et
466 1555 586 1597 dictis
618 1556 863 1598 instruerint
892 1560 932 1598 et
964 1556 1080 1598 bonis
1114 1555 1312 1610 exemplis
1352 1560 1642 1611 perornarent,
1685 1560 1725 1598 et

53 1622 222 1666 heretici
253 1627 293 1667 et
323 1625 543 1668 scismatici
577 1627 646 1680 qui
687 1640 774 1669 eam
817 1631 1132 1682 corrumperunt
1169 1630 1266 1668 tunc
1304 1627 1346 1668 in
1385 1631 1576 1682 stagnum
1613 1627 1721 1681 ignis

53 1698 95 1736 et
124 1695 332 1751 sulphuris
364 1697 480 1739 missi
513 1701 708 1753 perpetue
741 1697 953 1740 ardebunt.

715 1951 822 2005 220,
856 1963 958 2005 app.
983 1949 1054 1993 24.

166 2049 270 2092 Erat
301 2050 465 2104 quidam
497 2064 571 2093 rex
602 2052 694 2106 pius
728 2056 767 2094 61
798 2055 956 2107 potens,
990 2052 1058 2105 qui
1081 2051 1260 2094 habebat
1283 2065 1453 2094 uxorem
1485 2052 1529 2094 111
1559 2051 1720 2107 longin—

52 2121 142 2175 quis
173 2120 359 2176 partibus
392 2122 491 2164 satis
523 2122 744 2164 formosam
779 2127 818 2165 et
849 2123 975 2165 oculis
1008 2123 1219 2164 hominum
1242 2123 1478 2176 gratiosam.
1522 2122 1609 2166 Rex
1641 2124 1719 2167 iste

50 2191 151 2234 duos
190 2193 360 2234 nuncios
401 2193 452 2235 ad
489 2194 673 2247 reginam
715 2194 827 2235 misit
859 2207 931 2249 pro
964 2193 1208 2248 quibusdam
1239 2194 1435 2248 negociiS,
1467 2208 1593 2236 unum
1626 2200 1720 2251 post

51 2262 190 2305 alium.
232 2262 395 2306 Primus
427 2265 646 2306 revertitur
678 2269 718 2307 et
749 2278 822 2320 pro
855 2265 989 2307 verbis
1021 2267 1183 2307 tantum
1204 2264 1330 2306 verba
1350 2265 1588 2320 reportabat
1610 2266 1719 2321 quod

48 2333 100 2376 de
129 2334 272 2388 regina
312 2334 437 2376 nichil
475 2335 740 2390 loquebatur,
781 2336 876 2390 quia
907 2335 1044 2378 oculos
1084 2349 1178 2378 suos
1217 2339 1406 2378 tenuerat
1444 2336 1551 2390 quod
1591 2336 1718 2379 nichil

48 2403 309 2459 loquebatur,
352 2419 440 2447 eam
481 2419 561 2447 non
602 2406 716 2448 vidit.
769 2406 907 2449 Rediit
939 2407 1042 2449 alius
1075 2411 1115 2449 et
1146 2410 1240 2462 post
1269 2420 1402 2462 pauca
1431 2407 1557 2450 verba
1591 2407 1718 2450 refert

46 2474 211 2530 longam
252 2476 598 2531 pulchritudinem
641 2477 779 2531 regine
819 2477 1032 2520 historiam
1072 2478 1201 2520 traxit
1238 2482 1279 2520 et
1318 2478 1393 2520 ait:
1441 2478 1604 2520 domine
1644 2478 1715 2533 mi,

46 2559 256 2602 nunquam
281 2547 365 2589 vidi
387 2547 659 2603 pulchriorem
693 2548 920 2602 mulierem,
952 2549 1051 2591 felix
1081 2549 1149 2603 qui
1180 2549 1332 2591 fruitur
1361 2549 1452 2601 illa3
1487 2552 1528 2591 et
1558 2562 1632 2591 rex
1664 2549 1716 2591 ad

47 2616 163 2660 illum
197 2618 255 2660 ait
288 2631 446 2661 severe:
481 2618 689 2672 Numquid
711 2620 751 2661 in
775 2633 966 2674 sponsam
992 2633 1125 2662 meam
1157 2620 1334 2673 injecisti
1366 2619 1504 2662 oculos
1535 2619 1714 2676 impudi-

47 2700 130 2742 cos,
162 2693 275 2744 patet
294 2689 403 2744 quod
435 2703 521 2731 rem
554 2703 794 2745 prosperam
826 2690 1030 2733 subtiliter
1062 2703 1197 2732 emere
1228 2691 1408 2733 noluisti.
1450 2690 1584 2733 ι1115511
1617 2704 1713 2745 ergo

45 2771 121 2801 rex
151 2761 335 2802 revocari
367 2760 544 2816 primum
579 2764 619 2802 et
650 2761 707 2802 ait
736 2761 818 2802 illi:
853 2761 949 2815 quid
981 2761 1057 2803 tibi
1079 2760 1129 2803 de
1153 2762 1295 2816 regina
1317 2761 1502 2804 videtur?
1546 2762 1604 2804 At
1623 2761 1712 2804 ille:

46 2830 200 2885 optime
238 2831 337 2873 mihi
376 2831 536 2873 videtur
576 2831 710 2885 inquit
755 2832 851 2886 quia
894 2831 1070 2874 libenter
1115 2835 1155 2874 et
1203 2833 1415 2888 pacienter
1451 2845 1516 2875 me
1557 2832 1715 2875 audivit

45 2912 125 2954 que
155 2901 241 2943 dixi
269 2903 306 2944 ei
335 2915 384 2943 ex
416 2906 532 2956 parte
562 2906 708 2944 vestra.
752 2902 825 2944 Ait
856 2915 950 2944 rex:
990 2916 1215 2958 numquam
1258 2903 1412 2957 aliquid
1445 2903 1712 2946 formositatis

6 2970 10 2974 “
45 2970 155 3014 111651
183 2972 247 3014 ei?
297 2972 523 3028 Respondit
552 2973 610 3015 ei:
648 2973 811 3016 domine
842 2974 918 3027 mi,
953 2973 1001 3015 ad
1034 2974 1109 3016 hoc
1139 2987 1220 3016 non
1259 2974 1318 3016 fui
1350 2974 1513 3029 missus,
1546 2977 1593 3016 ut
1625 2974 1712 3029 ejus

1356 3048 1434 3083 40*
