1949 3162
933 140 943 151 .
979 81 1062 122 396

267 194 494 245 Carissimi,
518 206 589 234 rex
614 192 691 233 iste
713 194 775 233 est
797 189 910 241 deus,
934 187 1018 228 filia
1041 185 1179 228 anima
1201 184 1252 225 ad
1275 183 1339 225 dei
1363 179 1676 224 similitudinem
1700 180 1852 231 creata,

181 282 259 323 que
300 270 389 309 erat
427 264 684 306 nobilissimo
726 263 812 303 viro
853 259 1010 301 scilicet
1049 257 1214 298 domino
1253 257 1394 296 nostro
1435 252 1554 294 lhesu
1586 250 1749 293 Christo
1790 261 1864 304 per

182 340 376 381 virtutem
409 336 606 392 baptismi
638 334 901 388 desponsata,
936 330 1004 384 qui
1037 340 1200 370 summa
1231 325 1449 368 dilectione
1480 336 1555 364 nos
1579 320 1736 373 dilexit,
1769 319 1866 373 quia

181 411 223 452 111
256 422 375 451 cruce
408 421 482 463 pro
515 406 632 448 nobis
673 409 858 446 mortuus
892 406 973 453 est3
1015 412 1110 452 ergo
1150 399 1283 439 virum
1317 396 1443 438 alium
1477 408 1551 450 pro
1583 393 1652 435 illo
1685 404 1766 432 non
1799 403 1866 432 ac-

135 488 156 521 5
182 482 311 537 cipias
344 481 369 521 i.
395 494 428 522 e.
453 479 577 521 alium
611 488 837 529 numquam
872 476 1031 514 tantum
1065 470 1211 522 diligas
1245 474 1285 510 et
1317 468 1375 509 310
1407 479 1498 507 011111
1533 478 1579 506 eo
1611 461 1816 516 regnabis.

854 704 956 745 CAP.
983 702 1050 743 79.
1087 701 1190 749 (71.)

478 795 612 855 Quod
647 794 748 853 quis
784 792 931 842 nescit,
967 802 1222 848 presumere
1257 799 1351 831 non
1389 781 1580 828 audebit.

304 906 408 948 Erat
439 904 603 960 quidam
637 915 724 954 rex,
759 900 827 954 qui
860 899 966 940 miro
1000 897 1120 938 modo
1148 907 1296 951 parvos
1321 891 1526 935 caniculos
1548 889 1652 932 bene
1672 887 1872 929 latrantes

188 979 411 1031 dilexerat,
459 977 664 1017 intantum
709 971 815 1026 quod
856 970 896 1011 in
938 969 1093 1022 gremio
1133 980 1205 1008 suo
1249 978 1315 1007 eos
1358 963 1568 1018 quiescere
1606 957 1796 1014 permisit
1835 960 1875 999 et

119 1057 162 1091 10
188 1050 340 1093 ibidem
375 1048 509 1104 pavit3
550 1045 609 1087 illi
643 1056 737 1085 vero
770 1042 828 1083 sic
870 1039 1054 1082 consueti
1087 1040 1205 1080 erant
1242 1037 1283 1078 in
1317 1035 1473 1089 gremio
1507 1033 1593 1085 ejus
1626 1029 1805 1072 dormire
1836 1031 1877 1070 et

189 1121 423 1171 comedere,
468 1115 610 1172 [quod]
649 1115 715 1156 vix
749 1112 846 1154 alibi
880 1125 969 1153 esse
1001 1109 1194 1152 volebant
1233 1112 1273 1150 et
1311 1105 1556 1161 quandoque
1587 1102 1696 1144 circa
1727 1099 1877 1142 collum

191 1193 298 1246 regis
332 1191 456 1246 pedes
489 1187 710 1244 ponebant,
744 1189 784 1226 et
817 1184 875 1225 310
906 1196 979 1224 rex
1013 1181 1209 1223 solacium
1235 1191 1429 1232 magnum
1463 1180 1504 1218 et
1534 1174 1677 1216 ludum
1702 1184 1794 1214 cum
1818 1170 1876 1213 eis

191 1263 381 1306 habebat.
430 1261 534 1303 Erat
564 1263 662 1300 tunc
702 1256 867 1310 quidam
904 1255 1064 1306 asinus,
1106 1252 1175 1306 qui
1208 1264 1298 1292 cum
1333 1248 1472 1291 omnia
1503 1247 1584 1288 ista
1613 1243 1804 1296 vidisset,
1836 1241 1879 1283 in

194 1335 315 1378 corde
349 1347 421 1375 suo
455 1330 683 1385 cogitabat:
719 1327 762 1369 Si
795 1341 868 1380 ego
902 1329 1112 1367 cantarem
1146 1327 1187 1365 et
1214 1326 1308 1363 ante
1330 1333 1469 1374 regem
1493 1317 1687 1360 salt-arem
1710 1317 1751 1356 et
1771 1313 1882 1356 circa

124 1414 168 1448 15
194 1406 343 1449 collum
384 1404 541 1445 domini
582 1402 663 1443 mei
703 1399 827 1455 pedes
869 1410 1086 1453 ponerem,
1128 1408 1201 1436 rex
1243 1392 1367 1435 michi
1407 1391 1524 1432 daret
1559 1387 1696 1430 omnia
1726 1383 1883 1427 fercula

196 1478 247 1520 ad
287 1475 585 1519 comedendum
627 1476 667 1514 et
707 1470 909 1525 gremium
950 1481 1068 1509 suum
1111 1466 1161 1508 ad
1202 1463 1509 1520 quiescendum.
1568 1459 1659 1502 Hiis
1692 1455 1881 1511 cogitatis

197 1553 315 1592 extra
347 1546 554 1589 stabulum
590 1543 785 1599 perrexit,
819 1540 955 1582 aulam
988 1538 1160 1581 intravit
1191 1541 1232 1580 et
1263 1548 1400 1578 coram
1433 1546 1529 1587 rege
1561 1534 1729 1573 cantare
1760 1527 1882 1582 cepit,

198 1620 345 1663 deinde
377 1617 570 1659 hincinde
604 1614 772 1657 saltavit
805 1616 845 1654 et
877 1615 970 1667 post
1002 1611 1078 1652 hoc
1111 1610 1161 1651 ad
1193 1622 1330 1661 regem
1364 1604 1545 1647 cucurrit
1569 1606 1609 1645 et
1630 1601 1754 1657 pedes
1775 1599 1886 1641 circa

199 1692 347 1734 collum
390 1690 476 1743 ejus
517 1688 665 1743 posuit.
726 1684 841 1727 Servi
882 1684 957 1725 hoc
996 1681 1181 1723 videntes
1229 1678 1452 1721 credebant
1491 1676 1651 1717 asinum
1694 1672 1738 1713 in
1775 1669 1885 1712 furia

128 1772 172 1806 ⁴20
199 1775 464 1813 conversum,
508 1761 755 1814 acceperunt
787 1769 878 1798 eum
918 1758 958 1796 et
998 1752 1159 1806 egregie
1193 1751 1516 1801 verberaverunt
1556 1749 1596 1788 et
1627 1745 1685 1786 310
1717 1742 1767 1785 ad
1801 1744 1884 1783 sta-

200 1834 341 1877 bulum
373 1832 629 1873 reduxerunt
661 1842 766 1871 eum.

319 1903 554 1955 Carissimi,
588 1915 660 1943 rex
693 1901 772 1941 iste
809 1901 870 1940 est
903 1897 1093 1939 dominus
1125 1897 1265 1936 noster
1297 1891 1438 1934 Ihesus
1470 1888 1679 1940 Christus,
1711 1882 1887 1927 caniculi

202 1978 304 2020 bene
335 1976 536 2017 latrantes
571 1976 666 2014 sunt
697 1970 999 2026 predicatores,
1041 1967 1110 2022 qui
1151 1964 1322 2007 verbum
1356 1961 1540 2004 divinum
1571 1959 1676 2001 bene
1707 1968 1888 2013 pronun-

203 2050 334 2101 ciant,
376 2046 485 2088 unde
527 2044 640 2097 (ligni
680 2046 776 2084 sunt
813 2042 857 2082 in
896 2040 1053 2094 gremio
1097 2036 1239 2079 celesti
1279 2035 1502 2090 quiescere.
1558 2030 1713 2073 Asinus
1752 2029 1889 2083 potest

133 2130 177 2164 25
204 2121 308 2173 dici,
350 2118 419 2173 qui
463 2116 665 2172 presumit
704 2113 882 2155 officium
916 2109 1187 2167 predicatoris
1221 2118 1452 2157 assumere,
1494 2102 1664 2145 verbum
1696 2099 1762 2142 dei
1793 2111 1888 2154 pro-

204 2191 424 2242 nunciare,
471 2192 612 2230 tamen
650 2187 927 2228 litteraturam
974 2195 1048 2224 nec
1090 2179 1272 2234 graciam
1323 2177 1374 2219 ad
1412 2176 1490 2217 hoc
1528 2174 1673 2226 habet,
1720 2174 1761 2213 et
1796 2168 1890 2211 ideo

205 2262 437 2306 timendum
471 2264 551 2312 est,
592 2271 644 2300 ne
682 2256 777 2298 talis
817 2255 871 2296 sit
910 2254 1148 2296 verberatus
1188 2250 1265 2292 hoc
1307 2252 1369 2291 est
1408 2261 1431 2289 a
1469 2245 1634 2288 domino
1668 2246 1708 2285 et
1738 2239 1890 2297 populo

206 2333 410 2390 repulsus.

880 2557 982 2599 CAP.
1017 2556 1083 2597 80.
1119 2554 1221 2605 (72).

141 2666 186 2699 30
293 2652 366 2696 De
402 2650 596 2694 versutia
635 2646 806 2691 diaboli
844 2651 883 2690 et
917 2643 1142 2705 quomodo
1182 2642 1253 2686 dei
1272 2638 1454 2699 judicia
1490 2640 1594 2680 sunt
1629 2631 1817 2678 occulta.

336 2757 459 2812 [ssssb]
504 2757 608 2801 Erat
647 2755 813 2809 quidam
855 2753 1076 2805 heremita,
1118 2750 1187 2805 qui
1228 2749 1271 2790 in
1303 2746 1478 2802 quadam
1512 2743 1708 2798 spelunca
1734 2738 1899 2794 jacebat

216 2835 256 2872 et
297 2830 439 2872 (liebus
472 2832 512 2870 et
548 2826 735 2868 noctibus
769 2826 911 2866 devote
945 2824 1018 2865 deo
1052 2821 1268 2864 serviebat.
1317 2818 1446 2861 Juxta
1484 2814 1627 2857 cellam
1660 2824 1777 2854 suam
1810 2812 1899 2851 erat

220 2902 387 2955 quidam
412 2904 552 2956 pastor
575 2898 726 2950 ovium,
762 2897 831 2950 qui
853 2895 1049 2951 pascebat
1070 2906 1178 2935 oves.
1227 2889 1392 2932 Accidit
1412 2901 1493 2929 uno
1516 2886 1595 2939 die,
1628 2882 1736 2939 quod
1757 2883 1899 2937 pastor

222 2977 310 3015 erat
341 2985 513 3027 sompno
547 2980 790 3025 oppressus3
824 2967 913 3021 ipso
945 2965 1173 3008 dormiente
1207 2962 1372 3017 quidam
1404 2960 1510 3005 latro
1541 2956 1656 3000 venit
1686 2958 1727 2998 et
1757 2965 1898 2996 omnes
