1919 3157
862 82 946 122 433

66 201 206 230 omnes
238 187 455 229 nobiliores
488 187 760 242 hospitantur,
794 186 888 240 quia
920 186 1000 227 alia
1032 199 1111 227 non
1143 190 1205 227 est
1235 199 1308 240 pro
1336 186 1577 240 hospitibus.
1626 184 1731 227 Con-

65 259 274 301 veniemus
306 258 442 313 precio
471 270 560 298 cum
585 257 744 312 hospite
777 261 817 298 et
838 270 978 309 uxore,
1012 261 1051 297 et
1082 269 1172 297 cum
1197 256 1421 310 imperator
1443 257 1482 297 in
1506 260 1637 297 stratu
1659 269 1730 297 suo

58 330 247 384 jacuerit,
280 328 394 370 illum
428 328 671 369 occidamus.
728 328 783 368 At
814 326 894 368 illi:
929 326 1083 368 Bonum
1119 330 1180 368 est
1211 326 1438 367 consilium.
1495 326 1595 368 Cum
1636 339 1731 368 vero

64 413 134 442 rex
166 400 217 441 ad
243 399 355 441 illam
387 399 594 440 civitatem
629 402 808 450 venerat,
842 398 881 438 in
915 398 1055 439 eadem
1090 397 1209 438 domo
1243 396 1472 450 hospitatus
1505 401 1605 450 erat,
1636 396 1733 439 fecit

64 471 113 513 ad
137 484 180 513 se
202 471 337 513 vocari
356 470 555 524 hospitem
581 469 744 513 domus:
769 473 912 510 etcum
933 481 1022 509 eum
1044 468 1226 519 vidisset,
1251 467 1443 521 apparuit
1459 480 1581 509 senex
1602 467 1730 508 valde,
1757 475 1778 508 5

63 542 135 583 Ait
165 542 409 596 imperator:
443 540 648 594 Numquid
673 552 839 580 uxorem
864 538 1014 580 habes?
1047 538 1101 580 Et
1122 537 1210 579 ille:
1244 537 1400 589 Eciam,
1433 537 1608 579 domine.
1655 537 1731 587 Qui

63 613 139 654 ait:
173 611 351 654 Ostende
385 611 505 652 michi
539 612 648 652 eam!
682 610 810 659 Quam
844 622 935 650 cum
968 622 1040 651 rex
1073 609 1257 660 vidisset,
1292 608 1484 662 apparuit
1499 608 1731 661 juvencula,

63 682 296 736 habensque
330 695 439 723 xvm
472 695 599 722 annos
633 681 673 721 in
706 684 825 721 etate.
883 680 955 721 Ait
993 693 1063 721 rex
1097 678 1323 720 camerario
1361 692 1452 720 suo:
1492 677 1620 732 Perge
1653 679 1732 720 cito

63 757 102 796 et
123 753 273 795 lectum
295 766 430 795 meum
455 752 550 794 alibi
575 756 806 806 preparato,
841 751 936 803 quia
958 750 1023 791 hic
1045 763 1124 791 non
1149 749 1333 790 manebo.
1375 749 1433 789 At
1454 748 1541 790 ille:
1574 748 1732 802 Eciam.,

62 824 247 875 domine;
281 824 351 865 sed
377 824 464 877 jam
490 828 632 878 parata
654 826 749 863 sunt
780 822 935 871 omnia3
969 821 1058 862 ideo
1082 833 1161 861 non
1185 824 1246 861 est
1268 820 1431 872 bonum,
1466 819 1563 861 alibi
1580 820 1732 873 jacere,
1761 829 1803 862 10

64 908 110 937 eo
143 894 249 949 quod
282 895 322 936 in
350 898 437 936 tota
459 894 622 935 civitate
655 906 735 934 non
767 897 828 933 est
861 906 934 947 pro
958 891 1073 933 nobis
1096 891 1323 945 hospicium
1356 889 1510 932 utilius.
1558 890 1613 932 Et
1643 890 1732 932 ille:

61 965 148 1019 Ego
181 966 269 1006 dico
302 965 390 1017 tibi,
425 964 531 1018 quod
565 964 661 1005 alibi
688 964 823 1017 jacere
855 962 958 1004 volo.
1018 962 1167 1004 Statim
1201 961 1449 1003 camerarius
1482 961 1620 1002 omnia
1651 961 1733 1002 dis-

61 1036 240 1091 ponebat
272 1039 311 1078 et
343 1049 415 1077 rex
448 1035 602 1076 occulte
635 1034 684 1076 ad
709 1034 831 1076 alium
855 1033 988 1075 locum
1022 1033 1193 1074 accessit
1220 1036 1260 1074 et
1280 1032 1480 1073 militibus
1502 1032 1586 1073 suis
1609 1032 1732 1073 dixit:

62 1106 156 1160 Vos,
191 1107 259 1160 qui
288 1106 411 1148 vultis
434 1106 499 1148 hic
531 1119 710 1158 manere,
744 1104 929 1160 potestis,
963 1104 1033 1146 sed
1064 1117 1184 1145 mane
1208 1103 1257 1144 ad
1281 1117 1345 1145 me
1367 1102 1582 1144 accedatis.
1631 1102 1733 1144 Cum

61 1190 201 1219 omnes
240 1177 484 1229 dormirent,
525 1190 647 1219 senex
690 1189 780 1218 cum
821 1188 947 1217 uxore
986 1188 1060 1216 sua
1091 1175 1291 1227 surrexit,
1332 1174 1428 1228 quia
1468 1174 1605 1228 precio
1638 1186 1734 1215 con-
1761 1182 1803 1216 15

61 1248 171 1290 ducti
204 1251 341 1300 erant,
375 1252 419 1289 ut
450 1261 586 1301 regem
621 1248 890 1289 dormientem
924 1245 1168 1298 occiderent,
1203 1249 1243 1287 et
1274 1258 1414 1286 omnes
1447 1244 1597 1286 milites
1628 1244 1733 1286 occi-

63 1320 222 1362 derunt.
279 1319 399 1361 Mane
432 1332 526 1360 vero
561 1319 740 1360 surrexit
770 1331 842 1359 rex
876 1320 916 1358 et
945 1316 1098 1358 milites
1131 1329 1225 1357 suos
1257 1316 1410 1357 occisos
1441 1315 1610 1357 invenit.
1662 1314 1736 1356 Ait

62 1391 104 1432 in
137 1390 257 1432 corde
293 1404 386 1432 suo:
428 1389 460 1431 O
500 1390 532 1430 si
566 1389 631 1431 hic
664 1389 904 1442 jacuissem,
946 1400 1036 1429 cum
1080 1386 1170 1428 aliis
1209 1390 1377 1428 necatus
1408 1385 1598 1427 fuissem!
1639 1384 1731 1427 Jam

63 1462 190 1504 tercia
221 1461 428 1516 sapiencia
460 1460 584 1501 vitam
619 1473 750 1501 meam
784 1458 969 1501 salvavit.
1019 1457 1166 1500 Senem
1199 1470 1289 1498 cum
1322 1469 1449 1498 uxore
1481 1459 1522 1498 et
1553 1460 1639 1498 tota
1669 1456 1733 1497 fa-

62 1532 176 1574 milia
206 1533 248 1573 in
272 1531 454 1587 patibulo
487 1531 681 1586 suspendi
710 1530 806 1572 fecit
828 1533 869 1571 et
890 1529 1084 1583 quamdiu
1117 1528 1233 1580 vixit,
1265 1527 1366 1569 istas
1397 1530 1481 1569 tres
1504 1526 1732 1582 sapiencias
1758 1534 1803 1569 20

62 1616 197 1646 secum
230 1603 401 1645 retinuit
432 1606 472 1644 et
503 1602 628 1644 vitam
662 1601 821 1643 beatam
853 1599 999 1641 finivit.

179 1673 412 1727 Carissimi‚
451 1673 529 1714 iste
567 1673 790 1728 imperator
826 1674 962 1726 potest
998 1670 1077 1711 dici
1110 1669 1281 1724 quilibet
1311 1669 1440 1711 bonus
1471 1667 1731 1721 christianus,

63 1745 131 1799 qui
163 1745 287 1787 habet
316 1744 534 1799 imperium
569 1744 752 1798 corporis
785 1742 847 1783 sui
880 1745 920 1783 et
951 1741 1085 1783 anime
1125 1754 1216 1793 sue,
1258 1753 1330 1782 seu
1361 1740 1539 1781 animam
1571 1751 1731 1792 regere3

57 1816 212 1870 janitor
243 1816 286 1857 in
317 1818 437 1871 porta
469 1818 532 1856 est
562 1814 750 1856 voluntas
789 1813 938 1866 libera,
980 1813 1077 1866 quia
1107 1811 1263 1853 nullum
1297 1815 1529 1866 peccatum,
1567 1809 1647 1851 nisi
1679 1809 1733 1851 sit

62 1886 360 1937 voluntarium3
406 1889 629 1938 mercator,
676 1885 743 1939 qui
792 1884 902 1925 venit
942 1883 993 1924 ad
1032 1887 1215 1938 portam,
1265 1886 1326 1924 est
1364 1881 1553 1923 dominus
1591 1883 1731 1922 noster
1756 1887 1800 1922 25

62 1957 202 1999 Ihesus
225 1956 424 2010 Christus,
452 1957 574 2010 juxta
604 1955 704 1997 illud
737 1954 993 2010 apocalyps:
1026 1953 1113 2007 Ego
1145 1958 1206 1995 sto
1239 1953 1288 1995 ad
1311 1953 1487 1994 hostium
1522 1954 1562 1993 et
1591 1950 1729 2006 pulso3

62 2028 95 2069 si
130 2029 220 2083 quis
261 2028 468 2082 aperuerit
505 2026 650 2079 michi,
688 2025 850 2067 intrabo
890 2024 942 2067 ad
974 2038 1063 2067 eum
1106 2028 1146 2067 et
1176 2024 1329 2066 cenabo
1369 2036 1461 2066 cum
1500 2035 1559 2064 eo.
1613 2020 1730 2063 Unde

62 2098 210 2141 cotidie
257 2098 396 2140 vendit
440 2098 514 2140 tibi
561 2112 634 2153 pro
680 2097 819 2138 anima
864 2099 937 2137 tua
981 2099 1065 2138 tres
1112 2095 1354 2151 sapiencias.
1425 2092 1588 2135 Floreni
1636 2096 1731 2134 sunt

63 2170 233 2212 virtutes
272 2169 426 2220 anime3
472 2169 605 2223 prima
647 2166 767 2221 [83b]
811 2167 1037 2222 sapiencia,
1078 2166 1234 2208 scilicet
1271 2165 1463 2220 Quicquit
1500 2177 1597 2218 agas
1637 2167 1727 2217 etc.⁷

62 2240 137 2282 hoc
176 2244 256 2294 est,
303 2239 487 2294 quicquit
535 2238 652 2290 facis,
698 2238 831 2293 primo
872 2241 912 2279 et
951 2237 1235 2292 principaliter
1273 2236 1392 2278 debet
1431 2248 1520 2278 esse
1561 2239 1729 2290 propter
1753 2243 1798 2277 30

63 2311 204 2364 deum,
251 2315 291 2353 et
335 2324 414 2352 non
465 2309 514 2351 ad
560 2309 720 2351 laudem
769 2307 1037 2363 temporalem
1082 2308 1200 2362 juxta
1246 2307 1347 2348 illud
1397 2305 1727 2362 proverbiorum:

62 2381 291 2424 Memorare
328 2380 553 2422 novissima
590 2384 662 2421 tua
700 2382 740 2421 et
774 2379 817 2422 in
849 2382 1032 2421 eternum
1066 2391 1147 2419 non
1180 2377 1381 2433 peccabis.
1438 2376 1625 2418 Secunda
1664 2388 1729 2417 sa-

62 2452 241 2507 piencia:
274 2452 410 2494 Nolite
441 2451 549 2492 viam
572 2449 774 2505 publicam
799 2449 1005 2491 dimittere
1028 2453 1196 2504 propter
1218 2448 1420 2490 semitam.
1466 2447 1544 2489 Via
1566 2446 1729 2502 publica

63 2527 126 2565 est
162 2523 230 2565 via
269 2523 406 2565 decem
453 2524 759 2577 preceptorum,
805 2533 925 2574 quam
972 2520 1094 2561 debes
1135 2532 1297 2574 semper
1335 2523 1474 2561 tenere
1511 2531 1639 2571 usque
1677 2516 1727 2558 ad

62 2598 235 2636 mortem
268 2597 308 2635 et
338 2605 560 2646 numquam
594 2604 666 2646 per
697 2591 885 2633 semitam
918 2590 1024 2632 male
1055 2590 1138 2632 vite
1169 2589 1391 2643 ambulare,
1424 2589 1529 2630 sicut
1558 2587 1727 2629 heretici
1752 2595 1797 2629 35

61 2664 228 2706 faciunt.
275 2663 419 2705 Tercia
450 2662 658 2717 sapiencia
688 2665 767 2704 est:
799 2661 1031 2715 Numquam
1065 2660 1292 2715 hospicium
1325 2659 1376 2701 ad
1397 2658 1642 2700 manendum
1677 2657 1726 2699 de

62 2739 180 2777 nocte
210 2735 251 2776 in
284 2734 402 2776 domo
435 2733 606 2786 alicujus
638 2732 814 2787 accipias
847 2736 921 2773 etc.
968 2730 1101 2772 Senex
1132 2731 1209 2773 iste
1233 2734 1295 2772 est
1326 2729 1502 2771 mundus
1533 2729 1623 2782 iste,
1657 2728 1725 2782 qui

63 2805 185 2848 habet
209 2803 471 2860 juvenculam
503 2804 544 2844 in
576 2816 746 2845 uxorem
778 2802 804 2844 i.
829 2815 862 2844 e.
897 2801 1134 2843 vanitatem.
1188 2801 1250 2843 De
1281 2801 1347 2842 die
1383 2801 1425 2841 in
1457 2800 1564 2841 diem
1597 2799 1727 2841 oritur

63 2875 274 2917 immunda
305 2879 345 2918 et
375 2889 481 2917 vana
511 2874 693 2927 vanitas,
730 2873 850 2927 unde,
884 2873 918 2914 si
949 2873 990 2913 in
1023 2871 1173 2914 mundo
1205 2871 1436 2926 hospitatus
1467 2869 1606 2924 fueris,
1640 2869 1728 2911 sine

155 2956 177 2990 3
200 2955 261 2999 illi]
287 2961 371 3001 orc'y.
389 2955 456 2990 ille.
551 2956 572 2988 ὅ
598 2953 730 2997 XVIII]
757 2957 842 2999 oriy.
858 2952 953 2988 VIII.

125 3020 344 3056 Oesterley,
367 3020 457 3048 Gesta
478 3019 684 3046 Romanorum.
1404 3015 1448 3050 28
