1949 3162
1017 66 1101 107 546

214 187 343 227 usque
373 173 430 213 ad
459 173 677 227 sanquinis
708 172 944 226 effusionem
971 173 1211 227 flayellatus
1242 175 1334 214 eris.
1389 173 1504 214 Puer
1540 187 1634 214 vero
1666 175 1831 225 timens,
1865 189 1892 215 a

212 245 424 299 principio
463 258 592 298 usque
631 244 688 284 ad
715 243 844 295 finem
884 245 922 284 ei
962 245 1100 284 omnia
1139 244 1298 295 retulit,
1343 245 1546 298 quomodo
1586 243 1752 285 diabolo
1793 251 1893 285 esset

215 314 430 370 obli'yatus.
465 315 670 370 Muqffler
702 329 792 355 cero
826 316 1088 355 contristatus
1121 322 1179 355 est
1207 315 1340 366 valde,
1363 315 1472 369 fecit
1497 329 1675 370 puerum
1703 316 1894 356 revocari

215 394 251 427 et
282 387 532 427 contricione
562 401 715 441 mayna
747 385 950 438 confiteri,
990 400 1039 426 ac
1070 384 1235 426 diabolo
1267 385 1586 438 abrenunciare,
1628 394 1665 427 et
1689 394 1788 442 post
1823 385 1894 427 hec

143 465 164 500 5
201 458 348 512 sactus
380 465 438 498 est
468 457 585 498 lzomo
618 464 797 508 sanctus,
831 465 868 497 et
898 458 970 497 deo
1003 458 1186 497 animam
1213 464 1311 511 post
1341 459 1468 498 vitam
1499 457 1647 498 bonam
1676 457 1870 498 reddidit.

331 529 617 570 lifoi-alimoto.
653 527 881 579 Carissimi,
905 529 980 568 iste
1000 542 1073 568 rea:
1097 536 1154 569 est
1170 529 1360 569 (lominus
1381 537 1517 570 noster
1533 528 1675 569 Iliesus
1692 527 1892 580 Christus,

212 603 258 641 in
291 601 478 641 custodia
507 600 661 641 scilicet
693 599 890 654 proplieti
927 606 964 639 et
987 600 1147 654 prelati
1183 601 1360 641 traditus
1399 601 1456 641 ad
1493 600 1814 641 doctrinandum
1847 600 1894 640 in

214 672 332 713 bonis
365 671 571 727 operibus,
607 672 680 726 qui
710 672 847 726 sepius
871 671 981 711 circa
1006 679 1181 725 pratum
1211 673 1238 712 i.
1264 686 1293 712 e.
1318 672 1518 712 mundum
1539 670 1733 713 ambulat.
1776 670 1895 712 Videt

214 759 361 799 equum
392 742 624 783 scabiosum
643 741 862 795 jacentem,
895 741 970 782 lioc
1000 749 1058 782 est
1085 750 1341 797 peccatorem
1371 744 1418 783 in
1442 744 1625 798 peccatis
1656 743 1742 783 suis
1771 742 1891 782 invo-

144 819 188 854 10
215 815 364 867 lutum,
408 823 445 856 et
480 815 584 855 duas
624 828 715 854 oves
755 814 904 868 ligyatas
942 815 969 853 i.
995 828 1024 853 e.
1052 814 1263 868 prelatum
1302 814 1465 854 ecclesie
1503 821 1540 854 et
1571 814 1893 869 predicatorem,

215 888 289 941 qui
325 885 469 927 debent
503 886 734 926 adinvicem
773 885 902 939 lissari
939 900 1030 924 cum
1070 885 1198 925 corda
1237 886 1435 926 caritatis.
1500 885 1694 925 Prelatus
1733 883 1896 925 ecclesie

214 965 383 1009 tenetur,
416 957 639 998 secundum
659 955 765 1007 jura
791 956 1074 1010 predicatores
1106 957 1333 1008 admittere,
1367 958 1472 997 sicut
1501 964 1598 997 sunt
1615 955 1780 1010 fratres
1811 956 1890 996 mi-

211 1044 332 1070 nores
364 1036 400 1069 et
424 1029 719 1083 predicatores.
773 1026 852 1067 Isti
881 1028 962 1067 cluo
989 1035 1166 1082 propter
1196 1029 1371 1068 nimiam
1403 1029 1629 1080 caritatem,
1660 1041 1737 1083 per
1768 1041 1894 1082 quam

213 1108 308 1141 sunt
340 1100 472 1154 liyati,
506 1114 599 1154 sepe
630 1106 806 1153 tanyunt
837 1099 969 1139 locum
994 1099 1151 1139 doloris
1183 1100 1228 1139 in
1254 1107 1485 1154 peccatore,
1517 1099 1593 1140 lzoc
1625 1106 1683 1140 est
1705 1098 1895 1154 prelatus

144 1178 187 1212 15
207 1186 289 1227 per
320 1185 534 1212 censuram
566 1170 881 1210 ecclesiasticam
914 1170 1077 1224 aliquos
1100 1172 1439 1223 excommunicat,
1470 1171 1710 1226 predicator
1740 1183 1895 1211 sermo-

212 1244 390 1284 cinando
418 1249 591 1298 peccata
622 1251 762 1282 eorum
793 1243 945 1296 tangit,
980 1242 1087 1282 unde
1118 1243 1325 1294 videmus,
1360 1243 1472 1297 quod
1503 1242 1658 1297 aliqui,
1698 1243 1773 1297 qui
1801 1249 1897 1283 sunt

211 1316 312 1355 tacti
336 1329 415 1369 per
439 1314 650 1369 prelatum
681 1321 754 1354 aut
777 1314 1097 1368 predicatorem,
1131 1327 1217 1354 non
1238 1315 1529 1369 corriyantur,·
1561 1314 1700 1354 statim
1730 1314 1787 1354 ad
1806 1326 1893 1354 mo-

212 1386 311 1426 dum
341 1386 438 1440 equi
455 1386 666 1440 incipiunt
686 1385 963 1435 recalcitrare,
996 1399 1272 1436 niurmurare,
1308 1386 1419 1439 quod
1439 1384 1580 1425 ambos
1601 1399 1736 1426 secum
1754 1391 1897 1440 portat

212 1471 291 1508 eos,
325 1456 476 1511 ubique
508 1456 756 1497 detrahendo
791 1456 930 1497 oblata
961 1471 1009 1496 ac
1031 1457 1209 1496 decimas
1231 1455 1460 1510 sufferendo
1483 1456 1724 1497 elemosinas
1732 1455 1892 1510 facere.

141 1532 186 1566 20
214 1527 300 1570 Sed
330 1535 425 1568 tunc
458 1528 561 1582 quid
591 1528 803 1582 sequitu-r?
842 1527 990 1582 Equus
1022 1526 1163 1567 ambas
1197 1542 1287 1567 oves
1319 1528 1376 1568 ad
1404 1528 1686 1569 molendinum
1716 1535 1785 1569 etc.
1809 1528 1836 1568 i.
1861 1541 1892 1568 e.

204 1606 402 1654 peccator
433 1613 526 1654 sepe
558 1600 614 1639 ad
643 1606 861 1654 utrumque
892 1599 966 1640 lioc
999 1599 1284 1639 inconveniens
1307 1599 1432 1651 ducit,
1467 1600 1654 1654 quotiens
1683 1613 1748 1640 eos
1772 1597 1894 1640 verbo

212 1678 286 1711 aut
317 1684 438 1725 opere
472 1670 583 1721 ledit,
619 1678 654 1711 et
685 1671 780 1724 iqne
811 1671 1077 1711 detractionis
1100 1669 1313 1721 comburit,
1350 1672 1535 1725 quotiens
1555 1670 1727 1725 famam
1756 1684 1897 1711 eorum

212 1742 414 1796 deni‘csrat.
491 1741 540 1781 *el
571 1741 692 1782 aliter
716 1749 855 1796 potest
884 1742 1037 1782 reduci.
1092 1741 1239 1796 Equus
1278 1743 1354 1782 iste
1395 1741 1605 1783 scabiosus
1643 1749 1733 1782 erat
1769 1748 1896 1782 totum

208 1828 338 1868 qenus
385 1812 610 1852 humanum
649 1827 730 1867 per
768 1821 985 1868 peccatum
1016 1814 1153 1868 primi
1184 1814 1376 1868 parentis
1414 1813 1635 1867 insectuni5
1681 1813 1759 1854 due
1805 1826 1896 1854 oves

141 1891 186 1925 25
213 1885 336 1940 liyate
369 1885 449 1924 duo
483 1891 733 1935 testamenta,
770 1885 870 1938 quia
901 1885 946 1924 in
977 1892 1152 1939 utraque
1186 1885 1271 1939 leye
1303 1885 1438 1925 decem
1461 1892 1663 1940 precepta
1694 1891 1789 1925 sunt
1812 1897 1894 1939 po-

211 1957 302 1997 sita.
357 1955 463 1996 Ecce
496 1955 680 2009 liqantur
716 1970 871 2010 mayna
909 1956 1141 1996 adinvicem
1171 1970 1253 2011 per
1290 1957 1392 1996 istas
1434 1956 1539 1996 duas
1579 1956 1695 2011 leyes.
1749 1954 1896 2010 Equus

211 2028 366 2068 scilicet
393 2034 586 2081 peccator
624 2027 830 2080 tanyitur,
873 2028 1038 2081 quando
1077 2034 1256 2082 propter
1289 2034 1507 2082 peccatum
1530 2041 1646 2082 pena
1675 2026 1898 2068 secundum

210 2107 427 2153 utramque
460 2097 585 2152 leyem
617 2099 845 2152 apponitur
855 2113 867 2146 ,·
899 2099 971 2138 sed
1001 2099 1140 2153 sepius
1166 2087 1364 2153 peccator
1393 2098 1643 2149 recalcitrat,
1677 2098 1783 2138 sicut
1800 2096 1895 2138 Da-

212 2177 296 2210 tam
328 2176 365 2209 et
383 2168 561 2223 Abyron
593 2175 736 2208 contra
768 2169 887 2209 deum
917 2169 1248 2221 murmurabant,
1283 2177 1319 2210 et
1353 2170 1445 2210 ideo
1476 2170 1704 2225 perierunt,
1738 2175 1776 2209 et
1803 2167 1896 2209 ideo

142 2247 187 2281 30
213 2248 341 2281 totum
368 2254 497 2295 glenus
529 2239 754 2279 humanum
763 2272 774 2291 ,
815 2241 853 2280 si
876 2255 956 2295 per
981 2241 1256 2295 penitentiam
1287 2248 1441 2281 tactum
1467 2240 1609 2295 fuerit
1632 2255 1713 2296 per
1744 2238 1899 2281 Christi

206 2313 462 2367 passionem,
498 2318 657 2365 oportet
688 2311 800 2364 quod
830 2319 1020 2352 recurrat
1049 2312 1106 2352 ad
1134 2312 1417 2352 *molendinum
1448 2327 1541 2352 cum
1562 2311 1722 2353 duabus
1755 2310 1896 2353 ovibus

212 2385 239 2424 i.
265 2398 295 2423 e.
329 2398 420 2423 cum
458 2381 616 2422 duobus
657 2384 926 2431 testamentis,-
968 2383 1024 2423 ad
1055 2382 1265 2423 ecclesiam
1296 2383 1451 2423 scilicet
1479 2391 1670 2424 ‘recurrat
1700 2390 1738 2424 et
1765 2382 1827 2423 ibi
1855 2396 1897 2422 se

217 2451 336 2506 [138]
370 2455 507 2508 ipsum
538 2451 739 2494 comburit
766 2455 907 2508 qratia
939 2455 1075 2494 divini
1105 2455 1275 2505 amoris,
1311 2455 1412 2508 quia
1443 2454 1508 2495 lea:
1535 2456 1710 2509 antiqua
1731 2454 1780 2495 de
1811 2453 1896 2508 leye

215 2526 327 2579 quod
358 2523 569 2565 dicebatur
600 2525 645 2564 in
665 2524 824 2579 fiyura,
858 2527 903 2566 in
934 2540 1043 2566 nova
1073 2525 1244 2566 liabetur
1275 2532 1362 2577 etc.,
1397 2527 1499 2580 quia
1520 2526 1584 2566 lea:
1607 2526 1782 2580 antiqua
1811 2536 1897 2565 non

143 2604 188 2638 35
215 2604 273 2636 est
310 2595 489 2636 totaliter
528 2594 733 2635 destructa
771 2597 843 2636 sed
880 2596 1089 2637 combusta
1127 2597 1299 2651 spiritus
1340 2597 1475 2637 sancti
1509 2597 1672 2651 qratia,
1715 2597 1815 2651 quia
1850 2596 1898 2636 in

215 2668 391 2721 antiqua
424 2666 507 2721 le9re
538 2666 626 2717 lzoc,
662 2667 774 2721 quod
805 2666 1017 2709 dicebatur
1047 2669 1093 2708 in
1113 2667 1273 2722 fiqura,
1312 2668 1359 2707 in
1388 2682 1497 2708 nova
1527 2666 1701 2708 liabetur
1731 2666 1896 2722 exposi-

215 2745 310 2778 tum.
350 2737 439 2778 Leui²
469 2752 578 2778 noca
609 2739 739 2778 eciam
768 2739 864 2793 i9ne
893 2740 1068 2794 spiritus
1099 2739 1234 2779 sancti
1263 2746 1321 2779 est
1345 2737 1567 2790 combusta,
1601 2739 1708 2780 sicut
1726 2745 1898 2779 testatur

218 2806 418 2850 Salomo:
458 2808 625 2849 Mittam
663 2808 778 2849 vobis
819 2810 1014 2864 spiritum
1054 2817 1241 2850 sanctum
1272 2817 1340 2850 etc.
1376 2809 1531 2850 scilicet
1559 2810 1696 2864 iynem
1726 2809 1893 2850 amoris.

224 2878 295 2919 Vel
326 2879 446 2920 aliter
470 2887 607 2934 potest
636 2880 788 2920 reduci.
844 2880 991 2935 Equus
1030 2879 1242 2921 scabiosus
1280 2881 1327 2920 in
1357 2887 1485 2936 prato
1519 2887 1718 2935 peccator
1756 2886 1815 2921 est
1849 2879 1897 2920 in

308 2959 329 2992 8
356 2958 475 3002 Videt]
503 2965 589 3004 oriy.
610 2958 795 2993 Videlicet.
892 2960 946 2993 36.
972 2960 1015 2994 37
1042 2959 1260 3003 expositum]
1289 2965 1374 3005 oriy.
1392 2959 1568 3004 exposita.
