<?xml version="1.0" encoding="UTF-8"?>
<!DOCTYPE html PUBLIC "-//W3C//DTD XHTML 1.0 Transitional//EN"
    "http://www.w3.org/TR/xhtml1/DTD/xhtml1-transitional.dtd">
<html xmlns="http://www.w3.org/1999/xhtml" xml:lang="en" lang="en">
 <head>
  <title>
</title>
<meta http-equiv="Content-Type" content="text/html;charset=utf-8" />
  <meta name='ocr-system' content='tesseract 3.04.00' />
  <meta name='ocr-capabilities' content='ocr_page ocr_carea ocr_par ocr_line ocrx_word'/>
</head>
<body>
  <div class='ocr_page' id='page_1' title='image "./gestaromanorum00oestuoft_0292.png"; bbox 0 0 1934 3142; ppageno 0'>
   <div class='ocr_carea' id='block_1_1' title="bbox 981 89 1065 130">
    <p class='ocr_par' dir='ltr' id='par_1_1' title="bbox 981 89 1065 130">
     <span class='ocr_line' id='line_1_1' title="bbox 981 89 1065 130; baseline -0.012 0"><span class='ocrx_word' id='word_1_1' title='bbox 981 89 1065 130; x_wconf 74' lang='lat'>274</span> 
     </span>
    </p>
   </div>
   <div class='ocr_carea' id='block_1_2' title="bbox 117 194 1882 3026">
    <p class='ocr_par' dir='ltr' id='par_1_2' title="bbox 120 194 1858 1174">
     <span class='ocr_line' id='line_1_2' title="bbox 193 194 1854 249; baseline 0.001 -14"><span class='ocrx_word' id='word_1_2' title='bbox 193 195 306 247; x_wconf 84' lang='lat' dir='ltr'>toris,</span> <span class='ocrx_word' id='word_1_3' title='bbox 340 195 409 249; x_wconf 87' lang='lat' dir='ltr'>qui</span> <span class='ocrx_word' id='word_1_4' title='bbox 440 208 602 249; x_wconf 80' lang='lat' dir='ltr'>semper</span> <span class='ocrx_word' id='word_1_5' title='bbox 634 195 833 236; x_wconf 85' lang='lat' dir='ltr'>mediator</span> <span class='ocrx_word' id='word_1_6' title='bbox 864 195 970 235; x_wconf 89' lang='lat' dir='ltr'>inter</span> <span class='ocrx_word' id='word_1_7' title='bbox 992 195 1281 248; x_wconf 75' lang='lat' dir='ltr'>imperatorem</span> <span class='ocrx_word' id='word_1_8' title='bbox 1304 200 1345 236; x_wconf 93' lang='lat' dir='ltr'>et</span> <span class='ocrx_word' id='word_1_9' title='bbox 1366 194 1465 236; x_wconf 82' lang='lat' dir='ltr'>alios</span> <span class='ocrx_word' id='word_1_10' title='bbox 1489 199 1577 236; x_wconf 90' lang='lat' dir='ltr'>erat</span> <span class='ocrx_word' id='word_1_11' title='bbox 1596 195 1854 249; x_wconf 90' lang='lat' dir='ltr'>constitutus,</span> 
     </span>
     <span class='ocr_line' id='line_1_3' title="bbox 193 265 1856 320; baseline 0.001 -13"><span class='ocrx_word' id='word_1_12' title='bbox 193 268 327 307; x_wconf 84' lang='lat' dir='ltr'>motus</span> <span class='ocrx_word' id='word_1_13' title='bbox 359 265 523 320; x_wconf 87' lang='lat' dir='ltr'>pietate,</span> <span class='ocrx_word' id='word_1_14' title='bbox 558 278 632 320; x_wconf 91' lang='lat' dir='ltr'>per</span> <span class='ocrx_word' id='word_1_15' title='bbox 664 279 754 308; x_wconf 91' lang='lat' dir='ltr'>eum</span> <span class='ocrx_word' id='word_1_16' title='bbox 789 268 850 307; x_wconf 91' lang='lat' dir='ltr'>est</span> <span class='ocrx_word' id='word_1_17' title='bbox 879 265 988 320; x_wconf 90' lang='lat' dir='ltr'>patri</span> <span class='ocrx_word' id='word_1_18' title='bbox 1019 265 1284 307; x_wconf 87' lang='lat' dir='ltr'>reconciliata</span> <span class='ocrx_word' id='word_1_19' title='bbox 1315 278 1361 306; x_wconf 90' lang='lat' dir='ltr'>ac</span> <span class='ocrx_word' id='word_1_20' title='bbox 1392 265 1646 307; x_wconf 90' lang='lat' dir='ltr'>nobilissimo</span> <span class='ocrx_word' id='word_1_21' title='bbox 1678 266 1765 308; x_wconf 87' lang='lat' dir='ltr'>viro</span> <span class='ocrx_word' id='word_1_22' title='bbox 1787 265 1856 308; x_wconf 91' lang='lat' dir='ltr'>de-</span> 
     </span>
     <span class='ocr_line' id='line_1_4' title="bbox 193 335 1855 393; baseline 0.001 -15"><span class='ocrx_word' id='word_1_23' title='bbox 193 339 400 392; x_wconf 82' lang='lat' dir='ltr'>sponsata.</span> <span class='ocrx_word' id='word_1_24' title='bbox 455 335 540 385; x_wconf 86' lang='lat' dir='ltr'>Quo</span> <span class='ocrx_word' id='word_1_25' title='bbox 580 336 686 378; x_wconf 86' lang='lat' dir='ltr'>facto</span> <span class='ocrx_word' id='word_1_26' title='bbox 727 337 840 378; x_wconf 86' lang='lat' dir='ltr'>varia</span> <span class='ocrx_word' id='word_1_27' title='bbox 879 336 1050 377; x_wconf 88' lang='lat' dir='ltr'>donaria</span> <span class='ocrx_word' id='word_1_28' title='bbox 1088 349 1111 377; x_wconf 92' lang='lat' dir='ltr'>a</span> <span class='ocrx_word' id='word_1_29' title='bbox 1142 339 1258 391; x_wconf 86' lang='lat' dir='ltr'>patre</span> <span class='ocrx_word' id='word_1_30' title='bbox 1294 337 1459 392; x_wconf 88' lang='lat' dir='ltr'>recepit.</span> <span class='ocrx_word' id='word_1_31' title='bbox 1514 336 1651 378; x_wconf 90' lang='lat' dir='ltr'>Primo</span> <span class='ocrx_word' id='word_1_32' title='bbox 1685 351 1708 379; x_wconf 88' lang='lat' dir='ltr'>a</span> <span class='ocrx_word' id='word_1_33' title='bbox 1738 340 1855 393; x_wconf 87' lang='lat' dir='ltr'>patre</span> 
     </span>
     <span class='ocr_line' id='line_1_5' title="bbox 192 406 1856 464; baseline 0.001 -15"><span class='ocrx_word' id='word_1_34' title='bbox 192 408 373 450; x_wconf 90' lang='lat' dir='ltr'>tunicam</span> <span class='ocrx_word' id='word_1_35' title='bbox 411 407 609 449; x_wconf 85' lang='lat' dir='ltr'>thalarem</span> <span class='ocrx_word' id='word_1_36' title='bbox 647 407 874 463; x_wconf 79' lang='lat' dir='ltr'>polimitam</span> <span class='ocrx_word' id='word_1_37' title='bbox 916 406 1095 461; x_wconf 90' lang='lat' dir='ltr'>undique</span> <span class='ocrx_word' id='word_1_38' title='bbox 1126 407 1328 449; x_wconf 82' lang='lat' dir='ltr'>intextam</span> <span class='ocrx_word' id='word_1_39' title='bbox 1360 412 1400 450; x_wconf 91' lang='lat' dir='ltr'>et</span> <span class='ocrx_word' id='word_1_40' title='bbox 1432 408 1490 450; x_wconf 91' lang='grc'>510</span> <span class='ocrx_word' id='word_1_41' title='bbox 1521 408 1760 464; x_wconf 81' lang='lat' dir='ltr'>inscriptam</span> <span class='ocrx_word' id='word_1_42' title='bbox 1792 422 1856 451; x_wconf 90' lang='lat' dir='ltr'>re-</span> 
     </span>
     <span class='ocr_line' id='line_1_6' title="bbox 144 476 1856 534; baseline 0.002 -17"><span class='ocrx_word' id='word_1_43' title='bbox 144 483 165 517; x_wconf 82' lang='lat'>5</span> <span class='ocrx_word' id='word_1_44' title='bbox 192 479 318 534; x_wconf 90' lang='lat' dir='ltr'>cepit:</span> <span class='ocrx_word' id='word_1_45' title='bbox 352 478 501 520; x_wconf 90' lang='lat' dir='ltr'>Dimisi</span> <span class='ocrx_word' id='word_1_46' title='bbox 532 478 620 531; x_wconf 91' lang='lat' dir='ltr'>tibi,</span> <span class='ocrx_word' id='word_1_47' title='bbox 653 492 704 521; x_wconf 92' lang='lat' dir='ltr'>ne</span> <span class='ocrx_word' id='word_1_48' title='bbox 735 479 902 533; x_wconf 85' lang='lat' dir='ltr'>adjicias</span> <span class='ocrx_word' id='word_1_49' title='bbox 934 477 1055 520; x_wconf 89' lang='lat' dir='ltr'>ultra.</span> <span class='ocrx_word' id='word_1_50' title='bbox 1109 476 1196 532; x_wconf 82' lang='lat' dir='ltr'>[lb]</span> <span class='ocrx_word' id='word_1_51' title='bbox 1232 478 1269 520; x_wconf 91' lang='lat' dir='ltr'>A</span> <span class='ocrx_word' id='word_1_52' title='bbox 1301 492 1396 532; x_wconf 79' lang='lat' dir='ltr'>rege</span> <span class='ocrx_word' id='word_1_53' title='bbox 1428 478 1633 533; x_wconf 87' lang='lat' dir='ltr'>quandam</span> <span class='ocrx_word' id='word_1_54' title='bbox 1664 492 1856 522; x_wconf 86' lang='lat' dir='ltr'>coronam</span> 
     </span>
     <span class='ocr_line' id='line_1_7' title="bbox 192 549 1857 606; baseline 0 -14"><span class='ocrx_word' id='word_1_55' title='bbox 192 563 357 592; x_wconf 85' lang='lat' dir='ltr'>auream</span> <span class='ocrx_word' id='word_1_56' title='bbox 388 549 531 591; x_wconf 85' lang='lat' dir='ltr'>habuit</span> <span class='ocrx_word' id='word_1_57' title='bbox 562 550 620 592; x_wconf 90' lang='lat' dir='ltr'>sic</span> <span class='ocrx_word' id='word_1_58' title='bbox 652 550 917 605; x_wconf 82' lang='lat' dir='ltr'>insculptam:</span> <span class='ocrx_word' id='word_1_59' title='bbox 951 549 1015 591; x_wconf 80' lang='lat' dir='ltr'>Ex</span> <span class='ocrx_word' id='word_1_60' title='bbox 1048 563 1112 591; x_wconf 89' lang='lat' dir='ltr'>me</span> <span class='ocrx_word' id='word_1_61' title='bbox 1144 553 1215 591; x_wconf 89' lang='lat' dir='ltr'>tua</span> <span class='ocrx_word' id='word_1_62' title='bbox 1245 549 1436 603; x_wconf 84' lang='lat' dir='ltr'>dignitas.</span> <span class='ocrx_word' id='word_1_63' title='bbox 1484 550 1522 591; x_wconf 89' lang='lat' dir='ltr'><strong>A</strong></span> <span class='ocrx_word' id='word_1_64' title='bbox 1550 554 1857 606; x_wconf 85' lang='lat' dir='ltr'>propugnatore</span> 
     </span>
     <span class='ocr_line' id='line_1_8' title="bbox 189 620 1854 675; baseline 0.001 -12"><span class='ocrx_word' id='word_1_65' title='bbox 189 621 333 664; x_wconf 86' lang='lat' dir='ltr'>habuit</span> <span class='ocrx_word' id='word_1_66' title='bbox 372 620 568 662; x_wconf 88' lang='lat' dir='ltr'>annulum</span> <span class='ocrx_word' id='word_1_67' title='bbox 608 635 732 662; x_wconf 90' lang='lat' dir='ltr'>unum</span> <span class='ocrx_word' id='word_1_68' title='bbox 765 634 856 662; x_wconf 90' lang='lat' dir='ltr'>cum</span> <span class='ocrx_word' id='word_1_69' title='bbox 889 620 965 662; x_wconf 89' lang='lat' dir='ltr'>hac</span> <span class='ocrx_word' id='word_1_70' title='bbox 997 621 1220 675; x_wconf 87' lang='lat' dir='ltr'>scriptura:</span> <span class='ocrx_word' id='word_1_71' title='bbox 1261 621 1399 663; x_wconf 75' lang='lat' dir='ltr'>Dilexi</span> <span class='ocrx_word' id='word_1_72' title='bbox 1431 625 1492 675; x_wconf 89' lang='lat' dir='ltr'>te,</span> <span class='ocrx_word' id='word_1_73' title='bbox 1532 621 1642 664; x_wconf 88' lang='lat' dir='ltr'>disce</span> <span class='ocrx_word' id='word_1_74' title='bbox 1673 621 1854 675; x_wconf 87' lang='lat' dir='ltr'>diligere.</span> 
     </span>
     <span class='ocr_line' id='line_1_9' title="bbox 188 691 1856 748; baseline -0.001 -14"><span class='ocrx_word' id='word_1_75' title='bbox 188 692 226 734; x_wconf 93' lang='lat' dir='ltr'>A</span> <span class='ocrx_word' id='word_1_76' title='bbox 258 692 443 748; x_wconf 87' lang='lat' dir='ltr'>sapiente</span> <span class='ocrx_word' id='word_1_77' title='bbox 473 692 699 734; x_wconf 82' lang='lat' dir='ltr'>mediatore</span> <span class='ocrx_word' id='word_1_78' title='bbox 731 692 854 733; x_wconf 85' lang='lat' dir='ltr'>alium</span> <span class='ocrx_word' id='word_1_79' title='bbox 888 691 1084 733; x_wconf 91' lang='lat' dir='ltr'>annulum</span> <span class='ocrx_word' id='word_1_80' title='bbox 1113 693 1268 747; x_wconf 88' lang='lat' dir='ltr'>recepit</span> <span class='ocrx_word' id='word_1_81' title='bbox 1290 693 1347 734; x_wconf 92' lang='lat' dir='ltr'>sic</span> <span class='ocrx_word' id='word_1_82' title='bbox 1370 692 1594 748; x_wconf 82' lang='lat' dir='ltr'>sculptum:</span> <span class='ocrx_word' id='word_1_83' title='bbox 1627 692 1732 743; x_wconf 83' lang='lat' dir='ltr'>Quid</span> <span class='ocrx_word' id='word_1_84' title='bbox 1751 691 1856 735; x_wconf 83' lang='lat' dir='ltr'>feci?</span> 
     </span>
     <span class='ocr_line' id='line_1_10' title="bbox 189 762 1856 819; baseline 0 -14"><span class='ocrx_word' id='word_1_85' title='bbox 189 763 413 818; x_wconf 83' lang='lat' dir='ltr'>quantum?</span> <span class='ocrx_word' id='word_1_86' title='bbox 450 764 601 817; x_wconf 81' lang='lat' dir='ltr'>quare?</span> <span class='ocrx_word' id='word_1_87' title='bbox 648 763 684 804; x_wconf 91' lang='lat' dir='ltr'><strong>A</strong></span> <span class='ocrx_word' id='word_1_88' title='bbox 715 762 798 804; x_wconf 87' lang='lat' dir='ltr'>filio</span> <span class='ocrx_word' id='word_1_89' title='bbox 830 764 935 817; x_wconf 83' lang='lat' dir='ltr'>regis</span> <span class='ocrx_word' id='word_1_90' title='bbox 969 764 1091 805; x_wconf 90' lang='lat' dir='ltr'>etiam</span> <span class='ocrx_word' id='word_1_91' title='bbox 1127 763 1322 805; x_wconf 87' lang='lat' dir='ltr'>annulum</span> <span class='ocrx_word' id='word_1_92' title='bbox 1355 764 1414 806; x_wconf 89' lang='lat' dir='ltr'>sic</span> <span class='ocrx_word' id='word_1_93' title='bbox 1444 763 1663 819; x_wconf 90' lang='lat' dir='ltr'>scriptum:</span> <span class='ocrx_word' id='word_1_94' title='bbox 1696 763 1856 806; x_wconf 90' lang='lat' dir='ltr'>Nobilis</span> 
     </span>
     <span class='ocr_line' id='line_1_11' title="bbox 120 834 1857 890; baseline 0.001 -16"><span class='ocrx_word' id='word_1_95' title='bbox 120 840 163 874; x_wconf 90' lang='lat'>10</span> <span class='ocrx_word' id='word_1_96' title='bbox 189 849 250 889; x_wconf 92' lang='lat' dir='ltr'>es,</span> <span class='ocrx_word' id='word_1_97' title='bbox 283 834 538 877; x_wconf 86' lang='lat' dir='ltr'>nobilitatem</span> <span class='ocrx_word' id='word_1_98' title='bbox 571 838 685 876; x_wconf 87' lang='lat' dir='ltr'>tuam</span> <span class='ocrx_word' id='word_1_99' title='bbox 716 848 766 876; x_wconf 90' lang='lat' dir='ltr'>ne</span> <span class='ocrx_word' id='word_1_100' title='bbox 797 838 1077 889; x_wconf 70' lang='lat' dir='ltr'>contempnas</span> <span class='ocrx_word' id='word_1_101' title='bbox 1133 835 1169 875; x_wconf 93' lang='lat' dir='ltr'><strong>A</strong></span> <span class='ocrx_word' id='word_1_102' title='bbox 1202 848 1396 888; x_wconf 86' lang='lat' dir='ltr'>germano</span> <span class='ocrx_word' id='word_1_103' title='bbox 1429 835 1594 890; x_wconf 88' lang='lat' dir='ltr'>proprio</span> <span class='ocrx_word' id='word_1_104' title='bbox 1628 835 1752 877; x_wconf 90' lang='lat' dir='ltr'>alium</span> <span class='ocrx_word' id='word_1_105' title='bbox 1787 848 1857 876; x_wconf 88' lang='lat' dir='ltr'>an-</span> 
     </span>
     <span class='ocr_line' id='line_1_12' title="bbox 187 905 1856 961; baseline 0 -13"><span class='ocrx_word' id='word_1_106' title='bbox 187 906 344 960; x_wconf 90' lang='lat' dir='ltr'>nulum,</span> <span class='ocrx_word' id='word_1_107' title='bbox 376 906 418 947; x_wconf 89' lang='lat' dir='ltr'>in</span> <span class='ocrx_word' id='word_1_108' title='bbox 451 920 529 960; x_wconf 86' lang='grc'>(1110</span> <span class='ocrx_word' id='word_1_109' title='bbox 562 910 650 948; x_wconf 89' lang='lat' dir='ltr'>erat</span> <span class='ocrx_word' id='word_1_110' title='bbox 682 906 899 961; x_wconf 87' lang='lat' dir='ltr'>scriptum:</span> <span class='ocrx_word' id='word_1_111' title='bbox 933 906 1093 947; x_wconf 86' lang='lat' dir='ltr'>Accede</span> <span class='ocrx_word' id='word_1_112' title='bbox 1127 905 1177 946; x_wconf 86' lang='lat' dir='ltr'>ad</span> <span class='ocrx_word' id='word_1_113' title='bbox 1210 919 1287 959; x_wconf 85' lang='lat' dir='ltr'>me,</span> <span class='ocrx_word' id='word_1_114' title='bbox 1320 919 1371 948; x_wconf 91' lang='lat' dir='ltr'>ne</span> <span class='ocrx_word' id='word_1_115' title='bbox 1402 907 1567 948; x_wconf 85' lang='lat' dir='ltr'>timeas!</span> <span class='ocrx_word' id='word_1_116' title='bbox 1604 906 1732 948; x_wconf 85' lang='lat' dir='ltr'>frater</span> <span class='ocrx_word' id='word_1_117' title='bbox 1763 910 1856 948; x_wconf 91' lang='lat' dir='ltr'>tuus</span> 
     </span>
     <span class='ocr_line' id='line_1_13' title="bbox 188 976 1857 1032; baseline 0 -13"><span class='ocrx_word' id='word_1_118' title='bbox 188 991 292 1020; x_wconf 89' lang='lat' dir='ltr'>sum.</span> <span class='ocrx_word' id='word_1_119' title='bbox 340 977 376 1019; x_wconf 94' lang='lat' dir='ltr'><strong>A</strong></span> <span class='ocrx_word' id='word_1_120' title='bbox 409 991 559 1032; x_wconf 88' lang='lat' dir='ltr'>sponso</span> <span class='ocrx_word' id='word_1_121' title='bbox 593 978 772 1031; x_wconf 77' lang='lat' dir='ltr'>sigillum</span> <span class='ocrx_word' id='word_1_122' title='bbox 805 991 986 1030; x_wconf 85' lang='lat' dir='ltr'>aureum,</span> <span class='ocrx_word' id='word_1_123' title='bbox 1020 991 1098 1031; x_wconf 88' lang='grc'>11110</span> <span class='ocrx_word' id='word_1_124' title='bbox 1131 976 1209 1018; x_wconf 90' lang='lat' dir='ltr'>sibi</span> <span class='ocrx_word' id='word_1_125' title='bbox 1242 977 1445 1019; x_wconf 85' lang='lat' dir='ltr'>hereditas</span> <span class='ocrx_word' id='word_1_126' title='bbox 1478 977 1619 1032; x_wconf 90' lang='lat' dir='ltr'>sponsi</span> <span class='ocrx_word' id='word_1_127' title='bbox 1643 977 1857 1019; x_wconf 88' lang='lat' dir='ltr'>confirma-</span> 
     </span>
     <span class='ocr_line' id='line_1_14' title="bbox 187 1046 1856 1104; baseline 0 -14"><span class='ocrx_word' id='word_1_128' title='bbox 187 1049 321 1102; x_wconf 81' lang='lat' dir='ltr'>batur,</span> <span class='ocrx_word' id='word_1_129' title='bbox 354 1048 502 1090; x_wconf 86' lang='lat' dir='ltr'>collata</span> <span class='ocrx_word' id='word_1_130' title='bbox 537 1046 654 1102; x_wconf 88' lang='lat' dir='ltr'>[est],</span> <span class='ocrx_word' id='word_1_131' title='bbox 688 1049 802 1102; x_wconf 88' lang='lat' dir='ltr'>cujus</span> <span class='ocrx_word' id='word_1_132' title='bbox 835 1049 1040 1104; x_wconf 88' lang='lat' dir='ltr'>scriptura</span> <span class='ocrx_word' id='word_1_133' title='bbox 1071 1052 1178 1090; x_wconf 85' lang='lat' dir='ltr'>erat:</span> <span class='ocrx_word' id='word_1_134' title='bbox 1212 1048 1305 1089; x_wconf 85' lang='lat' dir='ltr'>Jam</span> <span class='ocrx_word' id='word_1_135' title='bbox 1338 1049 1553 1102; x_wconf 87' lang='lat' dir='ltr'>conjuncta</span> <span class='ocrx_word' id='word_1_136' title='bbox 1584 1062 1646 1102; x_wconf 90' lang='lat' dir='ltr'>es,</span> <span class='ocrx_word' id='word_1_137' title='bbox 1680 1049 1856 1104; x_wconf 89' lang='lat' dir='ltr'>amplius</span> 
     </span>
     <span class='ocr_line' id='line_1_15' title="bbox 187 1119 1858 1174; baseline 0 -12"><span class='ocrx_word' id='word_1_138' title='bbox 187 1120 271 1162; x_wconf 90' lang='lat' dir='ltr'>noli</span> <span class='ocrx_word' id='word_1_139' title='bbox 303 1133 451 1162; x_wconf 86' lang='lat' dir='ltr'>errare.</span> <span class='ocrx_word' id='word_1_140' title='bbox 505 1119 658 1173; x_wconf 88' lang='lat' dir='ltr'>Puella,</span> <span class='ocrx_word' id='word_1_141' title='bbox 693 1123 906 1174; x_wconf 83' lang='lat' dir='ltr'>postquam</span> <span class='ocrx_word' id='word_1_142' title='bbox 941 1120 1022 1161; x_wconf 87' lang='lat' dir='ltr'>ista</span> <span class='ocrx_word' id='word_1_143' title='bbox 1054 1120 1160 1161; x_wconf 90' lang='lat' dir='ltr'>dona</span> <span class='ocrx_word' id='word_1_144' title='bbox 1191 1123 1414 1174; x_wconf 75' lang='lat' dir='ltr'>receperat,</span> <span class='ocrx_word' id='word_1_145' title='bbox 1449 1133 1496 1162; x_wconf 91' lang='lat' dir='ltr'>ea</span> <span class='ocrx_word' id='word_1_146' title='bbox 1527 1120 1722 1174; x_wconf 87' lang='lat' dir='ltr'>quamdiu</span> <span class='ocrx_word' id='word_1_147' title='bbox 1753 1120 1858 1162; x_wconf 77' lang='lat' dir='ltr'>vixit</span> 
     </span>
    </p>

    <p class='ocr_par' dir='ltr' id='par_1_3' title="bbox 117 1190 1882 2958">
     <span class='ocr_line' id='line_1_16' title="bbox 119 1190 1601 1246; baseline 0 -14"><span class='ocrx_word' id='word_1_148' title='bbox 119 1197 162 1232; x_wconf 85' lang='lat'>15</span> <span class='ocrx_word' id='word_1_149' title='bbox 188 1191 420 1244; x_wconf 90' lang='lat' dir='ltr'>custodivit,</span> <span class='ocrx_word' id='word_1_150' title='bbox 455 1194 494 1232; x_wconf 92' lang='lat' dir='ltr'>et</span> <span class='ocrx_word' id='word_1_151' title='bbox 526 1191 575 1233; x_wconf 93' lang='lat' dir='ltr'>ab</span> <span class='ocrx_word' id='word_1_152' title='bbox 608 1191 796 1232; x_wconf 89' lang='lat' dir='ltr'>omnibus</span> <span class='ocrx_word' id='word_1_153' title='bbox 829 1191 976 1233; x_wconf 88' lang='lat' dir='ltr'>dilecta</span> <span class='ocrx_word' id='word_1_154' title='bbox 1008 1191 1094 1233; x_wconf 89' lang='lat' dir='ltr'>dies</span> <span class='ocrx_word' id='word_1_155' title='bbox 1127 1205 1221 1232; x_wconf 89' lang='lat' dir='ltr'>suos</span> <span class='ocrx_word' id='word_1_156' title='bbox 1253 1191 1294 1232; x_wconf 91' lang='lat' dir='ltr'>in</span> <span class='ocrx_word' id='word_1_157' title='bbox 1327 1204 1426 1246; x_wconf 90' lang='lat' dir='ltr'>pace</span> <span class='ocrx_word' id='word_1_158' title='bbox 1456 1190 1601 1233; x_wconf 89' lang='lat' dir='ltr'>finivit.</span> 
     </span>
     <span class='ocr_line' id='line_1_17' title="bbox 307 1260 1856 1318; baseline -0.001 -12"><span class='ocrx_word' id='word_1_159' title='bbox 307 1260 617 1318; x_wconf 64' lang='lat' dir='ltr'>[Moralz&#39;satz&#39;o]</span> <span class='ocrx_word' id='word_1_160' title='bbox 675 1262 910 1316; x_wconf 88' lang='lat' dir='ltr'>Carissimi,</span> <span class='ocrx_word' id='word_1_161' title='bbox 952 1263 1177 1318; x_wconf 87' lang='lat' dir='ltr'>imperator</span> <span class='ocrx_word' id='word_1_162' title='bbox 1215 1263 1292 1304; x_wconf 85' lang='lat' dir='ltr'>iste</span> <span class='ocrx_word' id='word_1_163' title='bbox 1324 1266 1386 1304; x_wconf 88' lang='lat' dir='ltr'>est</span> <span class='ocrx_word' id='word_1_164' title='bbox 1417 1265 1535 1317; x_wconf 88' lang='lat' dir='ltr'>pater</span> <span class='ocrx_word' id='word_1_165' title='bbox 1565 1261 1748 1317; x_wconf 89' lang='lat' dir='ltr'>celestis,</span> <span class='ocrx_word' id='word_1_166' title='bbox 1787 1263 1856 1317; x_wconf 90' lang='lat' dir='ltr'>qui</span> 
     </span>
     <span class='ocr_line' id='line_1_18' title="bbox 186 1333 1857 1389; baseline -0.001 -12"><span class='ocrx_word' id='word_1_167' title='bbox 186 1335 348 1378; x_wconf 91' lang='lat' dir='ltr'>vocavit</span> <span class='ocrx_word' id='word_1_168' title='bbox 379 1348 452 1376; x_wconf 91' lang='lat' dir='ltr'>nos</span> <span class='ocrx_word' id='word_1_169' title='bbox 485 1347 559 1389; x_wconf 87' lang='lat' dir='ltr'>per</span> <span class='ocrx_word' id='word_1_170' title='bbox 590 1334 822 1388; x_wconf 85' lang='lat' dir='ltr'>passionem</span> <span class='ocrx_word' id='word_1_171' title='bbox 854 1334 927 1375; x_wconf 88' lang='lat' dir='ltr'>filii</span> <span class='ocrx_word' id='word_1_172' title='bbox 960 1334 1022 1375; x_wconf 90' lang='lat' dir='ltr'>sui</span> <span class='ocrx_word' id='word_1_173' title='bbox 1055 1334 1103 1376; x_wconf 90' lang='lat' dir='ltr'>de</span> <span class='ocrx_word' id='word_1_174' title='bbox 1134 1334 1251 1376; x_wconf 90' lang='lat' dir='ltr'>fauce</span> <span class='ocrx_word' id='word_1_175' title='bbox 1283 1333 1447 1375; x_wconf 88' lang='lat' dir='ltr'>diaboli.</span> <span class='ocrx_word' id='word_1_176' title='bbox 1495 1333 1587 1388; x_wconf 91' lang='lat' dir='ltr'>Ipse</span> <span class='ocrx_word' id='word_1_177' title='bbox 1618 1337 1680 1376; x_wconf 91' lang='lat' dir='ltr'>est</span> <span class='ocrx_word' id='word_1_178' title='bbox 1699 1347 1772 1376; x_wconf 87' lang='lat' dir='ltr'>rex</span> <span class='ocrx_word' id='word_1_179' title='bbox 1793 1347 1857 1376; x_wconf 89' lang='lat' dir='ltr'>re-</span> 
     </span>
     <span class='ocr_line' id='line_1_19' title="bbox 187 1404 1859 1460; baseline 0 -12"><span class='ocrx_word' id='word_1_180' title='bbox 187 1420 283 1460; x_wconf 86' lang='lat' dir='ltr'>gum</span> <span class='ocrx_word' id='word_1_181' title='bbox 317 1410 356 1448; x_wconf 92' lang='lat' dir='ltr'>et</span> <span class='ocrx_word' id='word_1_182' title='bbox 387 1406 576 1447; x_wconf 88' lang='lat' dir='ltr'>dominus</span> <span class='ocrx_word' id='word_1_183' title='bbox 609 1405 920 1447; x_wconf 85' lang='lat' dir='ltr'>dominantium.</span> <span class='ocrx_word' id='word_1_184' title='bbox 971 1405 1313 1447; x_wconf 77' lang='lat' dir='ltr'>Deuter.xxx11:</span> <span class='ocrx_word' id='word_1_185' title='bbox 1346 1404 1542 1459; x_wconf 86' lang='lat' dir='ltr'>Nunquid</span> <span class='ocrx_word' id='word_1_186' title='bbox 1572 1418 1652 1446; x_wconf 91' lang='lat' dir='ltr'>non</span> <span class='ocrx_word' id='word_1_187' title='bbox 1686 1406 1775 1460; x_wconf 89' lang='lat' dir='ltr'>ipse</span> <span class='ocrx_word' id='word_1_188' title='bbox 1797 1409 1859 1448; x_wconf 88' lang='lat' dir='ltr'>est</span> 
     </span>
     <span class='ocr_line' id='line_1_20' title="bbox 186 1475 1859 1533; baseline -0.001 -14"><span class='ocrx_word' id='word_1_189' title='bbox 186 1481 304 1533; x_wconf 88' lang='lat' dir='ltr'>pater</span> <span class='ocrx_word' id='word_1_190' title='bbox 335 1481 450 1530; x_wconf 91' lang='lat' dir='ltr'>tuus,</span> <span class='ocrx_word' id='word_1_191' title='bbox 493 1477 560 1530; x_wconf 90' lang='lat' dir='ltr'>qui</span> <span class='ocrx_word' id='word_1_192' title='bbox 593 1477 794 1531; x_wconf 75' lang='lat' dir='ltr'>possedit,</span> <span class='ocrx_word' id='word_1_193' title='bbox 834 1477 932 1518; x_wconf 88' lang='lat' dir='ltr'>fecit</span> <span class='ocrx_word' id='word_1_194' title='bbox 963 1480 1003 1518; x_wconf 88' lang='lat' dir='ltr'>et</span> <span class='ocrx_word' id='word_1_195' title='bbox 1034 1477 1189 1518; x_wconf 86' lang='lat' dir='ltr'>creavit</span> <span class='ocrx_word' id='word_1_196' title='bbox 1221 1476 1285 1518; x_wconf 80' lang='lat' dir='ltr'>te?</span> <span class='ocrx_word' id='word_1_197' title='bbox 1339 1475 1445 1517; x_wconf 89' lang='lat' dir='ltr'>Filia</span> <span class='ocrx_word' id='word_1_198' title='bbox 1475 1476 1596 1518; x_wconf 89' lang='lat' dir='ltr'>unica</span> <span class='ocrx_word' id='word_1_199' title='bbox 1628 1480 1690 1518; x_wconf 91' lang='lat' dir='ltr'>est</span> <span class='ocrx_word' id='word_1_200' title='bbox 1721 1476 1859 1518; x_wconf 88' lang='lat' dir='ltr'>anima</span> 
     </span>
     <span class='ocr_line' id='line_1_21' title="bbox 117 1547 1859 1602; baseline 0 -13"><span class='ocrx_word' id='word_1_201' title='bbox 117 1554 162 1589; x_wconf 81' lang='lat'>20</span> <span class='ocrx_word' id='word_1_202' title='bbox 186 1548 421 1601; x_wconf 90' lang='lat' dir='ltr'>rationalis,</span> <span class='ocrx_word' id='word_1_203' title='bbox 463 1561 540 1602; x_wconf 88' lang='lat' dir='ltr'>que</span> <span class='ocrx_word' id='word_1_204' title='bbox 580 1548 757 1589; x_wconf 87' lang='lat' dir='ltr'>traditur</span> <span class='ocrx_word' id='word_1_205' title='bbox 797 1548 976 1602; x_wconf 86' lang='lat' dir='ltr'>quinque</span> <span class='ocrx_word' id='word_1_206' title='bbox 1013 1547 1212 1589; x_wconf 89' lang='lat' dir='ltr'>militibus</span> <span class='ocrx_word' id='word_1_207' title='bbox 1250 1547 1276 1588; x_wconf 91' lang='lat' dir='ltr'>i.</span> <span class='ocrx_word' id='word_1_208' title='bbox 1302 1561 1334 1589; x_wconf 92' lang='lat' dir='ltr'>e.</span> <span class='ocrx_word' id='word_1_209' title='bbox 1367 1547 1546 1602; x_wconf 86' lang='lat' dir='ltr'>quinque</span> <span class='ocrx_word' id='word_1_210' title='bbox 1584 1547 1770 1590; x_wconf 87' lang='lat' dir='ltr'>sensibus</span> <span class='ocrx_word' id='word_1_211' title='bbox 1807 1547 1859 1589; x_wconf 87' lang='lat' dir='ltr'>ad</span> 
     </span>
     <span class='ocr_line' id='line_1_22' title="bbox 188 1618 1857 1674; baseline -0.001 -12"><span class='ocrx_word' id='word_1_212' title='bbox 188 1619 519 1673; x_wconf 87' lang='lat' dir='ltr'>custodiendum,</span> <span class='ocrx_word' id='word_1_213' title='bbox 559 1619 629 1673; x_wconf 83' lang='lat' dir='ltr'>qui</span> <span class='ocrx_word' id='word_1_214' title='bbox 661 1623 756 1661; x_wconf 89' lang='lat' dir='ltr'>sunt</span> <span class='ocrx_word' id='word_1_215' title='bbox 786 1620 934 1660; x_wconf 86' lang='lat' dir='ltr'>armati</span> <span class='ocrx_word' id='word_1_216' title='bbox 967 1633 1039 1674; x_wconf 92' lang='lat' dir='ltr'>per</span> <span class='ocrx_word' id='word_1_217' title='bbox 1072 1620 1263 1672; x_wconf 80' lang='lat' dir='ltr'>virtutes,</span> <span class='ocrx_word' id='word_1_218' title='bbox 1297 1632 1396 1672; x_wconf 85' lang='lat' dir='ltr'>quas</span> <span class='ocrx_word' id='word_1_219' title='bbox 1428 1618 1548 1660; x_wconf 91' lang='lat' dir='ltr'>homo</span> <span class='ocrx_word' id='word_1_220' title='bbox 1579 1619 1620 1660; x_wconf 92' lang='lat' dir='ltr'>in</span> <span class='ocrx_word' id='word_1_221' title='bbox 1653 1619 1857 1674; x_wconf 87' lang='lat' dir='ltr'>baptismo</span> 
     </span>
     <span class='ocr_line' id='line_1_23' title="bbox 186 1689 1858 1746; baseline -0.001 -13"><span class='ocrx_word' id='word_1_222' title='bbox 186 1691 353 1746; x_wconf 90' lang='lat' dir='ltr'>recepit.</span> <span class='ocrx_word' id='word_1_223' title='bbox 408 1690 481 1732; x_wconf 89' lang='lat' dir='ltr'>Isti</span> <span class='ocrx_word' id='word_1_224' title='bbox 513 1704 655 1732; x_wconf 87' lang='lat' dir='ltr'>sensus</span> <span class='ocrx_word' id='word_1_225' title='bbox 688 1694 783 1733; x_wconf 87' lang='lat' dir='ltr'>sunt</span> <span class='ocrx_word' id='word_1_226' title='bbox 815 1691 945 1744; x_wconf 84' lang='lat' dir='ltr'>visus,</span> <span class='ocrx_word' id='word_1_227' title='bbox 987 1690 1149 1732; x_wconf 84' lang='lat' dir='ltr'>auditus</span> <span class='ocrx_word' id='word_1_228' title='bbox 1183 1693 1280 1742; x_wconf 72' lang='lat' dir='ltr'>ete,</span> <span class='ocrx_word' id='word_1_229' title='bbox 1314 1690 1382 1743; x_wconf 87' lang='lat' dir='ltr'>qui</span> <span class='ocrx_word' id='word_1_230' title='bbox 1416 1689 1567 1731; x_wconf 88' lang='lat' dir='ltr'>habent</span> <span class='ocrx_word' id='word_1_231' title='bbox 1597 1693 1741 1733; x_wconf 89' lang='lat' dir='ltr'>contra</span> <span class='ocrx_word' id='word_1_232' title='bbox 1771 1690 1858 1732; x_wconf 92' lang='lat' dir='ltr'>dia-</span> 
     </span>
     <span class='ocr_line' id='line_1_24' title="bbox 186 1760 1858 1816; baseline 0 -13"><span class='ocrx_word' id='word_1_233' title='bbox 186 1762 337 1816; x_wconf 88' lang='lat' dir='ltr'>bolum,</span> <span class='ocrx_word' id='word_1_234' title='bbox 370 1762 568 1803; x_wconf 88' lang='lat' dir='ltr'>mundum</span> <span class='ocrx_word' id='word_1_235' title='bbox 602 1766 641 1803; x_wconf 91' lang='lat' dir='ltr'>et</span> <span class='ocrx_word' id='word_1_236' title='bbox 672 1775 836 1804; x_wconf 88' lang='lat' dir='ltr'>carnem</span> <span class='ocrx_word' id='word_1_237' title='bbox 869 1775 958 1804; x_wconf 89' lang='lat' dir='ltr'>eam</span> <span class='ocrx_word' id='word_1_238' title='bbox 992 1762 1209 1803; x_wconf 90' lang='lat' dir='ltr'>custodire.</span> <span class='ocrx_word' id='word_1_239' title='bbox 1258 1760 1438 1815; x_wconf 86' lang='lat' dir='ltr'>Lampas</span> <span class='ocrx_word' id='word_1_240' title='bbox 1461 1761 1608 1803; x_wconf 87' lang='lat' dir='ltr'>ardens</span> <span class='ocrx_word' id='word_1_241' title='bbox 1632 1765 1694 1804; x_wconf 91' lang='lat' dir='ltr'>est</span> <span class='ocrx_word' id='word_1_242' title='bbox 1713 1761 1858 1803; x_wconf 88' lang='lat' dir='ltr'>volun-</span> 
     </span>
     <span class='ocr_line' id='line_1_25' title="bbox 186 1832 1858 1889; baseline 0 -13"><span class='ocrx_word' id='word_1_243' title='bbox 186 1837 249 1876; x_wconf 85' lang='lat' dir='ltr'>tas</span> <span class='ocrx_word' id='word_1_244' title='bbox 282 1834 356 1875; x_wconf 91' lang='lat' dir='ltr'>deo</span> <span class='ocrx_word' id='word_1_245' title='bbox 388 1833 431 1875; x_wconf 87' lang='lat' dir='ltr'>in</span> <span class='ocrx_word' id='word_1_246' title='bbox 464 1833 650 1875; x_wconf 89' lang='lat' dir='ltr'>omnibus</span> <span class='ocrx_word' id='word_1_247' title='bbox 683 1833 878 1887; x_wconf 87' lang='lat' dir='ltr'>subjecta,</span> <span class='ocrx_word' id='word_1_248' title='bbox 912 1847 989 1887; x_wconf 88' lang='lat' dir='ltr'>que</span> <span class='ocrx_word' id='word_1_249' title='bbox 1022 1832 1142 1875; x_wconf 90' lang='lat' dir='ltr'>debet</span> <span class='ocrx_word' id='word_1_250' title='bbox 1173 1846 1335 1888; x_wconf 88' lang='lat' dir='ltr'>semper</span> <span class='ocrx_word' id='word_1_251' title='bbox 1366 1833 1511 1875; x_wconf 88' lang='lat' dir='ltr'>ardere</span> <span class='ocrx_word' id='word_1_252' title='bbox 1541 1833 1583 1874; x_wconf 90' lang='lat' dir='ltr'>in</span> <span class='ocrx_word' id='word_1_253' title='bbox 1616 1833 1732 1875; x_wconf 89' lang='lat' dir='ltr'>bonis</span> <span class='ocrx_word' id='word_1_254' title='bbox 1761 1846 1858 1889; x_wconf 86' lang='lat' dir='ltr'>ope-</span> 
     </span>
     <span class='ocr_line' id='line_1_26' title="bbox 118 1903 1859 1960; baseline -0.001 -12"><span class='ocrx_word' id='word_1_255' title='bbox 118 1913 162 1948; x_wconf 76' lang='grc'>25</span> <span class='ocrx_word' id='word_1_256' title='bbox 186 1905 313 1959; x_wconf 86' lang='lat' dir='ltr'>ribus,</span> <span class='ocrx_word' id='word_1_257' title='bbox 351 1908 397 1946; x_wconf 93' lang='lat' dir='ltr'>ut</span> <span class='ocrx_word' id='word_1_258' title='bbox 427 1907 594 1960; x_wconf 88' lang='lat' dir='ltr'>peccato</span> <span class='ocrx_word' id='word_1_259' title='bbox 626 1918 706 1946; x_wconf 89' lang='lat' dir='ltr'>non</span> <span class='ocrx_word' id='word_1_260' title='bbox 739 1905 985 1946; x_wconf 77' lang='lat' dir='ltr'>consenciat.</span> <span class='ocrx_word' id='word_1_261' title='bbox 1041 1903 1260 1946; x_wconf 88' lang='lat' dir='ltr'>Caniculus</span> <span class='ocrx_word' id='word_1_262' title='bbox 1295 1917 1444 1959; x_wconf 89' lang='lat' dir='ltr'>parvus</span> <span class='ocrx_word' id='word_1_263' title='bbox 1475 1904 1578 1947; x_wconf 90' lang='lat' dir='ltr'>bene</span> <span class='ocrx_word' id='word_1_264' title='bbox 1608 1904 1765 1946; x_wconf 86' lang='lat' dir='ltr'>latrans</span> <span class='ocrx_word' id='word_1_265' title='bbox 1798 1908 1859 1947; x_wconf 91' lang='lat' dir='ltr'>est</span> 
     </span>
     <span class='ocr_line' id='line_1_27' title="bbox 188 1975 1858 2031; baseline 0 -13"><span class='ocrx_word' id='word_1_266' title='bbox 188 1976 454 2028; x_wconf 85' lang='lat' dir='ltr'>consciencia,</span> <span class='ocrx_word' id='word_1_267' title='bbox 489 1989 565 2030; x_wconf 88' lang='lat' dir='ltr'>que</span> <span class='ocrx_word' id='word_1_268' title='bbox 598 1976 720 2018; x_wconf 88' lang='lat' dir='ltr'>habet</span> <span class='ocrx_word' id='word_1_269' title='bbox 751 1980 893 2018; x_wconf 89' lang='lat' dir='ltr'>contra</span> <span class='ocrx_word' id='word_1_270' title='bbox 923 1980 1092 2031; x_wconf 87' lang='lat' dir='ltr'>peccata</span> <span class='ocrx_word' id='word_1_271' title='bbox 1119 1975 1391 2030; x_wconf 86' lang='lat' dir='ltr'>recalcitrare,</span> <span class='ocrx_word' id='word_1_272' title='bbox 1425 1976 1497 2018; x_wconf 87' lang='lat' dir='ltr'>sed</span> <span class='ocrx_word' id='word_1_273' title='bbox 1519 1976 1597 2019; x_wconf 91' lang='lat' dir='ltr'>heu</span> <span class='ocrx_word' id='word_1_274' title='bbox 1617 1976 1721 2031; x_wconf 91' lang='lat' dir='ltr'>proh</span> <span class='ocrx_word' id='word_1_275' title='bbox 1743 1976 1858 2019; x_wconf 89' lang='lat' dir='ltr'>dolor</span> 
     </span>
     <span class='ocr_line' id='line_1_28' title="bbox 189 2047 1857 2102; baseline 0 -13"><span class='ocrx_word' id='word_1_276' title='bbox 189 2047 328 2089; x_wconf 89' lang='lat' dir='ltr'>anima</span> <span class='ocrx_word' id='word_1_277' title='bbox 348 2047 488 2089; x_wconf 87' lang='lat' dir='ltr'>volens</span> <span class='ocrx_word' id='word_1_278' title='bbox 511 2047 653 2088; x_wconf 89' lang='lat' dir='ltr'>mundi</span> <span class='ocrx_word' id='word_1_279' title='bbox 676 2048 907 2102; x_wconf 86' lang='lat' dir='ltr'>spectacula</span> <span class='ocrx_word' id='word_1_280' title='bbox 924 2047 1062 2088; x_wconf 89' lang='lat' dir='ltr'>videre</span> <span class='ocrx_word' id='word_1_281' title='bbox 1081 2060 1176 2101; x_wconf 89' lang='lat' dir='ltr'>sepe</span> <span class='ocrx_word' id='word_1_282' title='bbox 1194 2047 1328 2102; x_wconf 87' lang='lat' dir='ltr'>pergit</span> <span class='ocrx_word' id='word_1_283' title='bbox 1344 2048 1466 2102; x_wconf 84' lang='lat' dir='ltr'>foras,</span> <span class='ocrx_word' id='word_1_284' title='bbox 1489 2047 1646 2089; x_wconf 89' lang='lat' dir='ltr'>tociens</span> <span class='ocrx_word' id='word_1_285' title='bbox 1664 2047 1857 2102; x_wconf 91' lang='lat' dir='ltr'>quociens</span> 
     </span>
     <span class='ocr_line' id='line_1_29' title="bbox 188 2118 1859 2174; baseline 0 -13"><span class='ocrx_word' id='word_1_286' title='bbox 188 2122 331 2161; x_wconf 91' lang='lat' dir='ltr'>contra</span> <span class='ocrx_word' id='word_1_287' title='bbox 362 2118 545 2160; x_wconf 90' lang='lat' dir='ltr'>divinum</span> <span class='ocrx_word' id='word_1_288' title='bbox 578 2122 817 2174; x_wconf 89' lang='lat' dir='ltr'>preceptum</span> <span class='ocrx_word' id='word_1_289' title='bbox 851 2119 947 2172; x_wconf 83' lang='lat' dir='ltr'>agit,</span> <span class='ocrx_word' id='word_1_290' title='bbox 981 2118 1120 2160; x_wconf 86' lang='lat' dir='ltr'>statim</span> <span class='ocrx_word' id='word_1_291' title='bbox 1154 2132 1177 2160; x_wconf 88' lang='lat' dir='ltr'>a</span> <span class='ocrx_word' id='word_1_292' title='bbox 1208 2119 1308 2160; x_wconf 89' lang='lat' dir='ltr'>duce</span> <span class='ocrx_word' id='word_1_293' title='bbox 1330 2119 1355 2160; x_wconf 92' lang='lat' dir='ltr'>i.</span> <span class='ocrx_word' id='word_1_294' title='bbox 1376 2133 1408 2161; x_wconf 93' lang='lat' dir='ltr'>e.</span> <span class='ocrx_word' id='word_1_295' title='bbox 1435 2132 1458 2160; x_wconf 88' lang='lat' dir='ltr'>a</span> <span class='ocrx_word' id='word_1_296' title='bbox 1478 2122 1645 2174; x_wconf 88' lang='lat' dir='ltr'>raptore</span> <span class='ocrx_word' id='word_1_297' title='bbox 1665 2119 1859 2161; x_wconf 88' lang='lat' dir='ltr'>infernali</span> 
     </span>
     <span class='ocr_line' id='line_1_30' title="bbox 188 2189 1860 2245; baseline 0.001 -14"><span class='ocrx_word' id='word_1_298' title='bbox 188 2189 419 2232; x_wconf 87' lang='lat' dir='ltr'>voluntarie</span> <span class='ocrx_word' id='word_1_299' title='bbox 452 2193 514 2231; x_wconf 83' lang='lat' dir='ltr'>est</span> <span class='ocrx_word' id='word_1_300' title='bbox 544 2190 730 2231; x_wconf 88' lang='lat' dir='ltr'>deducta.</span> <span class='ocrx_word' id='word_1_301' title='bbox 778 2190 832 2232; x_wconf 92' lang='lat' dir='ltr'>Et</span> <span class='ocrx_word' id='word_1_302' title='bbox 863 2190 919 2231; x_wconf 92' lang='grc'>510</span> <span class='ocrx_word' id='word_1_303' title='bbox 947 2189 1107 2244; x_wconf 87' lang='lat' dir='ltr'>lampas</span> <span class='ocrx_word' id='word_1_304' title='bbox 1131 2189 1329 2231; x_wconf 87' lang='lat' dir='ltr'>bonorum</span> <span class='ocrx_word' id='word_1_305' title='bbox 1352 2204 1521 2245; x_wconf 89' lang='lat' dir='ltr'>operum</span> <span class='ocrx_word' id='word_1_306' title='bbox 1544 2190 1798 2244; x_wconf 82' lang='lat' dir='ltr'>extinguitur</span> <span class='ocrx_word' id='word_1_307' title='bbox 1819 2194 1860 2233; x_wconf 89' lang='lat' dir='ltr'>et</span> 
     </span>
     <span class='ocr_line' id='line_1_31' title="bbox 119 2261 1859 2317; baseline 0 -14"><span class='ocrx_word' id='word_1_308' title='bbox 119 2270 165 2304; x_wconf 88' lang='lat'>30</span> <span class='ocrx_word' id='word_1_309' title='bbox 190 2261 398 2303; x_wconf 87' lang='lat' dir='ltr'>caniculus</span> <span class='ocrx_word' id='word_1_310' title='bbox 431 2261 677 2303; x_wconf 87' lang='lat' dir='ltr'>conscientie</span> <span class='ocrx_word' id='word_1_311' title='bbox 710 2261 906 2303; x_wconf 89' lang='lat' dir='ltr'>occiditur</span> <span class='ocrx_word' id='word_1_312' title='bbox 939 2264 978 2303; x_wconf 92' lang='lat' dir='ltr'>et</span> <span class='ocrx_word' id='word_1_313' title='bbox 1009 2261 1068 2303; x_wconf 88' lang='lat' dir='ltr'>sic</span> <span class='ocrx_word' id='word_1_314' title='bbox 1100 2261 1237 2302; x_wconf 87' lang='lat' dir='ltr'>anima</span> <span class='ocrx_word' id='word_1_315' title='bbox 1267 2261 1309 2302; x_wconf 91' lang='lat' dir='ltr'>in</span> <span class='ocrx_word' id='word_1_316' title='bbox 1341 2265 1459 2304; x_wconf 90' lang='lat' dir='ltr'>nocte</span> <span class='ocrx_word' id='word_1_317' title='bbox 1491 2262 1649 2317; x_wconf 90' lang='lat' dir='ltr'>peccati</span> <span class='ocrx_word' id='word_1_318' title='bbox 1674 2262 1859 2316; x_wconf 90' lang='lat' dir='ltr'>sequitur</span> 
     </span>
     <span class='ocr_line' id='line_1_32' title="bbox 191 2332 1858 2387; baseline 0.001 -13"><span class='ocrx_word' id='word_1_319' title='bbox 191 2332 411 2374; x_wconf 89' lang='lat' dir='ltr'>diabolum.</span> <span class='ocrx_word' id='word_1_320' title='bbox 459 2332 544 2374; x_wconf 90' lang='lat' dir='ltr'>Hec</span> <span class='ocrx_word' id='word_1_321' title='bbox 576 2346 666 2374; x_wconf 87' lang='grc'>011111</span> <span class='ocrx_word' id='word_1_322' title='bbox 701 2333 882 2374; x_wconf 81' lang='lat' dir='ltr'>audisset</span> <span class='ocrx_word' id='word_1_323' title='bbox 912 2332 1026 2387; x_wconf 86' lang='lat' dir='ltr'>pugil</span> <span class='ocrx_word' id='word_1_324' title='bbox 1056 2336 1195 2374; x_wconf 89' lang='lat' dir='ltr'>noster</span> <span class='ocrx_word' id='word_1_325' title='bbox 1225 2346 1278 2374; x_wconf 90' lang='lat' dir='ltr'>sc.</span> <span class='ocrx_word' id='word_1_326' title='bbox 1303 2332 1415 2387; x_wconf 90' lang='lat' dir='ltr'>deus,</span> <span class='ocrx_word' id='word_1_327' title='bbox 1449 2333 1646 2387; x_wconf 88' lang='lat' dir='ltr'>quianon</span> <span class='ocrx_word' id='word_1_328' title='bbox 1670 2337 1732 2376; x_wconf 88' lang='lat' dir='ltr'>est</span> <span class='ocrx_word' id='word_1_329' title='bbox 1754 2333 1858 2375; x_wconf 89' lang='lat' dir='ltr'>alius</span> 
     </span>
     <span class='ocr_line' id='line_1_33' title="bbox 192 2403 1858 2459; baseline 0.001 -14"><span class='ocrx_word' id='word_1_330' title='bbox 192 2404 260 2458; x_wconf 88' lang='lat' dir='ltr'>qui</span> <span class='ocrx_word' id='word_1_331' title='bbox 291 2407 448 2459; x_wconf 85' lang='lat' dir='ltr'>pugnat</span> <span class='ocrx_word' id='word_1_332' title='bbox 479 2417 552 2458; x_wconf 91' lang='lat' dir='ltr'>pro</span> <span class='ocrx_word' id='word_1_333' title='bbox 586 2403 700 2445; x_wconf 90' lang='grc'>110015</span> <span class='ocrx_word' id='word_1_334' title='bbox 733 2404 812 2445; x_wconf 89' lang='grc'>11151</span> <span class='ocrx_word' id='word_1_335' title='bbox 843 2407 900 2457; x_wconf 69' lang='lat' dir='ltr'>tu,</span> <span class='ocrx_word' id='word_1_336' title='bbox 934 2404 1033 2445; x_wconf 88' lang='lat' dir='ltr'>deus</span> <span class='ocrx_word' id='word_1_337' title='bbox 1066 2407 1217 2457; x_wconf 85' lang='lat' dir='ltr'>noster,</span> <span class='ocrx_word' id='word_1_338' title='bbox 1251 2404 1388 2445; x_wconf 89' lang='lat' dir='ltr'>statim</span> <span class='ocrx_word' id='word_1_339' title='bbox 1422 2408 1565 2446; x_wconf 89' lang='lat' dir='ltr'>contra</span> <span class='ocrx_word' id='word_1_340' title='bbox 1597 2405 1740 2447; x_wconf 90' lang='lat' dir='ltr'>ducem</span> <span class='ocrx_word' id='word_1_341' title='bbox 1772 2404 1858 2448; x_wconf 87' lang='lat' dir='ltr'>dia-</span> 
     </span>
     <span class='ocr_line' id='line_1_34' title="bbox 190 2474 1858 2530; baseline 0.001 -14"><span class='ocrx_word' id='word_1_342' title='bbox 190 2474 328 2517; x_wconf 89' lang='lat' dir='ltr'>bolum</span> <span class='ocrx_word' id='word_1_343' title='bbox 368 2475 566 2529; x_wconf 85' lang='lat' dir='ltr'>pugnavit</span> <span class='ocrx_word' id='word_1_344' title='bbox 602 2478 642 2516; x_wconf 92' lang='lat' dir='ltr'>et</span> <span class='ocrx_word' id='word_1_345' title='bbox 674 2475 851 2516; x_wconf 87' lang='lat' dir='ltr'>animam</span> <span class='ocrx_word' id='word_1_346' title='bbox 886 2475 934 2516; x_wconf 87' lang='lat' dir='ltr'>ad</span> <span class='ocrx_word' id='word_1_347' title='bbox 967 2474 1171 2530; x_wconf 89' lang='lat' dir='ltr'>palacium</span> <span class='ocrx_word' id='word_1_348' title='bbox 1204 2475 1319 2528; x_wconf 86' lang='lat' dir='ltr'>regni</span> <span class='ocrx_word' id='word_1_349' title='bbox 1351 2474 1512 2517; x_wconf 88' lang='lat' dir='ltr'>celestis</span> <span class='ocrx_word' id='word_1_350' title='bbox 1545 2476 1729 2518; x_wconf 78' lang='lat' dir='ltr'>adduxit.</span> <span class='ocrx_word' id='word_1_351' title='bbox 1785 2475 1858 2518; x_wconf 87' lang='lat' dir='ltr'>Sa-</span> 
     </span>
     <span class='ocr_line' id='line_1_35' title="bbox 191 2543 1882 2601; baseline 0.002 -15"><span class='ocrx_word' id='word_1_352' title='bbox 191 2545 308 2600; x_wconf 90' lang='lat' dir='ltr'>piens</span> <span class='ocrx_word' id='word_1_353' title='bbox 330 2546 533 2587; x_wconf 89' lang='lat' dir='ltr'>mediator</span> <span class='ocrx_word' id='word_1_354' title='bbox 557 2548 645 2587; x_wconf 90' lang='lat' dir='ltr'>erat</span> <span class='ocrx_word' id='word_1_355' title='bbox 666 2545 852 2587; x_wconf 88' lang='lat' dir='ltr'>Christus</span> <span class='ocrx_word' id='word_1_356' title='bbox 876 2546 1035 2588; x_wconf 89' lang='lat' dir='ltr'>dicente</span> <span class='ocrx_word' id='word_1_357' title='bbox 1057 2546 1240 2601; x_wconf 86' lang='lat' dir='ltr'>apostolo</span> <span class='ocrx_word' id='word_1_358' title='bbox 1264 2546 1399 2601; x_wconf 91' lang='lat' dir='ltr'>prima</span> <span class='ocrx_word' id='word_1_359' title='bbox 1415 2543 1518 2588; x_wconf 91' lang='lat' dir='ltr'>Tim.</span> <span class='ocrx_word' id='word_1_360' title='bbox 1537 2560 1590 2588; x_wconf 87' lang='lat'>11:</span> <span class='ocrx_word' id='word_1_361' title='bbox 1624 2547 1736 2589; x_wconf 91' lang='lat' dir='ltr'>Unus</span> <span class='ocrx_word' id='word_1_362' title='bbox 1758 2547 1858 2590; x_wconf 90' lang='lat' dir='ltr'>deus</span> <span class='ocrx_word' id='word_1_363' title='bbox 1878 2569 1882 2572; x_wconf 57' lang='lat'>&gt;</span> 
     </span>
     <span class='ocr_line' id='line_1_36' title="bbox 122 2616 1858 2671; baseline 0.001 -12"><span class='ocrx_word' id='word_1_364' title='bbox 122 2623 166 2659; x_wconf 84' lang='lat'>35</span> <span class='ocrx_word' id='word_1_365' title='bbox 191 2616 395 2658; x_wconf 89' lang='lat' dir='ltr'>mediator</span> <span class='ocrx_word' id='word_1_366' title='bbox 427 2616 492 2659; x_wconf 92' lang='lat' dir='ltr'>dei</span> <span class='ocrx_word' id='word_1_367' title='bbox 524 2619 564 2658; x_wconf 94' lang='lat' dir='ltr'>et</span> <span class='ocrx_word' id='word_1_368' title='bbox 594 2616 802 2657; x_wconf 90' lang='lat' dir='ltr'>hominum</span> <span class='ocrx_word' id='word_1_369' title='bbox 828 2616 948 2659; x_wconf 90' lang='lat' dir='ltr'>homo</span> <span class='ocrx_word' id='word_1_370' title='bbox 970 2617 1109 2660; x_wconf 87' lang='lat' dir='ltr'>Ihesus</span> <span class='ocrx_word' id='word_1_371' title='bbox 1133 2617 1332 2660; x_wconf 89' lang='lat' dir='ltr'>Christus.</span> <span class='ocrx_word' id='word_1_372' title='bbox 1378 2617 1506 2659; x_wconf 90' lang='lat' dir='ltr'>Filius</span> <span class='ocrx_word' id='word_1_373' title='bbox 1529 2618 1636 2671; x_wconf 86' lang='lat' dir='ltr'>regis</span> <span class='ocrx_word' id='word_1_374' title='bbox 1659 2617 1858 2661; x_wconf 78' lang='grc'>0510011-</span> 
     </span>
     <span class='ocr_line' id='line_1_37' title="bbox 193 2687 1856 2742; baseline 0.002 -14"><span class='ocrx_word' id='word_1_375' title='bbox 193 2689 294 2741; x_wconf 88' lang='lat' dir='ltr'>stus,</span> <span class='ocrx_word' id='word_1_376' title='bbox 327 2687 434 2729; x_wconf 87' lang='lat' dir='ltr'>unde</span> <span class='ocrx_word' id='word_1_377' title='bbox 465 2687 700 2742; x_wconf 87' lang='lat' dir='ltr'>psalmista:</span> <span class='ocrx_word' id='word_1_378' title='bbox 733 2687 860 2729; x_wconf 88' lang='lat' dir='ltr'>Filius</span> <span class='ocrx_word' id='word_1_379' title='bbox 891 2702 1006 2730; x_wconf 90' lang='lat' dir='ltr'>meus</span> <span class='ocrx_word' id='word_1_380' title='bbox 1038 2702 1079 2731; x_wconf 93' lang='lat' dir='ltr'>es</span> <span class='ocrx_word' id='word_1_381' title='bbox 1111 2693 1155 2730; x_wconf 90' lang='lat' dir='ltr'>tu</span> <span class='ocrx_word' id='word_1_382' title='bbox 1187 2692 1260 2730; x_wconf 89' lang='lat' dir='ltr'>etc.</span> <span class='ocrx_word' id='word_1_383' title='bbox 1313 2687 1458 2730; x_wconf 85' lang='lat' dir='ltr'>Frater</span> <span class='ocrx_word' id='word_1_384' title='bbox 1488 2692 1627 2731; x_wconf 90' lang='lat' dir='ltr'>noster</span> <span class='ocrx_word' id='word_1_385' title='bbox 1657 2688 1856 2731; x_wconf 84' lang='lat' dir='ltr'>Christus.</span> 
     </span>
     <span class='ocr_line' id='line_1_38' title="bbox 193 2756 1859 2815; baseline 0.002 -17"><span class='ocrx_word' id='word_1_386' title='bbox 193 2756 294 2799; x_wconf 88' lang='lat' dir='ltr'>Gen.</span> <span class='ocrx_word' id='word_1_387' title='bbox 318 2771 499 2800; x_wconf 80' lang='lat' dir='ltr'>xxxvn:</span> <span class='ocrx_word' id='word_1_388' title='bbox 540 2757 683 2800; x_wconf 87' lang='lat' dir='ltr'>Frater</span> <span class='ocrx_word' id='word_1_389' title='bbox 721 2762 860 2801; x_wconf 88' lang='lat' dir='ltr'>noster</span> <span class='ocrx_word' id='word_1_390' title='bbox 892 2763 964 2801; x_wconf 88' lang='lat' dir='ltr'>est.</span> <span class='ocrx_word' id='word_1_391' title='bbox 1021 2759 1203 2815; x_wconf 85' lang='lat' dir='ltr'>Sponsus</span> <span class='ocrx_word' id='word_1_392' title='bbox 1235 2763 1374 2801; x_wconf 89' lang='lat' dir='ltr'>noster</span> <span class='ocrx_word' id='word_1_393' title='bbox 1405 2762 1467 2802; x_wconf 89' lang='lat' dir='ltr'>est</span> <span class='ocrx_word' id='word_1_394' title='bbox 1497 2759 1705 2812; x_wconf 85' lang='lat' dir='ltr'>Christus,</span> <span class='ocrx_word' id='word_1_395' title='bbox 1737 2760 1859 2814; x_wconf 76' lang='lat' dir='ltr'>juxta</span> 
     </span>
     <span class='ocr_line' id='line_1_39' title="bbox 192 2828 1857 2886; baseline 0.002 -16"><span class='ocrx_word' id='word_1_396' title='bbox 192 2828 294 2870; x_wconf 90' lang='lat' dir='ltr'>illud</span> <span class='ocrx_word' id='word_1_397' title='bbox 326 2829 428 2871; x_wconf 89' lang='lat' dir='ltr'>Osee</span> <span class='ocrx_word' id='word_1_398' title='bbox 449 2842 500 2871; x_wconf 93' lang='lat'>11:</span> <span class='ocrx_word' id='word_1_399' title='bbox 536 2828 748 2884; x_wconf 85' lang='lat' dir='ltr'>Sponsabo</span> <span class='ocrx_word' id='word_1_400' title='bbox 780 2832 820 2871; x_wconf 92' lang='lat' dir='ltr'>te</span> <span class='ocrx_word' id='word_1_401' title='bbox 850 2830 951 2871; x_wconf 89' lang='lat' dir='ltr'>mihi</span> <span class='ocrx_word' id='word_1_402' title='bbox 982 2831 1024 2872; x_wconf 89' lang='lat' dir='ltr'>in</span> <span class='ocrx_word' id='word_1_403' title='bbox 1055 2830 1146 2873; x_wconf 91' lang='lat' dir='ltr'>fide.</span> <span class='ocrx_word' id='word_1_404' title='bbox 1194 2830 1249 2872; x_wconf 90' lang='lat' dir='ltr'>Et</span> <span class='ocrx_word' id='word_1_405' title='bbox 1278 2831 1446 2872; x_wconf 89' lang='lat' dir='ltr'>iterum:</span> <span class='ocrx_word' id='word_1_406' title='bbox 1481 2830 1663 2886; x_wconf 87' lang='lat' dir='ltr'>Sponsus</span> <span class='ocrx_word' id='word_1_407' title='bbox 1694 2831 1857 2885; x_wconf 87' lang='lat' dir='ltr'>sangui-</span> 
     </span>
     <span class='ocr_line' id='line_1_40' title="bbox 192 2899 1859 2958; baseline 0.003 -18"><span class='ocrx_word' id='word_1_408' title='bbox 192 2912 291 2940; x_wconf 90' lang='lat' dir='ltr'>num</span> <span class='ocrx_word' id='word_1_409' title='bbox 322 2903 367 2941; x_wconf 93' lang='lat' dir='ltr'>tu</span> <span class='ocrx_word' id='word_1_410' title='bbox 398 2900 497 2941; x_wconf 89' lang='lat' dir='ltr'>mihi</span> <span class='ocrx_word' id='word_1_411' title='bbox 530 2913 584 2942; x_wconf 92' lang='lat' dir='ltr'>es.</span> <span class='ocrx_word' id='word_1_412' title='bbox 634 2899 711 2941; x_wconf 89' lang='lat' dir='ltr'>Per</span> <span class='ocrx_word' id='word_1_413' title='bbox 743 2900 877 2955; x_wconf 88' lang='lat' dir='ltr'>ipsum</span> <span class='ocrx_word' id='word_1_414' title='bbox 910 2901 1035 2954; x_wconf 84' lang='lat' dir='ltr'>igitur</span> <span class='ocrx_word' id='word_1_415' title='bbox 1065 2901 1316 2944; x_wconf 89' lang='lat' dir='ltr'>reconciliati</span> <span class='ocrx_word' id='word_1_416' title='bbox 1348 2915 1488 2944; x_wconf 90' lang='lat' dir='ltr'>sumus</span> <span class='ocrx_word' id='word_1_417' title='bbox 1520 2902 1660 2944; x_wconf 91' lang='lat' dir='ltr'>celesti</span> <span class='ocrx_word' id='word_1_418' title='bbox 1682 2902 1793 2958; x_wconf 88' lang='lat' dir='ltr'>patri</span> <span class='ocrx_word' id='word_1_419' title='bbox 1818 2905 1859 2945; x_wconf 87' lang='lat' dir='ltr'>et</span> 
     </span>
    </p>

    <p class='ocr_par' dir='ltr' id='par_1_4' title="bbox 309 2980 675 3026">
     <span class='ocr_line' id='line_1_41' title="bbox 309 2980 675 3026; baseline 0.003 -13"><span class='ocrx_word' id='word_1_420' title='bbox 309 2981 329 3013; x_wconf 80' lang='lat'><em>8</em></span> <span class='ocrx_word' id='word_1_421' title='bbox 363 2980 466 3024; x_wconf 81' lang='lat' dir='ltr'>Quid]</span> <span class='ocrx_word' id='word_1_422' title='bbox 495 2987 578 3026; x_wconf 68' lang='lat' dir='ltr'>orig]-</span> <span class='ocrx_word' id='word_1_423' title='bbox 598 2981 675 3022; x_wconf 79' lang='lat' dir='ltr'>Qui.</span> 
     </span>
    </p>
   </div>
  </div>
 </body>
</html>
