1949 3162
982 47 1066 89 528

301 153 358 194 Et
389 155 468 194 ait:
511 152 564 195 Si
591 167 666 194 ree:
697 168 751 206 es,
785 161 830 194 ut
861 154 980 206 dicis,
1015 156 1202 196 convenit
1232 162 1268 195 te
1297 155 1402 196 milii
1432 170 1515 196 esse
1531 157 1867 211 prudentiorem,-

184 224 293 265 solve
333 224 608 279 questionem!
657 226 729 265 Ait
765 225 1065 280 Appollonius:
1114 225 1203 266 Nec
1240 227 1368 278 scias,
1413 241 1476 268 me
1515 241 1597 267 esse
1633 228 1870 268 mentitum!

183 295 361 347 Domus,
397 309 473 350 que
503 296 549 335 in
580 303 691 335 terra
720 303 899 347 resonat,
933 297 1047 337 unda
1078 304 1136 337 est
1146 312 1159 346 ,-
1191 297 1337 352 hospes
1369 298 1516 338 tacitus
1535 299 1664 353 piscis
1688 306 1758 350 est,
1795 299 1870 353 qui

184 381 275 407 cum
306 367 425 407 domo
458 381 535 407 sua
566 368 705 408 currit.
763 369 818 409 At
846 368 944 408 illa:

136 443 158 477 5
542 452 663 499 Lonya
677 455 780 502 feror
804 455 895 488 velox
907 455 1066 498 formose
1078 454 1161 498 filia
1185 455 1275 494 silve,

543 512 722 546 Innumera
744 517 876 558 pariter
902 517 1056 546 comitum
1081 517 1226 557 stipante
1251 517 1396 553 caterva,

545 570 655 605 C'urro
681 576 754 606 vias
777 573 908 612 multas,
933 575 1075 617 vestiyia
1100 573 1190 605 nulla
1214 573 1375 617 relinquo.

300 649 583 705 Appollonius
629 652 709 692 ait:
761 650 813 693 Si
857 651 1014 692 licitum
1061 659 1181 703 esset,
1231 652 1442 692 ostendam
1481 651 1557 692 tibi
1593 651 1744 703 multa,
1791 664 1868 705 que

181 722 333 773 nescis,
377 737 467 762 cuni
501 722 755 778 respondebo
789 722 1068 777 questionibus
1101 724 1205 772 tuis;
1244 725 1376 764 miror
1415 731 1451 764 te
1482 731 1566 764 tam
1596 731 1735 763 tenera
1767 729 1868 762 etate

114 799 157 833 10
181 792 359 845 mirifica
393 793 620 848 prudentia
651 808 733 834 esse
763 794 982 847 imbutam,
1022 809 1201 849 namque
1231 794 1358 835 arbor
1388 796 1544 850 stipata
1574 795 1747 835 catervis
1777 794 1868 833 vias

181 864 332 904 multas
364 879 532 905 currens
565 872 601 905 et
629 867 804 920 vestiqia
832 866 951 906 nulla
971 866 1207 921 relinquens
1228 867 1347 907 navis
1369 874 1436 907 est.
1490 866 1548 907 Et
1568 866 1688 907 addit
1699 864 1866 921 puella:

541 956 610 990 Per
634 962 728 991 rotas
754 962 784 991 et
808 958 883 992 edes
909 963 1063 992 innoxius
1089 959 1140 992 ille
1163 962 1359 1003 pertransit,

542 1015 606 1049 Est
629 1017 721 1051 calor
747 1022 779 1050 in
804 1015 919 1051 medio
939 1029 1090 1063 maynus,
1117 1030 1210 1063 quem
1236 1030 1330 1051 nemo
1354 1021 1514 1058 removit,-

539 1073 623 1108 Non
649 1079 696 1109 est
719 1076 809 1110 nuda
836 1076 963 1116 domus,
988 1077 1097 1110 nudus
1120 1076 1181 1110 sed
1204 1081 1352 1110 convenit
1377 1076 1516 1121 hospes,-

114 1132 157 1166 15
538 1132 580 1167 Si
605 1135 726 1168 luctam
750 1147 901 1179 poneres,
928 1140 1083 1169 innocens
1109 1139 1253 1169 intrares
1279 1140 1313 1169 in
1339 1140 1440 1180 iqnes.

299 1218 578 1273 Appollonius
610 1220 691 1260 ait:
733 1219 940 1261 Intrarem
972 1220 1176 1272 balneum,
1210 1220 1282 1261 ubi
1311 1220 1503 1261 hincinde
1516 1221 1686 1275 flamme
1700 1234 1782 1275 per
1803 1227 1866 1260 ta-

181 1289 299 1330 bulas
329 1298 526 1345 surqunt5
563 1292 678 1330 nuda
710 1292 869 1343 domus,
902 1293 950 1331 in
982 1307 1065 1346 qua
1096 1292 1203 1332 nili-il
1233 1300 1303 1343 est,
1336 1293 1473 1332 nudus
1504 1292 1650 1347 hospes
1682 1292 1869 1332 convenit

181 1368 218 1402 et
253 1361 391 1401 nudus
429 1360 605 1402 sudabit.
663 1360 843 1417 Cumque
882 1363 953 1403 laec
991 1371 1028 1404 et
1065 1364 1222 1404 similia
1262 1365 1464 1415 elicerent,
1503 1363 1647 1419 puella
1684 1364 1798 1403 misit
1826 1376 1867 1402 se

180 1447 306 1488 super
326 1432 631 1487 Appolloniu‘m
662 1441 699 1474 et
729 1434 940 1475 distractis
971 1434 1162 1475 manibus
1194 1450 1285 1475 eum
1316 1434 1626 1490 anipleoeebatur
1647 1435 1786 1475 dicens
1808 1435 1866 1474 ei:

110 1510 155 1544 20
179 1503 353 1544 Eoeaudi
382 1518 519 1544 vocem
550 1505 831 1559 deprecantis,
872 1507 1029 1561 respice
1058 1508 1277 1562 virqinem,
1312 1508 1413 1562 quia
1442 1508 1579 1547 virum
1610 1506 1732 1547 talem
1756 1519 1867 1561 pru-

181 1576 338 1616 dentem
375 1577 485 1616 mori
520 1575 732 1629 nefarium
768 1584 835 1617 est.
900 1576 953 1619 Si
983 1578 1216 1634 conjuqem,
1259 1594 1383 1634 quam
1416 1578 1647 1629 desideras,
1688 1578 1787 1617 deus
1819 1591 1868 1617 ea:

179 1662 257 1688 sua
283 1648 426 1702 «qratia
458 1646 534 1687 tibi
562 1648 765 1699 restituat,
799 1650 838 1688 si
856 1649 996 1701 filiam
1027 1650 1200 1703 salvam,
1226 1665 1362 1705 <quam
1385 1650 1622 1704 dffunctam
1647 1650 1766 1701 dicis,
1798 1649 1864 1689 in-

178 1720 317 1759 venire
342 1719 517 1773 poteris,
545 1733 626 1773 pre
653 1720 810 1773 glaudio
845 1728 1003 1775 oportet
1034 1729 1069 1762 te
1100 1723 1246 1762 vivere.
1296 1722 1593 1777 Appollonius,
1628 1736 1719 1761 cum
1740 1719 1866 1760 verba

179 1789 249 1830 lieo
280 1790 476 1842 audisset,
509 1791 554 1830 in
584 1791 851 1832 iracundiam
881 1807 1023 1833 versus
1054 1801 1124 1846 est,
1158 1795 1339 1834 surrea‘it
1370 1800 1406 1833 et
1429 1792 1619 1848 puellam
1650 1807 1742 1832 cum
1759 1791 1865 1847 pede

110 1867 155 1902 25
174 1863 390 1917 percussit.
448 1861 638 1917 Impulsa
674 1877 769 1902 vero
807 1864 953 1904 cecidit
982 1866 1100 1920 ’θῶ-90
1134 1872 1171 1906 et
1197 1866 1315 1920 qenis
1347 1864 1432 1918 ejus
1462 1864 1598 1919 ruptis
1629 1865 1737 1919 cepit
1766 1878 1863 1904 san-

176 1934 272 1988 quis
304 1932 478 1987 effluere.
536 1931 788 1975 Conturbata
817 1936 935 1990 νίν-90
969 1937 1078 1991 cepit
1095 1937 1200 1991 flere
1232 1944 1269 1977 et
1300 1937 1428 1976 dimit:
1477 1934 1512 1976 Ο
1545 1936 1644 1976 deus
1676 1935 1865 1976 conditor

180 2005 379 2055 celorum,
427 2005 520 2045 vide
565 2005 832 2060 afflictionem
868 2008 1028 2047 meam!
1079 2007 1196 2048 Nata
1235 2022 1326 2048 sum
1364 2009 1472 2048 inter
1498 2007 1653 2061 fluctus
1692 2014 1728 2047 et
1757 2020 1863 2062 pro-

180 2076 302 2116 cellas
340 2077 493 2128 maris,
534 2084 664 2117 mater
701 2092 791 2117 mea
823 2077 1035 2118 doloribus
1068 2080 1289 2119 constricta
1320 2078 1517 2133 defuncta
1547 2086 1624 2130 est,
1659 2086 1696 2119 et
1725 2076 1863 2137 sepul-

180 2155 274 2188 tura
315 2154 373 2188 est
403 2147 441 2187 ei
469 2155 621 2202 neqata
650 2149 696 2188 in
727 2150 889 2203 terris,
914 2157 1062 2190 ornata
1094 2165 1121 2190 a
1144 2157 1269 2205 patre
1299 2164 1386 2190 meo
1420 2157 1456 2190 et
1485 2151 1532 2190 in
1563 2149 1694 2190 loculo
1721 2149 1865 2204 posita

110 2225 156 2260 30
180 2233 272 2258 cum
312 2233 374 2258 xx
412 2219 610 2259 sisterciis
648 2221 747 2259 auri
785 2222 897 2261 mari
933 2222 1092 2262 tradita
1131 2228 1210 2269 est3
1249 2235 1321 2275 eqo
1359 2220 1511 2274 infelix
1552 2219 1866 2276 St7·aoiquil‘ioni

180 2297 216 2330 et
255 2288 508 2330 Dionisiade
544 2291 784 2345 impiisimis
823 2291 1057 2332 hominibus
1099 2308 1124 2332 a
1157 2299 1282 2347 patre
1318 2306 1405 2332 ‘meo
1447 2307 1538 2332 suni
1576 2293 1734 2333 tradita
1773 2306 1865 2331 cum

180 2362 430 2401 ornamentis
462 2368 499 2401 et
528 2361 704 2402 vestibus
735 2362 959 2417 reqalibus,
995 2372 1031 2404 et
1051 2363 1176 2417 jussa
1207 2378 1298 2403 sum
1328 2378 1354 2403 a
1386 2365 1514 2404 servis
1546 2378 1687 2404 eorum
1709 2363 1843 2404 occidi
1850 2378 1863 2412 ,-

179 2432 344 2472 tandem
385 2433 538 2487 petivi,
585 2439 630 2472 ut
675 2434 796 2473 deum
832 2435 1088 2486 invocarem,
1138 2442 1359 2489 antequam
1395 2449 1458 2475 me
1500 2435 1719 2484 occideret3
1761 2433 1866 2474 milii

180 2504 397 2552 concessit,·
422 2504 580 2558 piratis
612 2505 992 2558 supervenientibus
1022 2513 1148 2562 rapta
1178 2521 1282 2557 sum,
1316 2513 1353 2546 et
1384 2507 1458 2560 qui
1486 2520 1548 2546 me
1579 2506 1760 2546 occidere
1790 2519 1862 2546 vo·
1910 2540 1917 2544 5

111 2581 156 2615 35
181 2573 305 2626 lebat,
335 2574 494 2629 fuqam
528 2575 654 2629 petiit
692 2582 727 2615 et
764 2577 811 2616 in
850 2576 958 2617 liunc
997 2577 1130 2617 locum
1161 2577 1356 2628 deducta,
1398 2584 1435 2617 et
1466 2577 1586 2629 deus,
1629 2576 1794 2631 quando
1828 2576 1866 2616 ei

173 2645 327 2700 placet,
360 2660 422 2686 nie
452 2646 601 2685 reddat
619 2648 741 2700 patri
770 2662 856 2688 ‘meo
880 2648 1155 2703 Appollonio.
1207 2648 1487 2704 Appollonius
1518 2649 1692 2688 audiens
1724 2648 1864 2688 omnia

179 2715 250 2756 hec
289 2717 411 2771 siqna
449 2718 698 2769 certissima,
740 2719 986 2759 acclamavit
1020 2734 1116 2760 voce
1146 2734 1301 2774 maqna
1333 2727 1369 2760 et
1399 2721 1480 2760 ait:
1523 2718 1558 2760 O
1591 2719 1754 2759 domine
1783 2718 1862 2758 nii—

179 2788 369 2839 sericors,
407 2789 481 2842 qui
511 2790 716 2843 conspicis
749 2790 877 2829 celum
909 2798 945 2831 et
975 2790 1183 2846 abyssunt,
1223 2799 1260 2831 et
1290 2792 1429 2832 omnia
1460 2797 1612 2831 secreta
1636 2789 1861 2845 patefacis,

180 2856 435 2900 benedictum
472 2860 525 2900 sit
561 2873 707 2899 nomen
745 2861 883 2901 tuum!
936 2859 1038 2902 Cum
1075 2861 1146 2902 liec
1185 2862 1378 2914 dixisset,
1427 2862 1573 2902 cecidit
1610 2876 1736 2917 super
1773 2876 1861 2902 am-

274 2938 317 2972 27
344 2937 449 2982 Nata]
476 2944 563 2984 oriq.
581 2938 708 2973 Natus.
