1949 3162
117 780 159 813 10

117 1135 158 1169 15

114 1493 159 1527 20

114 1851 158 1885 25

114 2208 158 2241 30

114 2562 159 2596 35

986 28 1071 70 502

186 134 281 175 litas
314 136 460 187 regnat
491 133 533 174 in
566 134 717 175 mundo
751 138 791 176 et
824 135 1029 176 avaricia?
1062 134 1182 176 Certe
1207 134 1319 176 nulla
1342 134 1435 188 alia,
1469 149 1590 188 quam
1624 134 1731 189 quod
1751 134 1867 188 illud,

187 205 293 259 quod
336 208 398 246 est
438 204 615 257 malurn,
655 205 809 247 factum
850 209 913 247 est
950 205 1122 258 bonum,
1156 205 1312 247 scilicet
1348 206 1542 261 pecunia3
1584 206 1690 260 quod
1731 210 1867 248 autem

187 276 361 331 pecunia
393 275 447 316 sit
478 275 607 329 mala,
648 277 847 331 probatur
879 289 952 331 per
984 276 1296 331 philosophum,
1330 278 1399 331 qui
1432 277 1550 330 dicit,
1584 277 1691 331 quod
1724 290 1867 319 aurum

187 346 273 388 sive
306 349 518 399 argentum
554 360 634 388 non
668 351 730 389 est
761 347 840 388 nisi
871 347 940 389 fex
972 351 1099 399 terre3
1138 352 1354 402 postquam
1389 349 1467 389 iste
1498 348 1606 390 feces
1636 348 1743 390 facte
1774 351 1871 390 sunt

186 418 244 458 ita
266 430 372 470 care,
405 417 538 472 pietas
560 419 750 469 recessit3
785 418 856 459 sed
878 422 1014 460 tamen
1039 421 1142 460 teste
1163 419 1349 473 sapiente
1370 419 1496 460 nichil
1518 419 1712 472 iniquius,
1746 432 1868 472 quam

187 501 325 530 amare
347 488 576 542 pecuniam.
627 488 908 544 Spiritu-aliter
931 493 1157 544 peccatum,
1191 490 1297 544 quod
1322 495 1384 532 est
1404 490 1537 543 majus
1560 489 1727 542 malum,
1761 489 1868 544 quod

185 560 362 601 inveniri
395 563 550 614 potest,
590 559 711 602 hodie
743 561 895 602 factum
929 565 991 602 est
1022 560 1193 614 bonum,
1235 561 1331 615 quia
1370 562 1489 616 pauci
1530 565 1644 613 sunt,
1686 560 1755 614 qui
1787 574 1868 602 non

186 634 376 685 peccent,
411 634 554 672 contra
586 644 686 684 quos
720 631 940 686 propheta:
977 631 1033 672 Ve
1066 631 1200 683 vobis,
1235 632 1303 686 qui
1337 632 1492 673 dicitis:
1531 631 1685 673 Malum
1717 631 1867 673 bonum

186 706 227 743 et
259 701 406 743 bonum
432 700 606 742 malum!
641 701 808 743 Tercius
831 703 955 753 dixit3
991 702 1114 744 Racio
1137 702 1260 745 habet
1280 703 1509 745 licenciam.
1553 701 1638 752 Que
1660 706 1723 745 est
1742 703 1868 756 racio,

186 772 294 827 quod
334 772 454 814 hodie
494 771 717 814 Christiani
756 777 898 815 carent
935 774 1126 815 nomine?
1175 773 1294 816 Certe
1333 774 1447 815 nulla
1488 773 1588 827 alia,
1637 774 1717 816 nisi
1760 773 1868 828 quod

185 844 295 886 racio
328 844 370 885 in
404 843 637 885 hominibus
671 849 734 886 est
764 845 991 886 licenciata.
1045 845 1177 887 Homo
1211 849 1378 887 vocatus
1411 848 1474 886 est
1505 843 1764 886 Christianus
1796 858 1869 900 per

185 915 391 957 racionem
426 929 448 956 a
471 914 648 967 Christe,
682 915 752 956 sed
786 916 970 957 homines
993 930 1072 957 non
1095 920 1269 958 utuntur
1290 917 1468 969 racione,
1501 916 1597 969 quia
1629 916 1749 958 homo
1775 929 1867 958 cum

184 987 226 1028 in
260 986 414 1028 honore
447 990 555 1027 esset
586 999 667 1027 non
699 987 905 1029 intellexit
937 991 1011 1029 etc.
1060 987 1163 1029 Nam
1199 989 1334 1043 porcis
1369 986 1621 1028 assimilatur
1653 1000 1725 1042 per
1748 986 1869 1029 luxu-

184 1057 303 1110 riam,
338 1057 446 1099 leoni
479 1071 552 1112 per
585 1058 836 1112 superbiam,
870 1059 961 1099 cani
995 1072 1068 1114 per
1098 1059 1310 1112 invidiam,
1344 1058 1456 1113 vulpi
1490 1071 1562 1113 per
1577 1058 1867 1112 dolositatem,

186 1132 226 1170 et
264 1129 356 1170 ideo
390 1142 471 1170 non
504 1133 685 1170 meretur
717 1129 796 1170 dici
834 1129 955 1171 homo
993 1143 1067 1171 nec
1100 1129 1378 1183 Christianus,
1422 1130 1517 1183 quia
1556 1130 1682 1170 vitam
1716 1129 1869 1171 Christi

185 1200 368 1242 totaliter
401 1200 592 1242 deseruit.
650 1199 932 1255 Spiritualiter
964 1215 1104 1242 verum
1139 1205 1222 1253 est,
1257 1202 1353 1255 quia
1384 1201 1418 1242 si
1451 1201 1571 1242 homo
1604 1200 1774 1242 haberet
1803 1214 1869 1242 ra-

184 1272 364 1324 cionem,
398 1271 518 1313 deum
553 1285 675 1326 super
707 1272 846 1313 omnia
877 1272 1087 1326 diligeret:
1126 1273 1275 1327 probe,
1309 1273 1406 1327 quia
1436 1272 1547 1314 racio
1581 1272 1728 1325 dictat,
1761 1272 1868 1326 quod

184 1343 336 1385 bonum
370 1347 432 1385 est
463 1342 716 1396 diligendum
749 1347 788 1384 et
824 1344 957 1397 magis
991 1344 1140 1386 bonum
1174 1344 1304 1397 magis
1338 1343 1590 1397 diligendum
1621 1347 1661 1385 et
1687 1344 1869 1385 maxime

183 1414 337 1456 bonum
384 1414 563 1455 maxime
614 1414 888 1467 diligendum3
938 1416 1007 1457 sed
1055 1418 1236 1468 constat,
1284 1415 1390 1469 quod
1434 1415 1533 1456 deus
1581 1420 1643 1456 est
1687 1415 1868 1457 maxime

186 1485 315 1527 bonus
349 1490 389 1527 et
421 1485 587 1538 bonum,
621 1498 700 1539 quo
733 1487 865 1540 majus
889 1487 1062 1539 cogitari
1085 1500 1164 1527 non
1197 1490 1354 1541 potest;
1386 1486 1477 1528 ideo
1502 1486 1536 1527 si
1557 1486 1679 1527 homo
1700 1485 1870 1528 haberet

184 1558 414 1610 racionem,
448 1557 582 1611 ipsum
618 1571 690 1611 pre
724 1558 913 1599 omnibus
947 1558 1148 1610 diligeret.
1203 1556 1457 1599 Secundum:
1497 1556 1580 1599 Fur
1620 1560 1682 1599 est
1719 1570 1868 1612 prepo-

185 1628 287 1670 situs
321 1632 396 1670 etc.
452 1627 537 1677 Que
571 1632 634 1669 est
664 1629 797 1681 racio,
840 1629 945 1682 quod
987 1629 1162 1683 pecunia
1201 1633 1276 1670 etc.
1333 1629 1458 1671 Nulla
1498 1628 1598 1680 alia,
1640 1628 1721 1670 nisi
1760 1628 1868 1683 quod

184 1699 378 1742 officiales
418 1702 514 1740 sunt
559 1699 692 1751 fures,
740 1713 823 1741 non
865 1700 954 1741 dico
994 1701 1127 1753 fures,
1176 1701 1246 1741 sed
1284 1714 1411 1741 unum
1452 1713 1524 1754 per
1565 1699 1867 1754 experienciam

185 1771 315 1823 video,
349 1770 457 1824 quod
490 1771 646 1812 domini
679 1770 927 1825 temporales
961 1776 1057 1812 sunt
1089 1785 1289 1826 pauperes
1323 1775 1364 1812 et
1392 1771 1592 1826 prepositi
1614 1771 1867 1825 habundant,

185 1842 312 1883 Video
360 1842 509 1895 eciam,
558 1842 665 1896 quod
712 1842 780 1883 isti
828 1841 970 1883 villani
1018 1843 1161 1884 rustici
1208 1847 1248 1884 et
1295 1842 1364 1884 alii
1412 1856 1613 1898 pauperes
1659 1842 1867 1884 modicum

184 1913 356 1965 habent,
400 1917 440 1954 et
479 1913 548 1954 isti
581 1913 729 1955 divites
768 1913 1018 1955 habundant.
1073 1913 1158 1964 Que
1192 1919 1253 1955 est
1284 1914 1416 1967 racio,
1455 1914 1536 1955 nisi
1571 1911 1725 1968 [120b]
1760 1914 1866 1968 quod

183 1985 293 2026 fures
328 1984 539 2026 existunt?
579 1983 815 2037 Carissimi,
850 1985 884 2025 si
917 1999 1021 2026 unus
1055 1985 1170 2026 alteri
1205 1985 1385 2039 quinque
1417 1998 1576 2026 marcas
1610 1985 1673 2026 vel
1704 1989 1766 2027 tot
1795 1984 1868 2027 flo-

184 2069 304 2097 renos
338 2056 555 2110 acciperet,
589 2069 725 2096 nonne
756 2056 822 2097 fur
847 2056 1131 2110 judicaretur?
1166 2055 1243 2098 Sed
1277 2056 1346 2098 isti
1372 2060 1568 2111 quantum
1592 2057 1797 2111 recipiunt
1817 2056 1867 2098 de

184 2127 353 2182 capitali
398 2140 578 2179 summa,
626 2132 768 2167 notum
819 2132 880 2169 est
926 2127 1248 2181 confessoribus,
1297 2131 1336 2169 et
1378 2129 1468 2170 ideo
1512 2128 1596 2170 veri
1636 2128 1745 2169 fures
1784 2141 1866 2169 non

185 2198 505 2253 suspenduntur,
538 2201 643 2239 teste
675 2198 934 2253 philosopho,
969 2200 1037 2253 qui
1072 2199 1186 2252 vidit,
1222 2199 1328 2253 quod
1356 2200 1485 2253 judex
1517 2200 1635 2242 duxit
1660 2200 1792 2241 furem
1816 2199 1866 2241 ad

184 2269 412 2324 patibulum
448 2268 692 2323 philosopho
731 2270 891 2312 ridente
929 2274 969 2312 et
994 2270 1133 2324 judice
1166 2275 1382 2324 querente,
1425 2284 1550 2324 quare
1591 2271 1764 2323 rideret,
1803 2284 1866 2312 re-

185 2340 371 2396 spondit,
411 2340 518 2393 quod
549 2353 722 2393 magnus
754 2341 820 2382 fur
853 2342 971 2382 (luxit
1003 2355 1175 2396 parvum
1208 2342 1353 2384 furem.
1411 2342 1693 2397 Spiritualiter
1724 2355 1867 2384 verum

186 2416 248 2453 est
279 2412 327 2453 de
351 2411 446 2463 illis,
480 2411 547 2464 qui
571 2425 645 2465 pro
670 2412 829 2454 modica
850 2413 1125 2455 delectacione
1148 2413 1221 2455 deo
1246 2415 1417 2466 animas,
1451 2427 1551 2467 quas
1573 2428 1646 2455 suo
1669 2414 1866 2466 sanguine

187 2483 419 2537 acquisivit,
450 2482 640 2523 furantur
663 2487 702 2524 et
723 2484 886 2525 diabolo
909 2485 1142 2538 subjiciunt.
1187 2485 1376 2526 Tercium
1401 2485 1610 2536 corobola3
1643 2485 1867 2539 vulgariter
1896 2538 1903 2541 χ

186 2554 303 2595 deme
335 2553 461 2595 wevel
494 2553 581 2595 wilt
613 2553 747 2606 vligen
781 2555 866 2596 also
899 2555 1025 2609 hoege
1059 2556 1143 2597 also
1178 2556 1249 2597 der
1272 2570 1369 2597 aern
1402 2556 1557 2598 scilicet
1580 2556 1727 2610 aquila.
1772 2556 1866 2599 Ideo

186 2639 267 2666 non
301 2629 362 2666 est
395 2625 613 2676 discrecio,
648 2638 741 2665 narn
776 2625 857 2678 illi,
892 2627 960 2680 qui
993 2627 1188 2668 deberent
1220 2641 1360 2680 agrum
1396 2627 1540 2680 colere,
1573 2627 1693 2668 hodie
1725 2627 1868 2670 volunt

187 2696 412 2748 dominari,
445 2709 539 2736 nam
575 2700 789 2750 postquam
825 2697 978 2739 habent
1009 2712 1133 2739 unum
1167 2712 1242 2753 par
1275 2712 1484 2740 ocrearum
1520 2702 1560 2740 et
1590 2697 1793 2740 calcarum
1827 2702 1867 2740 et

188 2780 358 2820 equum,
396 2767 476 2822 ipsi
519 2767 702 2820 equitare
743 2767 886 2810 volunt
924 2773 964 2811 et
1000 2770 1137 2810 vocari
1171 2770 1384 2811 domicelle
1415 2769 1624 2812 Johannes
1658 2774 1697 2811 et
1728 2770 1786 2811 sic
1817 2769 1866 2811 de

189 2838 292 2878 aliis.
350 2838 499 2879 Verum
543 2841 605 2879 est
644 2837 692 2879 de
733 2838 822 2880 istis
863 2840 1192 2893 civitatentibus,
1242 2854 1414 2894 quorum
1465 2844 1656 2896 parentes
1700 2841 1867 2882 fuerunt

116 2919 162 2953 40
189 2907 386 2963 pellifices
437 2912 477 2950 et
516 2913 673 2950 sutores
713 2913 788 2951 ete.
829 2910 908 2961 ipsi
950 2914 1085 2953 autem
1126 2925 1169 2952 se
1207 2911 1360 2953 habent
1396 2915 1442 2952 ut
1487 2910 1658 2963 milites;
1705 2911 1866 2954 modica
