1919 3157
850 98 934 138 472³

172 202 400 253 Car-issimi,
433 202 510 243 iste
543 202 660 245 miles
684 207 819 258 potest
842 203 920 244 dici
945 202 1117 257 quilibet
1139 203 1268 245 bonus
1291 205 1487 259 prelatus,
1522 206 1589 260 qui
1614 205 1735 248 debet

53 272 167 314 indui
207 277 418 314 armatura
457 272 540 325 dei,
582 277 626 314 nt
668 274 798 328 possit
829 279 938 314 stare
979 273 1151 315 tirmiter
1187 279 1331 317 contra
1362 276 1532 318 insidias
1566 275 1731 318 diaboli.

53 343 248 386 Famulus
287 343 418 385 fidelis
459 349 518 385 est
561 343 747 385 subditus
781 345 819 385 in
854 344 1042 385 omnibus
1076 345 1233 400 prelato
1266 360 1338 387 suo
1377 346 1582 389 obediens.
1636 345 1734 389 Pre-

52 414 160 457 latus
199 414 267 457 ille
306 414 429 456 habet
467 414 704 456 thesaurum
747 415 902 457 scilicet
953 416 1111 457 animas
1159 416 1209 457 ad
1251 417 1583 470 custodiendum,
1633 432 1733 473 quas

52 499 149 541 sepe
190 499 237 528 ex
275 485 532 539 negligencia
571 499 645 526 sua
686 486 876 541 perdidit.
934 485 1037 535 Quid
1081 500 1175 540 ergo
1215 491 1278 529 est
1314 488 1574 541 faciendum?
1614 489 1733 531 Certe
1760 499 1781 531 5

51 556 172 599 debet
203 557 433 610 diligenter,
468 556 661 610 quamdin
696 557 736 598 in
770 557 855 598 vita
887 560 961 609 est,
996 557 1203 612 inquirere
1237 558 1409 601 salutem
1445 560 1594 613 anime,
1629 565 1668 602 et
1700 561 1732 602 si

52 628 236 670 invenire
267 642 348 670 non
382 628 547 683 poterit,
581 632 765 682 amputet
797 628 940 683 pedem
977 628 1165 670 dextrum
1201 629 1374 683 subditi,
1409 630 1484 672 hoc
1516 635 1578 672 est
1609 631 1732 673 talem

51 699 244 741 rebellem
278 699 479 753 castigare
512 704 551 740 et
584 713 673 740 euni
709 699 758 740 ab
782 699 953 740 ecclesia
992 704 1228 754 amputare,
1272 701 1399 742 donec
1441 707 1660 755 cognoscat
1691 716 1734 745 se

51 770 286 825 deliquisse.
337 770 417 812 Sed
450 770 513 812 dic
547 770 684 823 michi,
718 770 949 824 quomodo?
981 770 1086 812 Ecce
1117 771 1310 824 famulus,
1345 777 1562 826 postquam
1597 774 1736 816 amisit

51 841 220 897 pedem,
260 841 415 896 incepit
453 841 645 884 clamare.
702 842 768 883 Sic
810 846 1000 896 peccator
1039 855 1112 897 per
1144 842 1439 885 confessionem
1479 844 1650 897 clamat,
1690 849 1735 886 ut
1761 852 1804 886 10

50 912 150 954 dicit
181 913 402 967 propheta:
444 911 589 954 Clama
627 927 676 955 ne
716 926 850 954 cesses
889 914 1003 967 quasi
1037 913 1135 955 tuba
1168 913 1303 955 exalta
1337 928 1475 956 vocem
1510 918 1621 957 tuam
1656 920 1731 958 etc.

50 983 116 1025 Ad
157 984 271 1037 cujus
313 983 532 1026 clamorem
584 984 783 1026 heremita
831 983 857 1025 i.
891 998 924 1026 e.
966 984 1168 1026 discretus
1215 987 1425 1027 confessor
1470 986 1593 1028 habet
1640 1001 1731 1029 eum

49 1058 214 1110 portare
246 1055 286 1096 in
321 1054 502 1097 humeris
535 1055 639 1108 suis,
673 1055 747 1096 hoc
781 1059 841 1097 est
874 1069 966 1097 eum
1001 1055 1281 1109 informando,
1315 1057 1585 1112 predicando,
1619 1059 1734 1113 peni-

48 1126 225 1168 tenciam
258 1125 393 1167 dando
427 1130 466 1168 et
498 1127 538 1167 in
572 1126 738 1168 domum
773 1126 943 1168 ecclesie
975 1126 1271 1169 introducendo
1311 1141 1384 1182 per
1416 1142 1541 1183 opera
1573 1129 1734 1171 miseri-

49 1197 185 1239 cordie
227 1200 268 1239 et
305 1196 429 1239 habet
467 1211 541 1253 pro
576 1211 622 1239 eo
662 1198 915 1240 intercedere
956 1198 1165 1240 dominum
1207 1212 1288 1239 non
1329 1200 1363 1241 ei
1397 1200 1732 1255 improperando,
1763 1208 1803 1242 15

47 1268 119 1310 sed
151 1268 272 1310 deum
305 1268 448 1310 intime
481 1268 752 1323 deprecandO,
787 1273 831 1311 ut
861 1269 984 1311 talem
1020 1283 1261 1312 conversum
1296 1275 1511 1313 conservet
1536 1276 1577 1313 et
1598 1277 1733 1315 custo-

48 1339 154 1393 diat,
189 1339 258 1394 qui
298 1339 517 1394 aliquando
549 1353 641 1381 cum
674 1340 778 1394 pede
809 1340 835 1382 i.
861 1353 894 1382 e.
930 1340 1145 1383 affectione
1177 1355 1373 1397 perversa
1408 1347 1583 1384 matrem
1617 1357 1732 1385 suam

47 1410 73 1452 i.
98 1423 131 1452 e.
158 1398 379 1453 'ecclesiam
413 1411 698 1467 precipitavit,
739 1415 936 1465 quantum
971 1412 1011 1453 in
1045 1425 1091 1454 eo
1131 1413 1229 1466 fuit,
1272 1413 1433 1467 quando
1467 1413 1608 1455 divina
1639 1427 1733 1469 pre-

47 1485 167 1536 cepta
198 1494 279 1524 non
311 1482 547 1524 custodivit.
603 1482 809 1536 Angelus,
853 1483 922 1536 qui
961 1482 1205 1525 heremitam
1245 1484 1503 1538 informavit,
1544 1489 1606 1527 est
1638 1498 1733 1527 con-

47 1552 226 1594 sciencia
259 1566 362 1608 pura
393 1567 473 1595 non
508 1552 602 1595 ficta
633 1553 851 1608 cujuslibet
883 1553 1032 1609 prelati
1064 1558 1105 1597 et
1137 1555 1397 1609 confessoris,
1432 1556 1500 1610 qui
1534 1570 1602 1598 eos
1631 1556 1802 1611 ligatae

47 1627 89 1666 et
119 1624 252 1678 ducit,
291 1628 336 1666 ut
375 1624 425 1666 ad
458 1624 679 1667 clamorem
715 1626 942 1680 peccatoris
982 1626 1062 1668 cito
1101 1627 1137 1669 ei
1170 1630 1388 1669 occurrant
1420 1631 1460 1668 et
1490 1627 1533 1668 in
1565 1627 1731 1670 domum

47 1695 112 1738 dei
145 1695 224 1738 cito
257 1695 533 1738 introducant.
577 1696 754 1751 Pauper,
788 1697 855 1752 qui
890 1698 1105 1752 pecuniam
1140 1698 1311 1752 invenit,
1345 1702 1407 1740 est
1429 1697 1629 1752 Christus,
1663 1699 1732 1754 qui

46 1766 226 1808 animam
260 1780 357 1822 sepe
389 1768 581 1821 custodit,
615 1781 666 1810 ne
697 1768 811 1810 labat
841 1769 882 1810 in
916 1769 1137 1823 infernum,
1171 1769 1301 1812 donec
1332 1774 1523 1825 peccator
1555 1783 1629 1825 per
1660 1783 1732 1826 pe-

45 1837 268 1880 nitenciam
306 1843 497 1892 resurgat
535 1843 575 1881 et
614 1839 672 1880 sic
704 1840 884 1880 animam
918 1840 1114 1882 mundam
1148 1854 1171 1883 a
1203 1840 1366 1883 Christo
1399 1841 1594 1896 recipiat,
1636 1842 1733 1896 quia

46 1909 134 1951 sine
167 1922 213 1951 eo
245 1908 402 1951 nullum
441 1908 589 1964 [1086]
626 1910 775 1952 bonum
811 1924 913 1966 opus
948 1925 1164 1966 possumus
1201 1912 1348 1954 facere.
1407 1911 1518 1954 Pone
1558 1926 1654 1967 ergo
1686 1917 1731 1955 tu
1757 1920 1801 1954 25

45 1984 236 2036 peccator
267 1981 494 2023 custodiam
529 1982 589 2023 ori
618 1985 709 2033 tuo;
743 1996 794 2024 ne
826 1982 981 2036 aliquid
1013 1986 1157 2024 contra
1178 1983 1298 2025 deum
1333 1983 1468 2026 dicere
1500 1997 1729 2039 presumas.

45 2051 157 2094 Deus
196 2052 303 2094 enim
347 2056 409 2095 est
441 2053 578 2107 justus
612 2053 739 2107 judex
783 2058 824 2096 et
864 2054 982 2096 fortis
1026 2057 1067 2096 et
1105 2054 1294 2109 paciens,
1343 2054 1434 2096 ideo
1473 2068 1556 2097 non
1596 2056 1727 2098 dicas:

45 2121 179 2173 Quare
210 2123 308 2166 fecit
338 2137 403 2165 me
435 2129 475 2165 et
506 2127 600 2179 post
630 2123 707 2165 hoc
738 2124 897 2166 dimisit
928 2138 993 2166 me
1025 2124 1198 2167 cadere?
1231 2125 1305 2167 Vel
1339 2125 1418 2168 alio
1442 2126 1561 2168 modo
1594 2130 1730 2182 potest

44 2193 196 2236 reduci.
251 2193 332 2236 Iste
369 2194 488 2236 miles
520 2198 656 2250 potest
687 2195 767 2237 dici
802 2196 958 2250 primus
991 2209 1141 2251 parens
1172 2196 1331 2250 Adam,
1371 2197 1436 2239 cui
1476 2197 1574 2240 deus
1617 2198 1730 2240 dedit

44 2265 207 2308 infinita
238 2265 357 2319 bona,
391 2266 487 2320 quia
519 2266 726 2308 hominem
750 2267 964 2309 constituit
985 2267 1198 2309 dominum
1222 2268 1403 2310 omnium
1428 2273 1726 2323 creaturarum,
1755 2275 1799 2309 30

44 2334 220 2379 Psalm.:
263 2336 412 2379 Omnia
450 2337 660 2391 subJecisti
703 2337 777 2380 sub
809 2338 982 2393 pedibus
1015 2339 1102 2393 ejus
1143 2340 1218 2381 etc,
1274 2339 1470 2381 Famulus
1502 2339 1634 2382 fidelis
1667 2344 1730 2382 est

45 2407 176 2462 racio,
210 2420 288 2462 que
320 2408 361 2449 in
394 2421 440 2450 eo
474 2408 728 2461 dominatum
762 2409 957 2463 quamdiu
989 2410 1032 2451 in
1064 2410 1245 2465 puritate
1279 2410 1360 2453 vite
1392 2411 1605 2464 remansit,
1639 2411 1728 2454 the-

45 2490 212 2519 saurum
247 2478 442 2534 paradisi,
476 2493 596 2534 quem
630 2479 729 2522 deus
762 2481 796 2523 ei
831 2481 1051 2534 commisit,
1085 2494 1159 2536 pro
1192 2494 1234 2523 se
1269 2485 1309 2523 et
1339 2481 1559 2524 heredibus
1592 2481 1726 2524 habet.

46 2547 127 2591 Sed
157 2548 293 2591 Adam
326 2549 466 2592 volens
500 2550 620 2605 plura
659 2551 892 2606 acquirere,
935 2552 1098 2607 quando
1132 2552 1374 2608 appetebat,
1415 2558 1461 2596 ut
1492 2553 1595 2596 alter
1627 2553 1728 2595 deus

44 2632 127 2662 non
159 2624 279 2674 esset,
313 2622 452 2663 statim
477 2621 714 2664 thesaurum
740 2623 923 2678 paradisi
945 2623 1139 2678 perdidit,
1176 2627 1216 2665 et
1246 2626 1344 2666 tunc
1365 2624 1511 2679 pedem
1535 2624 1725 2666 dextrum
1753 2631 1798 2666 35

44 2689 189 2732 famuli
223 2692 467 2747 amputavit,
501 2692 598 2747 quia
631 2693 821 2736 seductus
855 2707 928 2749 per
954 2693 1085 2735 Evam
1119 2693 1276 2736 scilicet
1308 2708 1382 2750 per
1415 2694 1725 2737 sensualitatem

45 2771 127 2802 non
166 2775 240 2816 per
270 2762 477 2805 racionem
511 2768 748 2819 preceptum
782 2764 966 2806 divinum
1009 2765 1247 2820 vilipendit,
1285 2765 1356 2808 sed
1395 2765 1528 2808 oleum
1566 2766 1727 2808 miseri-

46 2831 183 2874 cordie
214 2831 429 2875 clamando
463 2834 588 2889 peciit
618 2834 659 2876 in
691 2835 798 2877 valle
829 2835 949 2890 hujus
990 2836 1153 2890 mundi,
1194 2837 1355 2891 quando
1398 2836 1439 2877 in
1473 2836 1621 2879 sudore
1653 2850 1726 2879 suo

44 2910 194 2957 panem
227 2905 457 2959 acquisivit.
500 2904 626 2958 Cujus
650 2906 858 2948 miseriam
882 2906 1024 2948 videns
1048 2907 1112 2949 dei
1135 2906 1243 2950 filius
1268 2907 1317 2950 de
1342 2907 1427 2949 celo
1452 2907 1665 2950 descendit
1687 2911 1727 2950 et

46 2985 136 3015 eum
170 2987 244 3030 per
265 2976 477 3030 proprium
502 2977 743 3030 sanguinem
768 2978 943 3020 redemit
975 2982 1015 3020 et
1045 2978 1084 3019 in
1109 2978 1275 3021 domum
1300 2978 1363 3021 dei
1397 2978 1528 3032 duxit,
1562 2978 1724 3033 quando
1751 2985 1797 3019 40
