1949 3162
1009 72 1093 114 428

207 186 249 227 in
283 183 392 226 omni
424 183 513 225 1000
555 184 785 236 exspectat,
827 183 866 221 et
904 192 1043 221 ursum
1076 179 1102 219 i.
1127 192 1160 219 0.
1194 176 1406 232 propriam
1446 174 1765 228 conscienciam,
1804 186 1883 228 que

209 260 248 298 te
281 252 611 308 condempnabit,
644 256 684 294 et
716 264 873 293 vermes
905 251 930 291 i.
956 263 989 292 e.
1025 252 1193 304 peccata
1224 251 1307 301 tua,
1341 260 1418 301 que
1450 250 1490 289 te
1522 245 1784 288 accusabunt.
1840 243 1884 286 Si

210 329 289 369 ista
326 326 471 367 intime
522 323 786 377 cogitaveris,
833 322 912 363 cito
961 321 1009 362 de
1049 333 1173 373 regno
1222 318 1362 360 mundi
1405 322 1444 359 te
1483 317 1677 372 expedire
1715 315 1882 371 poteris.

210 397 369 440 Deinde
400 396 450 438 ad
485 395 594 437 aliud
627 407 798 448 regnum
832 392 1016 447 perrexit
1048 394 1122 433 etc.
1167 390 1235 431 Sic
1267 389 1400 442 homo,
1434 389 1467 429 si
1501 387 1709 430 diabolum
1739 387 1782 428 in
1803 398 1886 427 una

162 477 183 510 5
211 471 327 524 parte
367 466 642 522 superaverit,
682 464 888 506 hominem
931 462 980 503 ad
1024 461 1133 503 aliud
1166 474 1336 514 regnum
1378 459 1533 501 scilicet
1574 458 1727 514 peccati
1760 457 1884 511 ducit,

211 539 366 581 scilicet
405 538 455 579 ad
494 550 663 591 regnum
714 534 869 586 carnis,
917 533 958 574 in
999 546 1076 587 quo
1122 535 1296 585 regnant
1333 530 1478 572 delicie
1516 529 1700 571 carnales
1740 532 1780 570 et
1818 540 1886 569 vo-

210 611 402 665 luptates.
459 608 503 651 Si
535 609 576 650 in
610 608 667 649 eis
701 605 967 658 consentires,
1005 604 1136 645 factus
1170 603 1249 645 eris
1281 602 1388 643 filius
1420 601 1689 657 perdicionis3
1721 598 1888 642 attende

212 695 307 735 ergo
347 681 397 723 ad
443 680 607 722 lectum.
666 678 813 720 Lectus
853 676 930 717 iste
973 678 1035 717 est
1073 675 1277 727 infernus,
1319 673 1361 714 in
1404 685 1482 727 quo
1522 671 1635 713 dives
1675 670 1745 713 ille
1777 671 1889 724 jacet

212 753 357 808 plenus
390 751 600 793 novaculis
633 749 788 792 scilicet
827 747 944 802 penis
985 745 1253 800 gravissimis.
1308 744 1350 786 si
1390 744 1513 785 istum
1552 743 1704 785 lectum
1743 741 1889 783 intime

145 831 187 865 10
213 824 432 877 recogites,
465 822 631 864 delicias
664 808 798 862 carnis
832 819 998 860 omnino
1030 830 1212 873 respues.
1269 815 1311 858 Si
1344 815 1444 857 velis
1478 828 1572 867 ergo
1606 815 1686 855 ista
1715 812 1798 854 tria
1826 811 1890 852 in-

213 896 373 948 venire,
415 907 538 949 quere
577 905 714 934 senem
749 904 840 932 cum
873 889 1037 942 baculo,
1079 888 1236 930 scilicet
1267 887 1475 929 dominum
1508 888 1694 927 nostrum
1726 883 1890 925 Ihesum

214 966 444 1019 Christum,
477 965 546 1019 qui
575 964 653 1005 tibi
686 961 882 1004 concedat
914 960 1103 1003 baculum
1137 963 1277 1001 sancte
1314 958 1459 1000 crucis.
1513 955 1690 998 Baculus
1720 954 1798 996 iste
1829 956 1893 996 est

216 1037 469 1094 penitencia,
508 1049 586 1090 que
620 1035 740 1076 debet
770 1047 844 1074 nos
878 1033 928 1075 ad
961 1033 1066 1074 viam
1101 1031 1245 1073 salutis
1278 1030 1476 1083 dirigere,
1510 1027 1618 1070 unde
1648 1025 1890 1068 Psalmista:

216 1109 343 1162 Virga
382 1112 453 1150 tua
493 1111 532 1149 et
569 1106 738 1148 baculus
771 1109 864 1146 tuus
905 1108 979 1145 etc.
1035 1102 1116 1145 Sed
1156 1106 1250 1157 post
1280 1101 1354 1143 hec
1394 1102 1556 1156 oportet
1593 1103 1632 1141 te
1673 1096 1893 1139 ascendere

148 1186 190 1221 15
217 1180 370 1223 scalam
404 1182 542 1220 sancte
576 1178 678 1230 vite,
716 1177 758 1217 in
796 1173 916 1229 [8022]
953 1188 1034 1228 qua
1066 1177 1162 1215 sunt
1193 1173 1344 1227 gradus
1376 1185 1457 1225 v11,
1491 1170 1647 1212 scilicet
1677 1181 1738 1209 vn
1769 1180 1894 1223 opera

216 1251 509 1303 misericordie,
544 1263 616 1305 per
639 1262 717 1303 que
738 1246 893 1302 poteris
917 1246 968 1287 ad
991 1249 1173 1287 eternam
1197 1244 1323 1285 vitam
1354 1242 1581 1298 pervenire.
1630 1239 1710 1282 Sed
1733 1241 1895 1294 oportet

216 1328 299 1366 tres
331 1323 435 1364 ictus
467 1321 615 1373 facere,
648 1319 804 1362 scilicet
836 1317 1142 1369 contricionem,
1175 1315 1470 1357 confessionem
1504 1316 1545 1355 et
1572 1311 1894 1354 satisfactionem

217 1395 386 1446 habere3
427 1397 524 1435 tunc
554 1391 711 1445 janitor
743 1390 768 1431 i.
803 1403 837 1431 e.
871 1389 1032 1431 bonitas
1065 1388 1205 1429 divina
1236 1391 1276 1428 te
1306 1387 1349 1428 in
1380 1398 1553 1439 regnum
1585 1387 1771 1426 eternum
1803 1394 1895 1437 per-

218 1466 356 1518 ducet3
390 1465 448 1507 ibi
480 1467 541 1505 est
572 1461 861 1504 habundancia
892 1461 979 1502 sine
1001 1459 1175 1511 defectu,
1207 1458 1402 1512 gaudium
1427 1457 1516 1498 sine
1536 1455 1726 1508 tristicia,
1756 1453 1896 1496 lumen

149 1544 193 1578 20
219 1538 307 1579 sine
339 1535 519 1578 tenebris
551 1533 748 1575 invenies.
798 1531 863 1573 Ad
895 1531 1003 1586 quod
1035 1530 1174 1572 lumen
1207 1533 1281 1571 etc.

871 1762 973 1804 CAP.
1012 1762 1106 1802 102.
1141 1761 1243 1812 (94.)

440 1854 514 1898 De
551 1849 982 1910 transyressc'om'bus
1020 1850 1168 1894 anime
1206 1853 1246 1892 et
1278 1846 1536 1893 vulneribus
1573 1844 1674 1905 ejus.

337 1963 454 2005 Titus
493 1960 703 2014 regnavit,
744 1960 786 2000 in
825 1959 940 2012 cujus
980 1957 1153 2012 imperio
1195 1960 1282 1998 erat
1314 1955 1479 2009 quidam
1513 1953 1630 1995 miles
1663 1963 1898 2006 generosus,

222 2036 296 2077 deo
330 2034 448 2075 valde
480 2032 672 2084 devotus,
707 2031 776 2084 qui
808 2043 978 2071 uxorem
1012 2028 1225 2084 pulchram
1259 2027 1455 2079 habebat,
1496 2024 1567 2067 sed
1599 2023 1674 2066 sub
1705 2022 1792 2064 viro
1825 2035 1898 2063 suo

150 2114 195 2147 25
223 2106 454 2149 adulterata
494 2106 574 2156 est,
616 2115 689 2144 1100
728 2102 777 2143 (10
810 2100 1011 2143 adulterio
1052 2099 1248 2141 desistere
1286 2097 1461 2140 volebat.
1519 2095 1636 2138 Miles
1674 2107 1770 2136 vero
1807 2106 1900 2134 011111

222 2178 298 2220 hoc
331 2176 513 2228 vidisset,
546 2174 814 2216 contristatus
848 2176 910 2215 est
942 2171 1061 2213 valde
1092 2172 1135 2212 in
1159 2170 1294 2212 animo
1317 2182 1390 2210 suo
1422 2172 1463 2210 et
1493 2166 1714 2220 cogitabat,
1746 2169 1900 2207 terram

223 2251 407 2290 sanctam
442 2246 611 2288 visitare
643 2249 683 2286 et
715 2245 772 2286 ait
803 2244 922 2285 uxori
955 2257 1048 2284 sue:
1083 2241 1321 2294 Carissima,
1353 2239 1406 2282 ad
1426 2243 1580 2281 terram
1603 2240 1787 2279 sanctam
1809 2248 1901 2290 per-

223 2333 338 2373 gam,
381 2331 450 2359 vos
489 2316 732 2358 discrecioni
767 2319 901 2357 vestre
934 2314 1160 2355 committo.
1218 2311 1320 2354 Cum
1354 2314 1491 2352 autem
1522 2309 1632 2351 ultra
1663 2320 1777 2349 mare
1807 2319 1900 2361 per-

224 2390 353 2443 rexit,
386 2389 552 2430 domina
584 2387 787 2442 quendam
821 2386 1034 2438 clericum,
1072 2385 1251 2440 peritum
1283 2383 1326 2424 in
1357 2381 1653 2435 nigromancia,
1686 2377 1832 2421 dilexit
1861 2380 1902 2419 et

154 2471 199 2504 30
226 2476 317 2504 cum
352 2474 397 2502 eo
430 2459 636 2501 dormivit.
692 2458 856 2500 Accidit
887 2456 1032 2509 semel,
1067 2456 1188 2510 quod,
1220 2468 1312 2497 cum
1345 2453 1574 2496 adinvicem
1605 2451 1648 2492 in
1680 2453 1812 2492 stratu
1836 2448 1901 2503 Ja-

225 2534 420 2585 cuissent,
455 2531 561 2572 dixit
588 2529 773 2571 domina:
808 2528 851 2570 Si
874 2542 997 2570 unam
1021 2541 1105 2569 rem
1129 2526 1254 2568 michi
1276 2528 1549 2581 perpetrares,
1581 2536 1646 2564 me
1666 2522 1709 2563 in
1729 2531 1901 2562 uxorem

227 2605 374 2646 ducere
406 2615 560 2658 posses.
616 2600 670 2642 Et
700 2600 787 2641 ille:
827 2600 931 2649 Quid
965 2602 1027 2641 est
1058 2598 1152 2646 hoc,
1187 2597 1293 2651 quod
1325 2596 1401 2637 tibi
1433 2595 1587 2650 placet,
1619 2592 1726 2647 quod
1758 2594 1901 2647 potero

227 2675 302 2717 tibi
335 2672 597 2716 ministrare?
638 2671 723 2721 Que
757 2672 832 2712 ait:
866 2670 1040 2713 Maritus
1073 2682 1188 2711 meus
1222 2668 1272 2710 ad
1303 2672 1454 2709 terram
1490 2669 1674 2707 sanctam
1707 2661 1901 2718 perrexit,

229 2760 309 2788 non
342 2750 382 2788 et
412 2759 477 2787 me
509 2744 681 2786 multum
716 2743 868 2796 diligit3
902 2743 935 2783 si
968 2754 1059 2784 eum
1094 2754 1166 2796 per
1188 2739 1365 2794 aliquam
1389 2740 1520 2780 artem
1543 2735 1726 2778 occidere
1747 2745 1902 2789 posses,

159 2826 203 2859 35
230 2818 368 2859 omnia
400 2829 477 2871 que
508 2814 636 2856 habeo
670 2813 886 2855 obtineres.
944 2813 1017 2854 Ait
1055 2812 1244 2854 clericus:
1286 2809 1378 2851 Tibi
1413 2808 1548 2850 facere
1590 2806 1804 2862 promitto,
1843 2804 1904 2845 ita
1948 2820 1949 2838 1

230 2892 390 2941 tamen,
429 2887 535 2941 quod
572 2899 637 2927 me
676 2885 717 2926 in
756 2884 949 2925 maritum
993 2883 1181 2938 accipies.
1238 2880 1322 2930 Que
1364 2880 1442 2921 ait:
1483 2878 1571 2920 Hoc
1606 2877 1779 2919 firmiter
1809 2888 1903 2930 pro-

325 2969 365 3003 17
393 2966 686 3010 satisfactionem]
714 2971 797 3010 oriy.
817 2963 1119 2999 satasfactionem.
