1949 3162
986 48 1071 90 418

187 156 325 208 pater,
358 157 398 195 et
429 157 643 196 coeternus
675 153 775 207 sibi,
808 153 857 195 de
889 153 1039 195 ancilla
1069 153 1298 206 hominem,
1331 154 1428 208 quia
1459 154 1593 208 quoad
1624 166 1772 209 corpus
1804 158 1866 196 est

188 225 237 267 de
268 228 398 277 terra,
441 228 481 266 et
518 224 597 266 iste
635 229 698 266 est
736 224 891 277 minor,
933 224 1029 278 quia
1068 237 1117 266 ex
1150 227 1335 279 tempore
1372 224 1607 280 productus.
1677 223 1865 267 Christus

187 294 295 337 filius
327 295 463 336 senior
484 294 753 337 hereditatem
786 294 944 346 divisit3
979 294 1209 349 quomodo?
1257 294 1376 337 Certe
1409 299 1581 338 matrem
1604 296 1630 337 i.
1655 309 1688 338 e.
1711 299 1866 338 terram

188 370 228 408 et
259 369 424 408 terrena
455 365 593 420 posuit
625 378 674 407 ex
707 379 789 407 una
822 368 951 420 parte,
985 369 1026 407 et
1057 379 1106 407 ex
1137 365 1218 407 alia
1248 370 1367 421 parte
1398 367 1536 421 posuit
1567 366 1696 409 celum
1731 369 1772 409 et
1802 380 1866 409 ce-

141 444 162 478 5
186 436 320 490 lestia,
353 436 594 479 electionem
626 439 764 478 tamen
798 436 952 478 homini
986 436 1118 490 dedit,
1159 450 1280 491 quam
1314 437 1348 479 si
1380 441 1553 479 matrem
1585 438 1611 478 i.
1636 451 1670 479 e.
1702 441 1868 480 terrena

188 507 378 561 eligeret,
424 507 653 550 hereditate
694 507 833 549 celesti
873 512 1044 549 careret.
1125 507 1203 549 Sed
1242 522 1387 550 revera
1424 521 1599 563 peccans
1637 507 1868 550 mortaliter

186 578 415 620 hereditate
455 578 594 621 celesti
635 581 776 633 spreta
813 581 988 619 matrem
1029 578 1171 632 elegit,
1210 592 1286 621 nec
1317 578 1524 621 Christum
1567 578 1720 634 poterit
1750 592 1867 621 accu-

187 663 298 702 sare,
340 650 532 704 quoniam
566 662 648 691 non
681 650 750 703 qui
783 649 950 701 dividit,
984 649 1055 691 sed
1087 650 1156 704 qui
1188 649 1328 702 elegit,
1367 649 1678 692 circumscribit.
1747 648 1869 692 Patet

187 734 304 774 ergo,
348 721 456 774 quod
497 721 566 775 qui
606 724 792 762 terrenas
833 719 1065 774 voluptates
1106 721 1299 776 preponit
1337 724 1377 762 et
1414 721 1455 762 in
1497 724 1664 776 peccato
1703 719 1869 762 mortali

119 798 162 832 10
188 792 368 834 existens
401 792 529 833 vitam
562 796 748 834 eternam
779 805 861 832 non
893 794 1030 846 potest
1068 791 1117 833 de
1149 791 1289 845 gracia
1320 804 1394 833 nec
1427 791 1476 834 de
1501 792 1595 845 jure
1627 791 1706 834 sibi
1736 790 1869 832 vindi-

187 876 299 916 care,
349 876 419 905 seu
467 875 704 917 presumere
751 862 799 904 de
838 862 1086 915 hereditate,
1135 862 1207 904 sed
1252 862 1357 904 forte
1396 877 1446 905 ex
1486 863 1662 918 quadam
1702 862 1867 917 pietate.

187 932 364 975 Consulo
406 947 522 988 ergo,
564 941 608 975 ut
646 947 727 975 non
767 933 967 987 eligamus
1006 937 1182 975 matrem
1222 933 1248 974 i.
1276 946 1308 975 e.
1349 933 1546 975 mundum
1585 933 1732 986 istum,
1773 933 1871 987 quia

186 1008 297 1046 totus
335 1004 377 1046 in
409 1004 590 1058 maligno
628 1004 787 1060 positus
828 1008 900 1047 est.
973 1003 1220 1047 Studeamus
1259 1018 1375 1058 ergo,
1417 1004 1567 1058 eligere
1598 1004 1868 1047 hereditatem

187 1075 392 1118 celestem.

119 1241 162 1275 15
871 1233 973 1276 CAP.
996 1235 1064 1276 91.
1099 1235 1203 1287 (83.)

730 1321 805 1366 De
842 1322 1018 1367 accidia
1056 1327 1097 1367 et
1122 1323 1335 1381 pz'qrz’cz'a.

304 1428 511 1471 Polemius
542 1429 743 1483 regnavit,
779 1430 847 1483 qui
879 1433 962 1471 tres
995 1428 1100 1471 filios
1131 1429 1282 1483 legitur
1312 1429 1526 1482 habuisse,
1559 1441 1660 1483 quos
1692 1427 1866 1469 multum

189 1499 344 1542 dilexit.
407 1498 524 1541 Unde
555 1513 630 1554 per
669 1513 712 1542 se
750 1500 947 1553 cogitavit
984 1500 1202 1556 disponere
1235 1500 1284 1542 de
1314 1513 1441 1554 regno
1473 1512 1561 1554 suo,
1592 1499 1756 1541 vocavit
1784 1502 1868 1540 tres

188 1570 294 1612 filios
327 1584 420 1612 suos
455 1574 495 1612 et
526 1570 603 1611 ait:
651 1569 750 1620 Quis
783 1575 963 1613 vestrum
999 1575 1061 1613 est
1091 1572 1261 1627 pigrior,
1301 1571 1371 1614 ille
1401 1584 1576 1625 regnum
1609 1574 1702 1626 post
1731 1582 1868 1612 meum

119 1647 164 1682 20
189 1641 399 1683 decessum
433 1640 611 1683 habebit.
676 1641 790 1684 Tunc
823 1643 879 1684 ait
905 1643 1063 1698 primus
1094 1643 1222 1685 filius:
1256 1643 1392 1696 Pater,
1425 1642 1549 1684 michi
1581 1655 1676 1696 ergo
1699 1641 1869 1684 debetur

189 1725 360 1765 regnum
394 1715 590 1766 vestrum,
625 1713 720 1766 quia
752 1713 852 1755 adeo
886 1714 1002 1768 piger
1033 1728 1137 1767 sum,
1172 1715 1280 1769 quod
1312 1714 1363 1756 ad
1382 1714 1520 1767 ignem
1550 1713 1671 1755 sedeo
1693 1716 1732 1755 et
1753 1712 1868 1767 prius

190 1796 310 1825 crura
343 1784 536 1838 permitto
569 1783 773 1838 comburi,
813 1798 933 1839 quam
966 1786 1062 1827 inde
1093 1799 1158 1828 me
1189 1785 1455 1828 retraherem.
1519 1783 1730 1827 Secundus
1760 1782 1868 1825 filius

190 1854 268 1896 ait:
300 1853 437 1908 Pater,
469 1854 594 1896 michi
626 1855 798 1897 debetur
828 1870 999 1909 regnum
1034 1860 1229 1911 vestrum,
1264 1858 1333 1912 qui
1365 1857 1399 1898 si
1431 1857 1541 1898 circa
1561 1855 1710 1897 collum
1731 1868 1867 1897 meum

188 1925 328 1967 funem
369 1924 562 1967 haberem
604 1929 643 1967 et
681 1939 776 1967 mox
809 1928 1005 1982 suspendi
1038 1928 1227 1970 deberem
1262 1932 1302 1970 et
1332 1927 1515 1982 gladium
1545 1927 1588 1969 in
1621 1940 1747 1968 manu
1777 1939 1870 1968 mea

121 2003 164 2036 25
190 2000 394 2050 tenerem,
441 2000 612 2052 propter
658 2010 849 2051 magnam
894 1998 1110 2053 pigriciam
1158 2013 1293 2041 meam
1335 1999 1384 2041 ad
1424 1998 1689 2040 scindendam
1729 1997 1869 2039 funem

190 2080 358 2109 manum
407 2081 540 2109 meam
581 2081 662 2109 non
709 2068 986 2111 extenderem.
1060 2070 1227 2112 Tercius
1273 2070 1380 2112 filius
1428 2070 1554 2111 dixit:
1603 2068 1746 2122 Pater,
1795 2081 1868 2122 ego

189 2151 363 2191 regnare
395 2138 534 2191 debeo,
568 2138 664 2192 quia
695 2139 737 2180 in
763 2137 884 2194 [7532]
918 2141 1102 2195 pigriciis
1134 2145 1291 2183 ceteros
1323 2140 1518 2196 preced03
1552 2140 1648 2182 dum
1681 2139 1870 2196 superius

189 2209 233 2250 in
264 2209 368 2251 lecto
395 2209 512 2263 jaceo
553 2213 593 2250 et
630 2213 745 2262 gutte
782 2224 886 2265 aque
919 2216 1088 2267 propter
1119 2226 1312 2266 magnam
1345 2212 1561 2267 pigriciam
1593 2224 1717 2267 super
1747 2214 1872 2266 caput

192 2284 232 2322 et
263 2293 387 2335 super
419 2284 639 2334 utrumque
670 2281 830 2322 oculum
865 2282 1030 2336 cadunt,
1063 2297 1128 2325 me
1161 2297 1325 2325 movere
1356 2283 1493 2325 nescio
1522 2283 1573 2324 ad
1595 2282 1784 2325 dextram
1805 2280 1871 2324 vel

122 2357 167 2391 30
191 2350 424 2404 sinistram,
463 2364 538 2392 nec
571 2351 673 2392 volo.
736 2351 822 2394 Rex
855 2366 948 2395 cum
980 2353 1056 2396 hoc
1087 2354 1289 2407 audisset,
1328 2354 1362 2396 ei
1398 2367 1570 2407 regnum
1601 2353 1775 2407 legavit,
1806 2365 1870 2395 re-

191 2424 343 2477 putans
376 2435 468 2463 eum
500 2422 774 2477 pigriciorem.

309 2494 597 2535 Moralz'zaeio.
668 2492 902 2547 Carissimi,
945 2495 1022 2537 iste
1062 2509 1137 2538 rex
1177 2500 1239 2537 est
1279 2495 1485 2549 diabolus,
1526 2496 1595 2550 qui
1633 2498 1696 2538 est
1725 2508 1798 2536 rex
1831 2497 1906 2544 et*

193 2567 311 2618 pater
342 2577 466 2618 super
497 2576 639 2605 omnes
670 2564 776 2606 filios
809 2565 1019 2620 superbie,
1053 2570 1097 2608 ut
1127 2566 1207 2608 Job
1239 2566 1350 2608 dicit.
1419 2565 1498 2608 Per
1529 2567 1709 2621 primum
1740 2564 1870 2607 filium

192 2634 296 2676 bene
327 2634 596 2687 designantur
626 2634 699 2688 illi,
734 2636 802 2690 qui
835 2640 932 2678 sunt
962 2637 1005 2678 in
1037 2637 1233 2679 societate
1265 2650 1472 2693 perversa,
1505 2636 1662 2679 scilicet
1690 2637 1734 2678 in
1757 2635 1872 2678 adul-

124 2708 168 2742 35
193 2705 318 2759 terio,
359 2705 402 2746 in
433 2705 730 2758 fornicacione,
763 2719 836 2761 per
869 2720 990 2761 quam
1023 2707 1075 2749 ad
1106 2708 1261 2750 malum
1292 2707 1530 2760 intendunt3
1569 2711 1708 2750 tamen
1739 2707 1871 2761 magis

195 2774 350 2828 eligunt
387 2776 429 2817 in
467 2776 562 2829 igne
601 2777 760 2831 peccati
801 2778 976 2819 cremari
1008 2778 1072 2820 vel
1111 2779 1249 2832 aduri,
1291 2792 1414 2833 quam
1456 2791 1480 2820 a
1511 2778 1584 2820 tali
1615 2791 1743 2834 pravo
1775 2790 1871 2819 con-

194 2847 324 2888 sorcio
365 2847 563 2901 separari.
633 2845 844 2889 Secundus
885 2848 991 2890 filius
1025 2849 1162 2902 signat
1198 2849 1335 2902 illum,
1378 2849 1446 2903 qui
1483 2848 1579 2891 licet
1609 2851 1871 2904 peccatorum

287 2927 332 2961 25
358 2926 491 2971 funem]
518 2933 603 2973 ori-9.
621 2926 754 2962 sunam.
