1919 3131
84 985 151 1028 10.

84 1126 150 1168 11.

83 1266 150 1309 12.

908 38 959 78 19

201 137 264 180 De
304 143 565 181 tornamento
606 144 646 181 et
679 140 915 183 hastiludio.
975 142 1172 196 Adouyas
1205 155 1291 183 rex.
1349 142 1507 188 (Schild
1541 143 1777 196 lmriihren.)

202 207 273 250 lat.
303 211 397 251 113.

201 277 264 321 De
302 292 398 332 rege
437 280 505 334 qui
546 279 629 322 filio
662 281 834 335 pigriori
868 294 1039 333 reguum
1073 295 1193 323 suum
1227 281 1444 337 disposuit.
1502 282 1702 325 Polimius
1737 285 1777 326 in

201 349 367 392 civitate
400 350 618 393 babilonie.
668 351 770 402 (Der
802 351 983 403 faulste.)
1032 352 1102 394 lat.
1128 354 1196 393 91.

201 419 265 462 De
297 420 488 463 basilisco
512 426 553 464 et
575 422 755 477 speculo.
796 422 1050 464 Allexander
1073 423 1274 476 regnavit.
1318 423 1545 474 (Basilisk.)
1587 423 1657 465 lat.
1683 425 1775 465 1:39.

200 489 262 532 De
294 491 467 546 cyconia
499 491 742 535 adulterata.
793 493 968 543 Quidam
1001 493 1120 535 miles
1153 495 1244 535 fuit.
1291 494 1532 543 (Sti'irchin.)
1580 494 1651 535 lat.
1678 495 1745 535 82.

142 592 152 601 .
200 559 263 602 De
301 561 543 615 sarchofago
583 563 765 605 invento.
823 564 1034 605 Adrianus
1074 565 1263 617 regnavit
1300 578 1426 606 rome.
1484 563 1777 619 (Sarkophag.)

200 630 272 673 lat.
301 633 367 673 16.

199 701 264 744 De
296 702 484 758 principe
516 703 586 757 qui
618 703 808 746 inimicos
842 718 937 746 suos
971 705 1229 747 intoxicavit.
1279 705 1340 748 De
1373 705 1551 759 quodam
1575 705 1775 760 principe.

201 771 337 821 (Wein
370 773 604 826 vergiften.)
653 774 724 816 lat.
751 776 819 816 θ’θ’.

198 842 262 886 De
301 843 599 886 consuetudine
637 848 679 887 et
715 845 801 886 vita
831 848 985 887 nostra.
1042 845 1129 887 Rex
1163 845 1331 900 quidam
1365 844 1509 886 habuit
1541 848 1624 887 tres
1657 844 1776 887 filios.

200 913 318 964 (Drei
351 913 498 967 ringe.)
546 914 618 956 lat.
645 916 713 956 89,

200 983 263 1027 De
295 983 465 1027 obtenta
495 985 784 1027 misericordia
816 999 890 1041 per
921 986 1086 1027 beatam
1120 985 1337 1039 virginem.
1386 985 1540 1027 Narrat
1570 985 1777 1028 Eusebius

198 1055 242 1097 in
273 1055 462 1097 cronicis.
512 1054 755 1108 (Coriolan.)
805 1056 875 1098 lat.
906 1057 1000 1097 137.

200 1125 264 1168 De
287 1125 507 1181 peregrino
530 1131 743 1180 pugnante
765 1140 856 1169 cum
881 1130 1072 1182 tyranno.
1113 1124 1289 1175 Quidam
1312 1125 1463 1168 nobilis
1486 1125 1622 1167 vidua.
1661 1124 1779 1177 (Stab

198 1196 283 1238 und
314 1197 486 1249 tasche.)
534 1197 605 1238 lat.
631 1198 699 1238 Ξῖ).

198 1265 262 1309 De
293 1280 389 1320 rege
422 1271 464 1310 et
495 1266 729 1309 senescalco
763 1270 804 1309 et
833 1267 976 1309 amicis
999 1267 1098 1320 ejus.
1147 1266 1353 1308 Narratur
1378 1265 1487 1320 quod
1510 1266 1678 1320 quidam
1702 1267 1780 1308 im-

138 1382 143 1386 ,
198 1341 379 1393 perator.
434 1337 760 1389 (Kaisertochter
793 1337 875 1379 und
908 1336 1141 1389 seneschal3
1177 1336 1265 1379 drei
1296 1336 1500 1388 freunde.)
1554 1350 1683 1390 germ.
1711 1338 1776 1379 11.

83 1408 149 1449 13.

82 1478 149 1519 14.

82 1618 149 1661 15.

83 1761 150 1802 16.

82 1901 149 1942 17.

83 2042 150 2084 18.

83 2183 150 2224 19.

80 2252 149 2295 20.

80 2394 150 2436 21.

81 2534 150 2576 22.

81 2674 150 2716 23.

81 2813 151 2856 24.

198 1407 261 1450 De
293 1407 435 1462 iniquo
461 1408 615 1462 judice.
669 1408 773 1450 Erat
805 1408 972 1463 quidam
1006 1408 1246 1462 imperator.
1301 1406 1559 1459 (Schinden.)
1612 1407 1683 1449 lat.
1709 1408 1778 1449 29.

197 1477 261 1520 De
312 1478 537 1520 honoribus
585 1479 755 1520 victorie
809 1482 849 1520 et
900 1478 1114 1520 molestiis.
1179 1477 1355 1527 Quidam
1402 1478 1630 1533 imperator
1677 1481 1777 1520 erat.

198 1548 450 1604 (Triumph.)
497 1549 568 1591 lat.
594 1550 664 1591 30.

196 1618 260 1661 De
291 1623 425 1661 morte
457 1619 716 1661 Allexandri.
766 1618 1021 1661 Allexander
1054 1631 1148 1660 cum
1181 1618 1395 1674 sepultura
1427 1617 1526 1672 ejus.
1577 1617 1778 1669 (Alexan-

196 1689 292 1732 ders
323 1689 577 1744 begrabnis.)
624 1690 696 1733 lat.
722 1691 791 1732 31.

196 1760 260 1803 De
292 1761 508 1803 arboribus
542 1765 583 1803 et
613 1761 664 1803 de
686 1760 886 1802 uxoribus
909 1760 1135 1815 suspensis.
1184 1759 1328 1801 Refert
1343 1758 1534 1801 Valerius
1558 1759 1666 1813 quod
1690 1759 1778 1812 qui-

196 1831 294 1874 dam
325 1844 453 1874 senex
483 1831 599 1874 flens.
649 1831 971 1884 (Hangebaum.)
1019 1830 1091 1871 lat.
1117 1831 1186 1871 33.

197 1901 261 1944 De
292 1902 436 1955 regina
469 1905 510 1944 et
542 1901 701 1943 duobus
733 1901 842 1943 filiis.
890 1900 1078 1955 PypInus
1111 1900 1303 1954 regnavit
1333 1899 1375 1940 in
1402 1899 1570 1942 civitate
1591 1911 1776 1940 romana.

197 1971 426 2024 (Stiefkind
458 1972 542 2014 und
573 1972 818 2023 leibliches.)
870 1972 942 2013 lat.
972 1973 1067 2013 116.

197 2041 260 2085 De
292 2042 492 2097 Dyogene
534 2042 802 2097 philosopho,
842 2041 1100 2084 Allexandro
1134 2043 1175 2082 et
1205 2041 1292 2082 vita
1323 2042 1477 2081 nostra.
1531 2038 1673 2081 Refert
1705 2036 1778 2080 Sa-

196 2116 358 2154 turnus.
408 2112 632 2166 (Diogenes
665 2113 750 2154 und
781 2112 1053 2163 Alexander.)
1103 2123 1232 2164 germ.
1262 2110 1329 2151 15.

196 2182 261 2225 De
292 2182 506 2225 sacrificio.
554 2183 697 2225 Refert
717 2181 908 2224 Valerius
942 2182 984 2223 in
1017 2181 1144 2223 tercio
1167 2180 1287 2221 libro.
1336 2178 1514 2230 (Kohle.)
1559 2191 1687 2232 germ.
1711 2178 1776 2219 16.

196 2252 261 2296 De
293 2252 439 2295 arbore
467 2253 622 2296 infecta
643 2256 684 2295 et
704 2252 827 2295 beata
848 2252 1022 2305 virgine.
1066 2250 1182 2292 Sicut
1202 2253 1275 2305 ayt
1294 2249 1509 2292 Polimius.
1550 2247 1778 2301 (Theriak.)

199 2337 328 2377 germ.
358 2324 423 2364 17.

196 2392 261 2436 De
291 2393 487 2449 ymagine
526 2396 568 2434 et
599 2406 726 2446 regno
759 2392 903 2434 mundi
936 2396 977 2434 et
1008 2404 1144 2447 pomo.
1199 2390 1342 2432 Refert
1373 2388 1613 2432 allexander
1644 2386 1778 2443 philo-

199 2463 366 2519 sophus.
415 2462 586 2516 (Virgils
618 2462 727 2514 bild3
759 2461 900 2517 apfel.)
945 2475 1074 2515 germ.
1102 2462 1167 2503 18.

196 2533 262 2577 De
291 2534 433 2576 anima
464 2533 655 2576 adultera
686 2535 727 2574 et
759 2532 1005 2574 auctoritate
1031 2532 1165 2587 patris
1188 2534 1229 2573 et
1248 2530 1336 2572 filii.
1385 2529 1491 2571 Erat
1512 2527 1678 2582 quidam
1701 2527 1778 2568 im-

198 2607 379 2659 perator.
428 2603 558 2655 (Sohn
590 2603 725 2645 todtet
754 2605 909 2644 mutter
940 2602 1086 2654 nicht.)
1133 2601 1205 2643 lat.
1235 2602 1331 2642 100.

198 2673 327 2716 Rome
349 2676 574 2729 patuerunt
595 2672 773 2728 hyancia
793 2671 968 2714 infinita.
991 2672 1057 2714 .In
1080 2672 1215 2714 medio
1237 2683 1365 2712 rome.
1410 2667 1622 2720 (Anilius.)
1659 2665 1778 2718 (Cur-

197 2744 312 2796 tius.)
358 2743 430 2785 lat.
454 2744 524 2785 43.

198 2813 262 2856 De
293 2813 433 2868 puella
461 2816 502 2856 et
522 2812 783 2868 pedissequa.
831 2811 938 2854 Erat
958 2812 1127 2866 quidam
1150 2812 1388 2866 imperator.
1440 2805 1777 2860 (Kaisertochter,

198 2882 382 2938 pallast.)
429 2895 558 2936 germ.
584 2882 654 2923 22.
