1919 3157
870 77 949 117 641

78 180 221 222 liorem
261 180 408 233 altero,
456 182 552 235 quia
596 182 782 236 potencia
821 181 956 235 sepius
998 186 1059 221 est
1098 193 1219 222 causa
1261 183 1488 236 iniquitatis
1527 184 1604 224 nisi
1644 183 1742 225 bene

78 255 230 293 utatur.
283 250 442 295 Deinde
481 265 504 294 a
535 252 710 294 secundo
743 250 824 293 filio
863 252 1038 306 quesivit
1069 265 1187 306 quem
1221 251 1342 294 vellet
1372 253 1459 308 ipse
1491 253 1638 296 habere
1670 267 1743 309 pro

79 321 154 365 deo
185 336 270 364 suo.
326 322 403 373 Qui
435 323 665 378 respondit:
707 321 940 364 Saturnum.
994 322 1047 364 Et
1077 335 1168 364 cum
1201 335 1364 364 causam
1398 329 1584 378 quereret
1616 329 1742 379 pater,

79 392 186 436 filius
218 394 430 449 respondit
462 408 553 436 eum
586 407 674 436 esse
706 394 1001 449 sapienciorem
1036 393 1126 435 aliis
1151 393 1240 435 diis.
1288 394 1361 436 Ait
1391 400 1524 450 pater:
1558 395 1649 449 Fili,
1681 409 1745 438 sa-

78 464 240 520 piencia
276 477 356 506 non
395 465 493 507 facit
533 479 657 507 unum
698 465 816 507 deum
857 464 1065 507 meliorem
1106 463 1233 506 altero
1267 465 1361 518 quia
1402 479 1497 521 sepe
1538 467 1746 522 sapiencia

79 540 141 578 est
170 548 294 578 causa
315 536 557 590 iniquitatis,
591 536 687 590 quia
717 535 835 577 multi
858 536 1064 590 sapientes
1087 540 1340 578 corruerunt.
1389 536 1548 580 Deinde
1571 538 1746 592 quesivit

79 619 104 649 a
133 607 260 649 tercio
291 606 374 649 filio
416 621 535 662 quem
575 608 662 662 ipse
700 606 823 649 vellet
854 620 926 662 pro
959 606 1032 649 deo
1065 620 1150 648 suo.
1203 606 1448 662 Respondit:
1484 608 1744 650 Mercurium.

77 676 133 720 Et
169 691 260 721 cum
303 691 467 720 causam
508 679 752 733 quesivisset
781 682 917 733 pater,
959 677 1064 719 dixit
1095 677 1202 720 filius
1235 679 1480 721 mercurium
1515 693 1601 722 esse
1633 680 1745 735 pium

79 753 121 791 et
155 749 473 792 misericordem.
534 749 608 792 Cui
647 753 783 804 pater:
825 749 930 791 Vere
968 748 1046 802 fili,
1095 748 1198 791 bene
1238 749 1409 803 elegisti.
1476 750 1613 793 Pietas
1649 751 1748 792 facit

78 833 204 862 unum
236 820 356 862 deum
387 820 602 863 meliorum
635 820 782 874 altero⁷
824 820 919 875 quia
951 820 1081 875 pietas
1114 820 1214 861 nulli
1248 826 1310 862 est
1340 822 1495 863 nociva.
1556 821 1634 864 Sed
1675 822 1747 864 ka-

78 891 240 934 rissime
277 891 334 933 fili
374 892 409 934 si
440 905 544 934 unus
576 895 683 934 esset
713 895 857 947 potens
889 896 929 933 et
960 891 1124 946 sapiens
1157 895 1197 933 et
1227 892 1340 946 pius,
1373 892 1467 935 talis
1498 897 1638 948 posset
1668 893 1748 935 dici

79 962 178 1005 deus
210 963 391 1006 deorum.
448 962 596 1005 Statim
628 962 931 1005 fabricaverunt
963 962 1040 1005 sibi
1072 976 1195 1004 unam
1228 963 1538 1006 similitudinem
1570 964 1746 1006 hominis

78 1033 232 1076 habens
264 1033 349 1076 alas
382 1038 422 1076 et
453 1034 564 1076 illam
597 1034 828 1089 ymaginem
861 1033 1049 1077 colebant
1084 1048 1158 1089 pro
1190 1034 1264 1076 deo
1297 1048 1383 1077 suo.
1430 1035 1485 1077 Et
1516 1035 1749 1078 scribebant

78 1104 121 1146 in
151 1118 232 1147 una
263 1104 346 1147 ala:
380 1105 424 1148 In
456 1109 618 1161 pectore
650 1109 855 1162 exspecto.
903 1105 948 1147 In
980 1105 1158 1148 secunda
1189 1105 1274 1148 ala:
1307 1105 1499 1148 Remitto.

194 1178 415 1219 Moralitas
445 1178 679 1219 Isaris-simi.
735 1176 812 1220 Per
850 1177 950 1219 istos
987 1181 1070 1220 tres
1109 1177 1214 1220 filios
1246 1178 1326 1220 tria
1357 1190 1507 1231 genera
1537 1177 1748 1219 hominum

78 1247 271 1290 debemus
317 1247 556 1302 intelligere.
619 1247 697 1290 Per
738 1248 912 1304 primum
953 1247 1082 1290 filium
1124 1248 1370 1291 Sarracenos
1410 1252 1451 1291 et
1487 1248 1640 1291 Judeos
1681 1249 1749 1304 qui

78 1332 203 1370 unum
251 1319 371 1362 deum
418 1319 589 1362 credunt
635 1319 954 1374 omnipotentem
1002 1333 1077 1362 nec
1122 1319 1431 1362 distinccionem
1478 1333 1748 1376 personarum

79 1394 248 1446 ponunt.
302 1390 381 1433 Per
412 1391 512 1432 istos
543 1390 769 1446 poterimus
803 1390 1004 1444 assignari
1035 1391 1178 1433 mundi
1210 1396 1396 1447 potentes
1429 1391 1498 1446 qui
1529 1395 1614 1434 toto
1646 1395 1749 1434 tem-

78 1474 178 1518 pore
215 1462 297 1504 vite
335 1475 407 1504 sue
445 1461 495 1503 ad
526 1461 603 1504 hoc
631 1461 943 1515 laboraverunt,
983 1465 1029 1504 ut
1067 1466 1254 1518 potentes
1292 1463 1508 1505 videantur
1549 1462 1670 1504 verbo
1710 1466 1750 1505 et

79 1545 214 1589 opere.
267 1532 387 1575 Tales
427 1536 522 1575 sunt
560 1533 724 1588 superbi
763 1533 833 1588 qui
871 1546 1032 1588 semper
1072 1533 1213 1576 volunt
1251 1534 1393 1576 videri.
1455 1533 1607 1576 Contra
1645 1533 1748 1576 tales

79 1603 178 1647 dicit
205 1603 437 1659 psalmista:
470 1603 564 1646 Vidi
596 1603 771 1660 Impium
804 1617 927 1659 super
949 1603 1173 1647 exaltatum
1200 1609 1274 1647 etc.
1321 1604 1458 1647 Nolite
1480 1618 1575 1659 ergo
1599 1605 1748 1659 eligere

77 1675 307 1731 potenciam
347 1675 566 1717 humanam
607 1676 703 1730 quia
736 1675 844 1717 fallit
880 1675 1099 1718 hominem.
1155 1675 1234 1718 Per
1265 1676 1487 1719 secundum
1518 1676 1647 1718 filium
1679 1676 1747 1719 de-

78 1746 222 1789 bemus
262 1746 490 1800 intelligere
528 1746 670 1788 mundi
710 1747 938 1802 sapientes,
978 1747 1074 1789 licet
1113 1750 1252 1789 tamen
1293 1747 1343 1790 de
1372 1751 1484 1790 terra
1523 1747 1606 1789 sint
1637 1747 1749 1790 etin

78 1817 289 1873 pulverem
306 1822 612 1872 convertuntur,
646 1822 784 1860 tamen
806 1831 967 1873 semper
987 1818 1029 1860 in
1052 1819 1261 1874 sapiencia
1291 1833 1365 1861 sua
1395 1819 1651 1861 delectantur
1672 1832 1749 1874 que

78 1892 215 1932 tamen
248 1893 310 1932 est
340 1889 589 1931 transitoria.
642 1888 697 1931 Et
718 1888 849 1932 adhuc
869 1889 972 1932 tales
1005 1894 1100 1932 sunt
1121 1890 1190 1945 qui
1212 1890 1355 1933 volunt
1374 1890 1504 1933 videri
1527 1890 1745 1945 sapientes.

79 1959 232 2003 Contra
261 1960 364 2003 tales
397 1960 455 2002 ait
487 1961 711 2016 scriptura:
750 1959 926 2003 Perdam
959 1960 1210 2016 sapienciam
1243 1961 1510 2017 sapienciam.
1557 1961 1635 2004 Per
1665 1966 1748 2004 ter—

79 2031 186 2074 cium
217 2031 345 2074 filium
379 2031 572 2074 debemus
603 2031 833 2085 intelligere
875 2031 1002 2074 bonos
1035 2031 1262 2075 Cristianos
1302 2037 1342 2075 et
1382 2032 1447 2074 dei
1489 2032 1638 2075 electos
1678 2033 1747 2088 qui

80 2102 235 2157 eligunt
277 2103 392 2159 pium
435 2103 556 2146 deum
602 2106 644 2145 et
689 2107 947 2146 mansuetum
995 2116 1050 2146 sc.
1091 2104 1302 2146 dominum
1350 2108 1535 2146 nostrum
1583 2103 1746 2146 lhesum

79 2173 259 2217 Cristum
289 2187 363 2230 per
394 2187 518 2230 opera
548 2174 727 2230 pietatis.
777 2174 887 2229 Ergo
919 2188 970 2218 ex
1003 2188 1082 2230 quo
1114 2175 1213 2218 deus
1247 2178 1308 2217 est
1339 2174 1518 2230 sapiens,
1556 2174 1676 2217 fortis
1708 2178 1748 2217 et

79 2245 186 2301 piae,
218 2259 310 2289 eum
343 2245 578 2300 allegamus.

750 2498 850 2553 244,
884 2510 987 2553 app.
1009 2497 1083 2540 48.

195 2599 300 2643 Erat
338 2599 433 2642 olim
471 2600 512 2642 in
544 2599 728 2655 partibus
761 2598 963 2654 aquilonis
995 2597 1115 2639 homo
1147 2597 1312 2652 quidam
1343 2596 1493 2639 nobilis
1525 2609 1572 2638 ac
1602 2598 1747 2651 potens

82 2674 122 2713 et
151 2671 307 2714 deliciis
339 2670 552 2723 affluebat3
584 2684 688 2713 uxor
719 2670 804 2724 ejus
837 2669 886 2712 de
918 2669 1178 2722 magnatibus
1210 2673 1319 2712 terre
1351 2681 1427 2722 que
1459 2666 1629 2722 pulchra
1661 2670 1748 2708 erat

80 2741 199 2785 valde
245 2746 286 2785 et
330 2741 456 2784 oculis
503 2742 682 2784 omnium
731 2741 918 2795 graciosa
954 2739 1142 2795 concepit
1179 2743 1220 2782 et
1256 2739 1380 2781 filiam
1430 2737 1746 2793 pulcherrimam

81 2813 233 2867 genuit.
292 2813 431 2856 Crevit
471 2825 570 2867 puer
611 2816 651 2855 et
689 2825 781 2855 cum
822 2811 872 2853 ad
904 2814 1053 2853 etatem
1086 2809 1267 2852 adultam
1298 2809 1552 2866 pervenisset
1587 2811 1749 2850 mortua

82 2887 144 2926 est
174 2884 317 2938 regina
347 2885 445 2936 ista3
479 2884 702 2939 imperator
735 2896 806 2938 per
837 2881 975 2938 plures
1007 2880 1093 2923 dies
1125 2884 1297 2924 mortem
1329 2881 1414 2935 ejus
1447 2879 1619 2935 planxit.
1668 2879 1748 2922 Ac-

4 2958 6 2960 ’
82 2954 182 2997 cidit
210 2969 290 2997 uno
323 2955 388 2997 die
421 2954 528 3009 quod
560 2959 676 3010 pater
707 2954 893 3008 injiceret
930 2951 1068 2995 oculos
1109 2952 1150 2994 in
1181 2952 1307 2994 filiam
1347 2956 1387 2994 et
1424 2954 1568 3006 captus
1607 2954 1670 2992 est
1707 2950 1748 2992 in

143 3035 364 3074 Oesterley.
387 3036 478 3064 Gesta
498 3036 705 3063 Romanorum.
1426 3026 1470 3060 41
