1949 3162
931 71 1016 113 700

135 176 297 219 Caritas
329 175 483 218 Christi
511 178 644 218 nimia
674 176 742 218 92.

135 247 240 290 Caro
271 256 413 289 nostra
446 248 559 289 debet
590 248 719 303 liqari
748 248 878 289 tribus
910 248 1088 289 cathenis
1120 247 1187 289 27.

135 318 240 360 Caro
285 327 429 360 nostra
476 320 621 360 totiens
668 320 916 360 adulterium
967 321 1197 370 committit,
1257 321 1442 374 quotiens
1479 335 1560 375 per
1598 327 1815 376 peccatum

222 406 248 430 a
279 391 352 430 deo
385 390 497 430 cadit
529 389 624 430 102.

134 460 400 516 Carpentarii
430 461 603 501 camisia
636 475 764 515 quare
795 461 951 501 locione
980 475 1064 500 non
1094 461 1276 516 indiquit
1306 460 1373 502 69.

134 531 308 574 Carnem
337 539 522 573 nostram
553 545 792 572 mensurare
825 530 1011 571 debemus
1044 539 1242 585 quantum
1273 532 1448 587 deliquit
1478 532 1546 573 70.

135 602 293 644 Canum
323 603 574 643 currentium
607 610 786 656 quatuor
813 616 965 656 'qenera
997 601 1117 643 habet
1147 602 1336 643 diabolus
1371 601 1466 643 142.

134 672 367 714 Castitatem
400 675 438 713 si
467 687 631 713 servare
661 673 849 714 volumus
882 673 984 727 quid
1003 672 1213 726 faciemus
1245 672 1299 713 28
1331 674 1377 713 in
1398 673 1495 726 fine.

135 743 324 786 Castrum
355 746 553 785 amissum
579 759 660 800 per
691 746 773 784 tria
804 745 894 798 repsi
922 745 1154 784 restituitur
1187 743 1281 784 130.

134 814 312 857 Cathena
345 816 504 871 triplici
533 815 724 856 diabolus
751 830 830 870 per
860 829 934 855 nos
968 815 1122 870 liqatur
1156 814 1237 854 174
1268 816 1313 855 in
1334 814 1432 866 fine.

134 885 343 928 Cautelam
375 886 518 927 habuit
552 887 724 941 quidam
749 887 949 941 princeps
981 894 1125 926 contra
1156 886 1286 926 hostes
1317 900 1412 926 suos
1445 884 1513 925 88.

134 956 301 998 Cautela
334 958 493 998 diaboli
522 971 605 1012 qua
636 958 766 997 utitur
798 957 895 996 dum
925 971 1000 997 nos
1033 957 1218 1012 decipere
1248 958 1386 997 nescit.
1437 955 1608 996 Ibidem.

135 1027 383 1069 Claustrales
416 1042 545 1083 quare
581 1027 757 1082 Tyberio
791 1036 1015 1082 operantur
1045 1028 1114 1069 44.

134 1098 332 1140 Claudius
363 1114 436 1140 rea*
463 1098 603 1150 filiam
641 1100 807 1138 unicam
839 1098 982 1139 habuit
1014 1113 1137 1153 quam
1171 1097 1338 1140 Socrati
1365 1097 1613 1154 philosopho
1639 1104 1818 1153 propter

220 1172 468 1226 sapientiam
501 1170 599 1224 quia
634 1170 802 1210 divitias
834 1184 918 1210 non
949 1171 1110 1210 curavit
1140 1171 1405 1225 desponsavit
1436 1169 1503 1210 61.

134 1240 256 1283 Cibus
287 1243 503 1282 demonum
535 1249 591 1282 est
616 1249 831 1296 peccatum
863 1240 901 1281 9.

134 1311 397 1354 Ciconiarum
425 1320 580 1353 natura
611 1313 660 1352 de
693 1313 874 1353 vindicta
904 1312 1102 1353 adulterii
1132 1311 1199 1352 82.

134 1382 309 1439 Ciphum
339 1383 508 1424 abstulit
538 1384 708 1438 anqelus
740 1399 765 1424 a
798 1384 979 1438 quodam
1011 1385 1096 1424 cive
1124 1385 1345 1438 pereyrino
1378 1384 1522 1424 comite
1554 1381 1622 1423 80.

134 1453 350 1496 Cristallus
381 1457 426 1496 in
456 1454 661 1496 montibus
694 1455 797 1509 quid
817 1455 870 1507 fit
904 1454 996 1495 162.

135 1527 256 1567 C'ecus
289 1535 325 1567 et
355 1527 528 1567 claudus
560 1540 733 1566 munera
763 1527 971 1581 recipiunt
1003 1525 1070 1566 71.

135 1597 377 1639 Columnam
408 1612 682 1638 marmoream
706 1597 893 1653 populus
927 1596 1141 1637 Romanus
1173 1598 1302 1637 erexit
1331 1595 1399 1637 97.

135 1669 331 1710 Columba
362 1670 518 1710 litteras
543 1667 744 1724 portabat
773 1670 933 1709 civitati
963 1667 1119 1709 obsesse
1150 1667 1217 1708 38.

135 1741 374 1781 Convivium
405 1754 601 1795 maynum
630 1754 704 1780 reoe
722 1739 889 1794 fecerat
918 1739 986 1779 71.

135 1812 309 1853 Convive
339 1826 474 1866 reyem
505 1813 661 1852 tristem
690 1811 870 1851 videntes
902 1810 1258 1851 commovebantur
1291 1809 1386 1850 143.

135 1883 318 1924 Conradi
344 1897 516 1937 reanum
548 1881 616 1923 20.

135 1955 349 1995 Conradus
394 1955 623 2009 imperator
669 1954 830 1994 audivit
877 1952 1008 1994 tribus
1053 1952 1210 1993 vicibus
1261 1953 1425 2008 accipe,
1481 1951 1613 1993 tribus
1656 1951 1815 1993 vicibus

218 2026 343 2065 redde
375 2033 408 2065 et
439 2024 570 2065 tribus
601 2025 758 2065 vicibus
778 2024 910 2079 βαρεῖ,-
945 2025 1047 2079 quid
1076 2026 1157 2065 ista
1187 2026 1271 2065 sint
1298 2025 1392 2064 vide
1422 2022 1479 2064 20
1510 2024 1567 2064 ad
1586 2023 1726 2075 finem.

135 2097 213 2138 Cor
243 2097 352 2151 reyis
382 2097 603 2137 intoxicati
633 2095 818 2137 comburi
846 2110 931 2136 non
957 2097 1095 2150 potuit
1125 2094 1193 2135 23.

135 2168 213 2208 Cor
244 2167 402 2208 acicule
433 2168 592 2208 comedi
618 2167 861 2223 prohibetur
891 2166 959 2207 34.

135 2239 213 2280 Cor
242 2239 287 2278 in
319 2238 480 2279 homine
512 2239 609 2279 deus
642 2240 774 2294 mayis
807 2238 945 2293 diliyz't
978 2253 1102 2292 (susim
1134 2245 1265 2278 cetera
1295 2236 1476 2278 membra
1508 2235 1576 2277 83.

134 2310 211 2350 Cor
241 2317 427 2350 nostrum
459 2311 569 2350 vitiis
602 2309 810 2350 obsidetur
840 2308 908 2349 98.

134 2382 320 2436 Corpora
351 2395 553 2422 venenosa
578 2389 755 2436 propter
784 2381 959 2420 nimiam
977 2379 1265 2435 friyiditatem
1297 2387 1437 2421 carent
1464 2378 1668 2420 vermibus
1700 2377 1768 2419 32.

135 2452 337 2493 Coronam
369 2467 538 2507 carpere
569 2460 626 2493 est
658 2454 809 2492 civium
842 2451 946 2505 leyes
976 2451 1272 2506 reprehendere
1304 2450 1371 2491 34.

135 2524 316 2564 Coronas
349 2531 428 2563 tres
462 2523 606 2577 offerre
638 2523 824 2564 debemus
857 2522 988 2563 tribus
1019 2522 1183 2576 reyibus
1215 2521 1283 2562 47.

133 2591 286 2646 [163b]
342 2595 545 2635 Coronam
596 2594 783 2635 debemus
826 2595 996 2634 reddere
1038 2593 1134 2650 filio
1187 2593 1256 2633 dei
1303 2592 1527 2648 multiplici
1574 2592 1623 2632 de
1673 2606 1811 2632 causa.

220 2664 390 2706 Ibidem.

135 2736 293 2792 Corpus
325 2736 512 2790 defuncti
540 2738 649 2792 reqis
682 2750 810 2791 quare
841 2737 890 2776 de
923 2735 1180 2790 sarcophayo
1213 2735 1443 2776 extrahitur
1473 2733 1542 2775 45.

135 2809 292 2862 Corpus
323 2809 611 2863 incorruptum
643 2815 679 2848 et
710 2809 935 2847 maaeimum
968 2807 1098 2847 Rome
1127 2808 1335 2847 invenitur
1370 2804 1463 2846 158.

136 2879 271 2919 Cornu
311 2880 637 2919 decentissimum
676 2886 837 2919 nectare
874 2878 1073 2933 repletum
1113 2893 1139 2918 a
1171 2878 1352 2932 quodam
1386 2877 1595 2931 incoynito
1633 2874 1816 2916 traditur

220 2949 482 2991 venatoribus
515 2951 560 2990 in
594 2949 764 3005 Anqlia,
799 2949 1028 3004 ea'emplum
1059 2947 1292 2989 delectabile
1326 2947 1421 2988 161.
