1919 3157
867 110 952 150 415

68 207 214 250 stabat.
268 209 339 251 Ait
362 223 466 251 unus
489 211 606 253 miles
629 214 735 266 regi:
767 213 955 267 Domine,
979 229 1059 257 non
1084 217 1234 258 auditis
1256 218 1378 260 istam
1400 218 1742 263 lamentacionem

66 278 108 320 in
138 291 300 321 carcere
332 280 439 322 inter
471 288 643 324 matrem
679 289 718 325 et
749 284 904 326 tilium?
959 287 1013 328 At
1046 287 1132 329 ille:
1176 287 1331 340 Eciam,
1364 290 1519 344 optime
1552 292 1672 333 audio
1706 296 1746 334 et

67 349 125 391 eis
156 351 402 406 compacior.
467 352 619 395 Milites
652 354 863 397 dixerunt:
899 356 1087 403 Domine,
1121 372 1325 411 rogam-as,
1359 365 1403 401 ut
1434 360 1504 402 tiat
1527 362 1583 403 eis
1607 363 1746 416 gracia

65 423 106 462 et
136 421 428 464 misericordia.
493 424 647 474 Quibus
680 426 785 468 dixit>
815 440 906 469 rex:
944 428 1005 470 Ad
1030 442 1170 484 preces
1201 434 1358 472 vestras
1391 432 1580 474 concedo.
1645 435 1744 475 Am-

65 490 218 547 bosque
250 493 299 535 de
332 507 493 536 carcere
527 496 768 541 eduxerunt.
803 498 852 540 ab
886 500 996 540 omni
1032 513 1137 555 pena
1168 500 1459 543 liberaverunt.
1769 513 1790 548 5

182 562 416 617 Carissimi,
464 566 539 608 iste
587 568 812 623 imperator
852 575 913 610 est
952 575 1070 625 pater
1109 571 1293 624 celestis,
1340 573 1407 626 qui
1449 574 1569 616 istam
1612 575 1743 629 legem

64 632 195 686 dedit,
235 634 342 689 quod
381 636 414 677 si
455 637 622 685 mulier,
665 639 689 680 i.
714 653 747 681 e.
783 641 921 681 anima
959 641 1034 683 sub
1066 642 1153 683 viro
1194 642 1220 683 i.
1244 656 1277 684 e.
1312 642 1475 685 Christo
1515 645 1639 687 fuerit
1672 660 1745 701 per

63 709 275 759 peccatum
310 707 482 749 mortale
516 709 757 762 adulterata,
793 716 991 766 perpetuo
1024 713 1178 754 carceri
1211 713 1401 755 infernali
1428 715 1741 769 adjudicabitur.

63 774 242 818 Domina
272 777 353 819 ista
383 778 424 819 in
457 793 618 822 carcere
655 780 769 822 flevit
809 795 967 835 amare,
1010 788 1051 825 et
1089 785 1242 838 quare?
1297 784 1416 827 Certe
1449 786 1544 839 quia
1576 787 1745 830 violavit

63 847 242 889 animam
285 862 422 902 suam,
464 864 632 904 regnum
676 857 860 894 eternum
895 854 1094 908 perdidit,
1132 859 1314 896 sanctam
1350 855 1562 898 ecclesiam
1597 858 1742 914 depra—
1769 867 1813 902 10

62 918 196 971 vavit,
237 919 477 974 virtutibus,
516 936 616 976 quas
654 924 694 965 in
729 924 934 979 baptismo
967 926 1142 980 recepit,
1187 940 1257 981 per
1288 932 1501 981 peccatum
1535 929 1739 984 spoliavit.

63 987 187 1042 Puer,
229 990 298 1044 qui
337 991 461 1034 dixit:
506 993 613 1035 Dum
655 994 787 1036 cibum
822 995 1023 1050 habuero,
1062 996 1188 1038 michi
1220 997 1356 1052 placet
1387 998 1452 1041 hic
1485 1013 1740 1055 permanere,

60 1065 156 1102 sunt
178 1062 319 1103 mundi
343 1068 531 1117 potentes
555 1069 595 1106 et
627 1065 789 1119 divites,
826 1067 895 1122 qui
929 1067 1088 1109 dicunt:
1124 1068 1167 1110 Si
1201 1069 1300 1111 deus
1323 1069 1440 1112 daret
1461 1071 1519 1112 eis
1541 1072 1738 1114 mundum

60 1135 101 1173 et
140 1145 214 1187 pro
247 1132 458 1176 voluntate
489 1136 624 1177 carnis
665 1136 851 1191 delicias,
892 1138 1029 1181 lumen
1070 1139 1145 1181 celi
1177 1153 1402 1194 numquam
1435 1141 1737 1195 desiderarent3

59 1201 109 1244 de
131 1202 283 1246 talibus
307 1204 424 1247 valde
447 1205 665 1248 dolendum
701 1213 774 1250 est.
838 1209 968 1263 Miles,
1003 1210 1072 1264 qui
1104 1211 1356 1264 stetitjuxta
1378 1211 1572 1267 hostium,
1605 1218 1739 1268 potest
1767 1222 1809 1257 15

59 1272 139 1314 dici
171 1273 300 1317 bonus
333 1276 536 1331 prelatus,
570 1279 637 1332 qui
672 1278 794 1321 habet
825 1294 898 1335 pro
932 1281 1215 1336 peccatoribus
1248 1282 1392 1324 intime
1425 1283 1544 1325 deum
1578 1298 1736 1339 rogare,

57 1347 103 1386 ut
142 1344 211 1407 det
248 1346 306 1388 eis
344 1347 525 1401 graciam
565 1362 588 1390 a
627 1362 788 1393 carcere
828 1352 984 1406 peccati
1021 1366 1256 1408 resurgere,
1306 1354 1414 1408 quod
1454 1359 1648 1410 poterunt
1685 1356 1737 1399 ad

58 1419 242 1459 eternam
274 1418 403 1460 vitam
435 1419 605 1474 intrare,
639 1434 760 1475 quam
794 1427 869 1465 etc.

732 1651 834 1693 CAP.
861 1653 928 1694 87.
963 1653 1066 1705 (79.)

311 1734 447 1794 Quod
485 1737 686 1784 Christus
722 1754 768 1784 se
802 1754 887 1799 pro
925 1739 1056 1785 nobis
1091 1743 1228 1786 morti
1263 1744 1478 1802 eaeposuz‘t.
1759 1753 1804 1788 20

169 1840 343 1891 Quidam
384 1844 630 1900 imperator,
672 1847 741 1902 qui
780 1847 821 1888 in
863 1848 1041 1902 quodam
1079 1848 1185 1890 bello
1217 1850 1381 1892 mortali
1415 1851 1626 1905 expositus
1655 1851 1735 1893 fuit

53 1917 309 1968 mortemque
337 1916 405 1957 vix
428 1917 563 1971 potuit
595 1917 781 1970 evadere,
815 1918 922 1972 quod
955 1920 1187 1974 percipiens
1210 1921 1375 1974 quidam
1400 1922 1517 1964 miles
1541 1926 1732 1964 strenuus

51 1983 300 2040 interposuit
340 2000 384 2029 se
416 1987 571 2030 scilicet
602 1989 709 2030 inter
743 1989 1034 2044 imperatorem
1069 1995 1109 2032 et
1140 1991 1276 2033 hostes
1309 1992 1409 2046 ejus,
1443 1997 1484 2035 et
1514 1994 1572 2035 ita
1603 1994 1733 2049 impe-

52 2059 165 2096 rator
196 2058 328 2099 evasit
359 2058 447 2100 sine
469 2058 636 2112 lesione,
670 2059 788 2102 miles
821 2065 956 2102 autem
991 2075 1065 2116 pro
1089 2075 1135 2104 eo
1168 2063 1332 2105 diversa
1364 2063 1534 2106 vulnera
1562 2065 1731 2120 recepit,

52 2129 93 2168 et.
130 2132 295 2170 curatus
335 2134 398 2171 est
437 2142 528 2171 cum
567 2143 719 2183 magna
758 2131 1019 2186 difficultate,
1062 2131 1151 2187 [74]
1195 2137 1334 2176 tamen
1366 2135 1577 2177 cicatrices
1610 2136 1651 2177 in
1685 2149 1730 2178 eo
1757 2142 1801 2177 25

51 2209 215 2253 semper
252 2205 587 2255 permanserunt,
627 2205 668 2243 et
705 2201 755 2244 ab
795 2202 985 2245 omnibus
1027 2208 1090 2245 est
1128 2205 1458 2259 commendatus,
1500 2206 1607 2260 quod
1647 2211 1730 2248 tam

51 2269 213 2323 egregie
247 2283 318 2325 pro
351 2270 516 2312 domino
549 2285 621 2314 suo
662 2278 899 2328 pugnasset.
971 2274 1135 2316 Accidit
1165 2280 1330 2331 postea,
1372 2277 1479 2331 quod
1511 2277 1581 2319 ille
1612 2277 1730 2320 miles

51 2338 259 2383 debuisset
296 2341 567 2384 hereditatem
606 2356 722 2385 suam
764 2344 916 2398 injuste
962 2346 1170 2398 amittere3
1221 2347 1395 2389 accessit
1433 2347 1485 2389 ad
1522 2348 1728 2403 prefatum

50 2410 363 2466 imperatorem,
404 2414 584 2467 rogavit,
627 2418 673 2456 ut
710 2428 802 2457 eum
837 2416 1003 2469 juvaret
1041 2421 1082 2458 et
1121 2418 1373 2460 sentenciam
1414 2431 1487 2472 pro
1520 2432 1566 2461 eo
1598 2420 1726 2462 daret.

50 2481 107 2523 At
137 2481 224 2524 ille:
265 2482 506 2538 Carissime,
541 2498 621 2526 non
654 2498 821 2540 possum
855 2487 929 2528 tibi
962 2487 1012 2528 ad
1045 2501 1215 2542 presens
1248 2489 1478 2543 attendere,
1519 2490 1591 2532 sed
1623 2490 1727 2532 dabo
1753 2497 1798 2531 30

50 2551 124 2594 tibi
150 2553 354 2607 judicem,
396 2555 464 2610 qui
505 2568 670 2597 causam
713 2561 824 2598 tuam
860 2558 1114 2600 examinabit
1146 2563 1205 2612 et,
1247 2560 1353 2614 quod
1387 2560 1546 2614 justum
1588 2561 1726 2615 fuerit,

49 2622 183 2665 faciet.
253 2625 310 2667 At
347 2624 436 2667 ille:
478 2625 510 2668 O
551 2626 734 2680 domine,
775 2641 847 2670 cur
879 2629 979 2670 talia
1010 2629 1137 2671 dicis?
1185 2629 1334 2671 Statim
1367 2644 1503 2672 coram
1538 2631 1727 2674 omnibus

50 2694 189 2736 omnia
228 2695 474 2738 vestimenta
511 2710 586 2739 sua
625 2697 867 2740 dilaceravit
907 2704 947 2741 et
985 2713 1112 2754 usque
1151 2700 1202 2742 ad
1235 2700 1384 2742 nudam
1419 2715 1583 2744 carnem
1621 2703 1727 2744 cica-

49 2764 171 2807 trices
203 2765 418 2808 vulnerum
451 2768 488 2810 ei
521 2767 712 2821 ostendit,
745 2769 904 2811 dicens:
938 2770 1058 2824 Ecce,
1090 2770 1187 2825 quid
1220 2772 1396 2813 sustinui
1428 2786 1502 2826 pro
1534 2776 1587 2826 te,
1621 2777 1661 2815 et
1682 2778 1726 2815 tu

48 2847 130 2877 non
161 2836 223 2878 vis
254 2850 329 2892 pro
350 2850 415 2880 me
440 2838 627 2892 judicare
657 2852 731 2881 nec
752 2853 817 2882 me
842 2841 1014 2894 juvare?
1058 2841 1202 2895 Estne,
1233 2842 1380 2896 inquit,
1407 2843 1580 2897 justum,
1613 2849 1726 2899 post·
1750 2849 1795 2884 35

50 2917 170 2960 quam
203 2910 362 2949 tantum
397 2922 470 2964 pro
502 2913 544 2952 te
575 2909 774 2964 sustinui,
815 2915 860 2953 ut
890 2911 1015 2965 alius,
1055 2925 1177 2966 quam
1218 2916 1263 2954 tu
1295 2913 1404 2968 ipse,
1443 2914 1497 2955 sit
1526 2914 1567 2956 in
1600 2927 1725 2957 causa

38 2988 141 3018 mea
164 2976 294 3031 judex
327 2983 368 3021 et
398 2979 619 3022 advocatus
651 2995 726 3036 pro
759 2982 849 3024 me?
906 2982 1134 3038 Imperator
1166 2983 1242 3025 hoc
1274 2984 1444 3026 audiens
1478 2985 1554 3027 ait:
1593 2984 1626 3027 O
1658 2998 1725 3027 ca-
