1949 3162
113 1051 155 1084 10

115 1413 155 1446 15

113 2122 157 2155 25

115 2478 159 2511 30

981 87 1065 128 344

183 199 326 252 pentes
356 198 430 237 etc.
480 194 535 236 Et
555 195 725 236 iterum:
759 194 1014 235 Paraverunt
1036 193 1208 246 sagittas
1237 206 1332 234 suas
1360 193 1402 234 in
1431 192 1637 247 pharetra.
1685 191 1862 241 Quartus

182 268 305 320 filius,
339 267 406 321 qui
440 265 551 307 dolet
582 278 658 307 nec
690 265 778 306 vult
809 265 1021 318 sagittare,
1055 268 1118 305 est
1140 263 1269 305 bonus
1292 263 1564 316 Christianus,
1597 262 1666 317 qui
1688 262 1863 304 multum

183 339 300 380 timet
331 338 450 379 deum
485 339 524 378 et
556 336 666 378 dolet
694 337 743 378 de
776 336 954 391 peccatis
987 335 1174 387 aliorum,
1207 347 1282 376 nec
1314 334 1397 376 ulla
1427 334 1592 376 racione
1624 333 1711 375 vult
1741 333 1860 375 deum

184 407 389 450 offendere
427 421 500 462 per
532 411 759 462 peccatum⁷
800 410 840 448 et
872 407 905 448 si
939 405 1130 458 offendat,
1172 410 1341 461 paratus
1375 410 1436 447 est
1468 405 1726 456 satisfacere3
1767 403 1862 446 talis

182 479 225 520 in
257 479 322 521 die
347 479 494 533 judicii
526 478 776 521 exaltabitur
808 479 849 519 in
881 491 1053 531 regnum
1088 480 1286 518 eternum.

889 707 991 748 CAP.
1016 708 1084 748 46.
1120 707 1223 758 (45.)

619 795 692 840 De
728 800 888 854 septem
919 796 1116 854 peccatis
1152 793 1427 839 mortalibus.

297 901 436 944 Julius
468 906 624 955 narrat,
659 903 765 957 quod
796 903 839 944 in
872 916 1013 944 mense
1045 901 1153 955 Majo
1187 902 1289 944 exiit
1319 903 1360 943 in
1394 902 1596 956 quoddam
1630 914 1789 954 nemus,
1822 900 1864 942 in

183 987 261 1027 quo
304 977 508 1015 steterunt
554 978 710 1029 septem
754 974 920 1016 arbores
960 973 1079 1029 plene
1117 973 1249 1026 foliis,
1298 973 1442 1015 decore
1492 976 1680 1028 aspectu,
1727 976 1768 1014 et
1805 975 1866 1013 tot

180 1045 346 1087 frondes
386 1045 562 1098 collegit,
606 1046 713 1100 quod
752 1050 919 1100 portare
959 1045 1156 1098 nequivit.
1209 1044 1417 1086 Venerunt
1449 1048 1531 1086 tres
1564 1044 1640 1085 viri
1678 1047 1865 1099 potentes

182 1121 222 1158 et
254 1130 346 1158 eum
370 1120 512 1158 contra
533 1130 679 1158 nemus
697 1117 916 1158 duxerunt.
965 1116 1010 1157 ln
1043 1117 1156 1157 exitu
1189 1117 1230 1157 in
1254 1116 1416 1158 foveam
1449 1115 1694 1171 profundam
1719 1115 1867 1157 cecidit

182 1193 222 1230 et
254 1188 491 1230 submersus
524 1191 586 1229 est
617 1202 689 1243 pre
721 1187 1006 1240 magnitudine
1038 1187 1244 1242 ponderis.
1295 1187 1396 1229 Item
1426 1191 1569 1228 narrat
1597 1186 1866 1242 philosophus

180 1261 221 1301 in
255 1259 360 1301 libro
393 1259 442 1301 de
475 1259 736 1312 animalibus,
778 1259 884 1313 quod
919 1259 951 1300 si
985 1258 1163 1300 volueris
1195 1259 1343 1312 facere⁷
1379 1263 1422 1300 ut
1454 1271 1613 1311 corvus,
1648 1262 1865 1313 postquam

180 1331 469 1372 nidivicaverit
499 1331 542 1372 in
583 1330 749 1383 arbore,
789 1342 1014 1383 numquam
1056 1344 1106 1371 ex
1147 1331 1233 1371 ovis
1273 1330 1406 1385 pullos
1448 1329 1673 1384 producere
1713 1333 1866 1384 posset,

180 1415 308 1457 pones
341 1402 498 1444 cineres
531 1402 626 1443 vitri
658 1402 767 1443 inter
800 1401 986 1442 arborem
1021 1405 1060 1442 et
1089 1401 1298 1454 corticem,
1332 1405 1372 1443 et
1404 1401 1599 1455 quamdiu
1631 1401 1788 1442 cineres
1809 1400 1865 1442 ibi

179 1473 346 1526 fuerint,
380 1487 605 1527 numquam
639 1473 772 1527 pullos
805 1473 1007 1528 producit.

298 1543 528 1598 Carissimi,
570 1544 679 1586 istud
719 1557 864 1585 nemus
904 1548 966 1585 est
1001 1543 1177 1585 mundus
1215 1544 1305 1596 iste„
1346 1543 1518 1585 dirersis
1552 1543 1765 1585 arboribus
1797 1543 1866 1584 de-

180 1615 454 1669 lectabilibus,
495 1616 520 1657 i.
556 1630 588 1657 e.
631 1616 810 1670 peccatis
843 1615 1088 1656 mortalibus
1121 1615 1344 1670 plantatus.
1394 1614 1439 1656 In
1479 1615 1558 1656 isto
1591 1628 1757 1656 nemore
1788 1615 1865 1656 sci-

180 1686 276 1728 licet
324 1687 477 1728 mundo
526 1690 622 1728 sunt
669 1690 825 1741 septem
876 1687 1062 1739 arbores,
1112 1700 1188 1740 que
1229 1685 1462 1739 significant
1502 1690 1657 1741 septem
1698 1689 1867 1741 peccata

111 1775 119 1782 ·
181 1758 386 1809 mortalia,
422 1772 469 1799 ex
504 1758 651 1812 quibus
683 1762 843 1799 tantum
878 1758 998 1799 homo
1032 1758 1187 1810 colligit
1219 1762 1258 1799 et
1289 1758 1388 1799 fac-it
1419 1758 1591 1813 pondus,
1634 1758 1740 1812 quod
1773 1770 1867 1812 por-

181 1832 269 1870 tare
304 1828 420 1883 [3722]
463 1843 544 1870 non
583 1832 721 1884 potest
757 1842 832 1870 nec
863 1829 1014 1881 levare,
1058 1830 1083 1870 i.
1119 1843 1152 1870 e.
1194 1830 1243 1871 de
1276 1833 1443 1884 peccato
1476 1843 1549 1871 suo
1581 1842 1663 1870 non
1695 1842 1867 1884 pergere

181 1905 317 1955 potest
348 1914 424 1942 nec
456 1901 506 1942 ad
539 1901 719 1953 graciam
753 1900 818 1942 dei
850 1901 1079 1955 pervenire7
1114 1914 1234 1954 quam
1269 1901 1338 1942 diu
1370 1901 1412 1942 in
1442 1904 1610 1956 peccato
1632 1904 1865 1956 permanet3

182 1972 253 2014 sed
287 1985 378 2013 ecce
410 1976 494 2013 tres
528 1972 604 2012 viri
629 1972 810 2025 veniunt„
845 1973 1034 2014 custodes
1058 1973 1214 2014 scilicet
1235 1973 1428 2025 nemoris,
1463 1973 1531 2026 qui
1554 1972 1687 2027 ipsum
1705 1972 1866 2026 juvant,

182 2042 338 2084 scilicet
369 2043 560 2096 mundus,
594 2056 702 2095 earo,
737 2043 939 2096 demonia7
974 2048 1013 2084 et
1041 2044 1121 2085 ista
1151 2043 1345 2096 visibilia,
1379 2057 1456 2097 que
1481 2043 1631 2097 juvant
1657 2042 1864 2084 hominem

183 2113 357 2155 diversis
392 2114 569 2168 peccatis
603 2118 641 2156 et
675 2115 828 2155 ducunt
860 2128 988 2168 usque
1021 2115 1070 2156 ad
1105 2115 1260 2156 exitum
1293 2115 1487 2167 nemoris,
1527 2115 1553 2156 i.
1588 2127 1621 2156 e.
1653 2128 1784 2169 usque
1815 2114 1865 2155 ad

184 2185 339 2226 exitum
380 2198 403 2226 a
442 2198 633 2240 corpore3
683 2186 752 2227 sed
793 2190 891 2227 tunc
931 2186 1182 2239 demergitur
1220 2186 1262 2227 in
1301 2185 1551 2240 profundum
1597 2185 1747 2227 inferni
1793 2199 1867 2241 pre

183 2256 468 2308 magnitudine
502 2271 668 2298 suorum
702 2261 976 2311 peccatorum.
1026 2257 1126 2299 ltem
1160 2270 1306 2298 corvus
1329 2261 1392 2299 est
1421 2257 1621 2311 diabolus,
1653 2257 1773 2298 nidus
1806 2260 1868 2298 est

187 2327 392 2368 habitacio
433 2328 474 2368 in
516 2328 638 2369 corde
676 2342 752 2383 per
790 2328 1096 2370 inchoacionem
1137 2329 1382 2382 iniquitatis.
1434 2327 1513 2370 Per
1549 2329 1717 2382 vitrum,
1759 2328 1867 2382 quod

185 2398 439 2440 diversorum
481 2399 660 2440 colorum
702 2401 920 2454 reperitur,
953 2413 1046 2441 caro
1080 2400 1320 2453 designatur
1350 2400 1544 2452 humana,
1583 2412 1656 2455 per
1687 2399 1865 2441 cinerem

186 2470 280 2511 vitri
320 2471 465 2511 mortis
506 2471 718 2523 memoria⁷
762 2471 857 2524 quia
897 2471 1046 2512 vitrum
1090 2485 1139 2513 ex
1180 2472 1315 2512 cinere
1354 2470 1400 2512 fit
1440 2474 1480 2512 et
1517 2471 1559 2512 in
1591 2470 1770 2512 cinerem
1802 2484 1866 2511 re-

186 2541 372 2582 vertitur.
427 2540 610 2582 Ponatur
649 2555 744 2594 ergo
784 2543 928 2583 mortis
967 2543 1167 2584 memoria
1203 2542 1312 2584 inter
1358 2542 1545 2583 arborem
1587 2545 1627 2583 et
1672 2541 1863 2583 corticem
1902 2557 1909 2561 “

185 2612 210 2652 i.
253 2625 286 2653 e.
326 2612 435 2654 inter
476 2612 656 2653 animam
697 2617 737 2654 et
777 2626 936 2667 corpus.
987 2613 1145 2669 Corpus
1187 2618 1248 2655 est
1287 2613 1395 2667 quod
1427 2617 1567 2654 cortex
1599 2616 1681 2665 est,
1720 2625 1866 2665 regens

188 2683 383 2736 animam,
419 2686 458 2724 et
490 2684 547 2724 sic
580 2683 767 2724 diabolus
799 2698 1022 2738 numquam
1058 2684 1214 2739 prolem
1239 2684 1472 2740 procreabit
1507 2697 1699 2739 perverse
1721 2696 1866 2739 opera-

187 2754 327 2795 cionis.
382 2753 497 2803 Quod
528 2754 645 2796 nobis
678 2755 874 2796 concedat
906 2759 980 2796 etc.

282 2835 324 2870 19
350 2835 444 2878 sunt]
473 2841 558 2880 oriy.
583 2845 682 2870 sune.
