1949 3162
1005 101 1089 143 368

202 213 242 251 01
273 222 420 250 zonam
452 208 606 249 levavit
637 211 712 250 etc.
763 207 876 249 Zona
907 208 988 248 ista
1021 211 1083 249 est
1112 207 1291 260 luxuria,
1334 221 1455 260 quam
1499 207 1686 249 diabolus
1727 208 1890 263 projicit

202 283 296 321 ante
335 279 556 332 hominem,
597 291 689 320 cum
728 282 867 320 tamen
910 282 1054 319 contra
1085 277 1188 319 tales
1221 278 1331 319 dicat
1363 276 1604 331 Gregorius:
1655 278 1889 333 Succingite

201 350 362 392 lumbos
395 353 552 391 vestros
583 350 625 391 in
658 350 861 391 castitate.
911 348 955 391 Si
987 362 1082 402 ergo
1116 349 1319 402 succingis
1352 353 1392 392 te
1411 364 1514 391 zona
1536 350 1712 404 luxurie,
1746 350 1888 392 statim

203 421 389 462 diabolus
423 424 517 462 ante
550 424 590 462 te
622 421 751 462 currit
783 424 823 462 et
855 421 904 462 de
937 420 1044 462 bona
1074 420 1158 461 vita
1188 425 1258 462 tua
1281 424 1319 462 te
1343 421 1529 475 impedit.
1580 421 1685 471 Quid
1708 435 1804 474 ergo
1828 425 1890 463 est

155 500 176 534 5
200 491 460 534 faciendum?
507 491 628 534 Certe
666 496 711 533 ut
750 505 854 533 zona
891 491 1054 533 luxurie
1093 492 1135 532 in
1173 495 1257 533 tres
1301 495 1439 546 partes
1471 492 1700 545 frangatur,
1734 492 1891 534 scilicet

201 563 241 604 in
275 563 521 616 oracionem,
548 563 752 617 jejunium
786 567 825 604 et
848 562 1113 604 elemosinam
1147 567 1187 604 et
1219 563 1277 604 sic
1311 577 1382 617 per
1404 576 1656 617 consequens
1681 563 1890 606 diabolum

201 634 352 675 vinces.
399 633 499 675 Post
529 634 604 675 hec
636 634 822 676 diabolus
855 633 1035 675 loculum
1068 637 1161 675 ante
1187 633 1392 675 hominem
1416 635 1600 689 projicit3
1635 635 1748 676 scitis
1782 634 1889 688 quod

200 704 358 746 loculus
392 704 514 747 habet
546 705 646 746 duas
679 705 824 746 cordas
859 705 909 746 ad
933 704 1214 759 aperiendum.
1265 704 1344 746 Cor
1374 719 1469 747 vero
1493 709 1555 746 est
1576 705 1747 758 loculus,
1781 705 1888 760 quod

202 776 323 818 debet
355 789 444 817 esse
466 776 648 817 clausum
673 776 844 817 inferius
867 776 1112 830 inquantum
1137 776 1188 817 ad
1216 779 1393 829 terrena,
1428 780 1467 818 et
1490 777 1679 832 superius
1701 780 1888 832 apertum

133 854 177 888 10
202 851 398 902 quantum
440 847 490 888 ad
525 847 693 888 celestia
726 848 776 888 ad
808 847 988 900 graciam
1031 846 1327 888 sustinendam.
1377 847 1467 890 Due
1500 848 1635 900 corde,
1670 860 1748 901 que
1779 847 1890 889 clau—

201 918 316 971 dunt,
355 923 451 959 sunt
482 918 606 959 timor
639 918 703 959 dei
736 922 776 960 et
808 932 914 973 pena
947 922 1101 970 eterna,
1141 931 1215 972 per
1247 932 1324 972 que
1357 919 1436 960 duo
1469 932 1538 960 cor
1570 919 1748 960 hominis
1780 917 1890 960 clau-

201 990 312 1031 ditur
344 1003 394 1031 ne
427 990 554 1031 intret
589 993 813 1044 peccatum.
866 989 956 1031 Pila
988 990 1030 1031 iu
1060 989 1193 1030 loculo
1227 990 1366 1044 sepius
1398 990 1608 1032 invenitur
1629 990 1672 1032 111
1696 989 1887 1032 cordibus

200 1061 366 1115 nostris,
402 1061 557 1103 scilicet
589 1061 781 1114 avaricia,
816 1061 1042 1116 cupiditas3
1077 1061 1173 1115 quia
1206 1061 1311 1102 sicut
1333 1061 1417 1116 pila
1440 1065 1628 1103 movetur
1651 1061 1703 1103 ad
1725 1075 1888 1103 omnem

202 1131 482 1173 differenciam
516 1132 818 1187 disposicionis,
853 1132 912 1173 sic
944 1136 984 1173 et
1016 1145 1164 1173 avarus
1196 1136 1384 1174 movetur
1417 1133 1606 1186 interra,
1639 1136 1827 1174 movetur
1847 1132 1890 1173 11]

136 1207 176 1241 15
202 1204 320 1256 mari,
360 1217 443 1244 11011
483 1207 617 1245 cessat
648 1217 720 1258 pes
754 1204 840 1257 ejus
874 1216 1050 1256 currere,
1084 1216 1159 1245 1100
1192 1217 1260 1245 cor
1298 1204 1479 1258 cogitare
1511 1204 1715 1258 quomodo
1748 1207 1788 1245 et
1817 1217 1892 1258 per

203 1288 324 1328 quam
365 1275 475 1315 viam
517 1275 623 1316 bona
654 1275 865 1316 mundana
897 1275 1050 1329 poterit
1083 1275 1306 1330 acquirere.
1363 1275 1669 1331 Superscriptio
1702 1278 1781 1316 est:
1814 1273 1891 1324 Qui

202 1359 361 1388 mecum
394 1346 501 1387 ludit
532 1346 557 1387 i.
584 1359 616 1387 e.
642 1346 712 1399 qui
744 1359 835 1387 cum
869 1346 1095 1400 cupiditate
1126 1347 1274 1401 incipit
1306 1347 1432 1388 vitam
1467 1347 1628 1400 ducere,
1661 1350 1707 1388 ut
1729 1346 1799 1387 vix
1821 1349 1893 1387 aut

200 1432 413 1472 nunquam
453 1418 606 1472 poterit
637 1418 853 1471 sustinere,
893 1418 999 1459 sicut
1040 1418 1139 1459 dicit
1179 1417 1353 1459 Seneca:
1410 1417 1512 1460 Cum
1553 1417 1691 1460 omnia
1721 1419 1892 1472 peccata

202 1493 433 1542 senescunt,
476 1488 563 1530 sola
595 1489 800 1543 cupiditas
827 1489 1071 1542 juvenescit.
1120 1489 1213 1531 Ideo
1247 1489 1477 1545 timendum
1509 1492 1571 1531 est
1603 1489 1652 1531 de
1685 1488 1891 1543 aliquibus

133 1564 178 1597 20
203 1561 271 1615 qui
310 1564 470 1602 tantum
510 1573 603 1601 cum
642 1561 726 1615 pila
766 1561 915 1602 ludunt
956 1560 1209 1616 cupiditatis,
1251 1561 1359 1614 quod
1400 1560 1586 1603 diabolus
1625 1560 1738 1615 ipsos
1771 1572 1890 1601 occu-

203 1632 331 1687 pabit,
373 1631 481 1685 quia,
523 1632 629 1673 sicut
669 1632 769 1673 dicit
802 1632 1028 1687 apostolus,
1069 1632 1187 1673 radix
1228 1632 1412 1673 omnium
1444 1631 1648 1673 malorum
1682 1634 1745 1673 est
1776 1631 1891 1686 cupi-

203 1704 322 1745 ditas.
373 1702 621 1744 Studeamus
653 1716 748 1756 ergo
783 1702 855 1756 [48
868 1702 907 1757 b]
944 1704 1071 1745 vitam
1104 1707 1288 1745 nostram
1321 1704 1379 1745 sic
1411 1703 1455 1744 111
1488 1703 1567 1758 piis
1603 1703 1796 1758 operibus
1830 1702 1891 1744 di-

203 1776 349 1829 rigere,
383 1778 428 1816 ut
459 1775 587 1816 vitam
620 1779 806 1817 eternam
839 1778 914 1817 etc.

882 2006 983 2048 CAP.
1010 2008 1077 2048 61.
1109 2006 1212 2057 (53.)

134 2096 179 2131 25
578 2094 652 2138 De
680 2094 1053 2152 premeditatione
1088 2108 1259 2152 semper
1294 2092 1514 2137 habenda.

322 2202 517 2245 Claudius
550 2202 752 2255 regnavit,
787 2202 856 2256 qui
888 2202 1051 2243 unicam
1084 2200 1211 2242 filiam
1241 2200 1419 2242 habebat
1449 2200 1678 2253 graciosam
1709 2203 1750 2241 01
1773 2199 1891 2241 deco-

205 2289 294 2317 ram
328 2274 466 2326 valdeg
501 2274 570 2328 qui
602 2287 692 2315 cum
727 2273 854 2315 semel
886 2273 926 2314 in
960 2276 1093 2314 stratu
1117 2286 1190 2314 suo
1207 2272 1419 2326 jacuisset,
1452 2272 1598 2313 intime
1631 2271 1681 2313 de
1709 2270 1796 2312 filia
1817 2284 1892 2313 sua

205 2346 424 2400 cogitabat,
459 2346 661 2399 quomodo
695 2359 783 2386 eam
817 2359 1061 2400 promovere
1093 2347 1244 2399 posset.
1293 2343 1367 2384 Ait
1398 2343 1509 2384 intra
1540 2356 1603 2385 se:
1658 2341 1703 2384 Si
1735 2356 1823 2384 eam
1847 2342 1890 2383 11]

206 2431 376 2459 uxorem
410 2417 529 2458 diviti
562 2416 685 2457 stulto
718 2416 942 2469 tradidero,
977 2416 1103 2457 filiam
1137 2428 1269 2457 meam
1303 2414 1488 2469 perdam,
1522 2414 1554 2456 si
1588 2427 1684 2456 vero
1717 2413 1892 2469 pauperi

136 2499 181 2533 30
207 2489 396 2544 sapienti,
431 2501 504 2543 per
537 2487 623 2540 ejus
656 2488 908 2542 sapienciam
943 2488 977 2529 ei
1011 2486 1244 2529 necessaria
1275 2485 1388 2538 large
1412 2485 1607 2539 acquiret.
1659 2484 1764 2527 Erat
1793 2488 1892 2526 tunc

205 2560 248 2601 in
280 2560 446 2601 civitate
487 2558 653 2612 quidam
684 2558 956 2614 philosophus
987 2559 1153 2600 nomine
1186 2557 1374 2599 Socrates
1409 2570 1528 2611 quem
1568 2570 1643 2598 rex
1675 2556 1900 2608 dilexerat,

206 2631 368 2673 vocavit
407 2643 500 2672 eum
541 2632 581 2671 et
613 2630 689 2670 ait:
734 2629 970 2683 Carissime,
1010 2629 1211 2684 numquid
1243 2629 1317 2670 tibi
1350 2628 1485 2683 placet
1516 2626 1644 2669 filiam
1681 2640 1816 2669 meam
1847 2626 1890 2668 111

206 2703 422 2756 conjugem
454 2701 666 2756 accipere?
714 2700 768 2742 Et
799 2701 890 2743 ille:
923 2701 1081 2754 Eciam,
1115 2699 1280 2741 domine
1312 2699 1556 2754 peroptime.
1604 2698 1660 2740 Et
1696 2697 1784 2739 ille:
1825 2697 1890 2739 Ex

208 2787 286 2826 quo
325 2773 385 2814 ita
424 2776 498 2826 est,
541 2772 645 2813 dabo
687 2772 763 2813 tibi
796 2786 886 2814 ean]
919 2776 959 2814 01
991 2772 1065 2814 sub
1098 2771 1169 2813 illa
1200 2770 1451 2823 condicione,
1485 2769 1594 2823 quod
1625 2769 1660 2810 si
1692 2769 1892 2810 moriatur

137 2853 182 2887 35
207 2843 292 2885 filia
323 2845 365 2885 in
398 2847 470 2884 tua
501 2843 698 2884 societate
738 2843 865 2884 vitam
905 2846 1019 2884 tuam
1061 2843 1248 2894 amittes3
1289 2842 1413 2894 eliges
1453 2854 1548 2894 ergo
1583 2853 1673 2882 eam
1707 2839 1892 2894 accipere

208 2914 273 2956 vel
305 2914 541 2957 dimittere?
592 2913 648 2955 Et
678 2913 764 2955 ille:
800 2913 924 2955 Michi
958 2915 1059 2956 bene
1091 2914 1228 2969 placet
1258 2927 1348 2956 eam
1371 2912 1558 2967 accipere
1587 2910 1662 2953 sub
1683 2911 1765 2953 ista
1795 2923 1891 2952 con-

303 2997 343 3029 17
371 2996 523 3039 mecum]
551 3001 636 3041 orz'y.
662 2995 767 3029 enim.
