1949 3162
1025 58 1109 100 594

231 180 277 208 eo
317 168 399 207 stat
436 164 620 217 domina,
659 177 763 206 uxor
804 165 889 217 ejus
927 164 952 204 i.
985 177 1017 205 e.
1048 164 1222 205 carnalis
1260 165 1613 219 concupiscencia,
1662 179 1734 220 per
1772 179 1893 219 quam

230 237 349 278 homo
383 236 519 290 sepius
551 235 769 277 seducitur.
822 234 921 276 Post
957 234 1070 276 illum
1112 236 1242 277 omnis
1274 235 1431 277 familia
1462 237 1486 276 i.
1512 249 1544 277 e.
1579 249 1720 278 omnes
1752 249 1894 278 sensus

231 310 381 349 exeunt
412 320 434 348 a
467 306 684 348 virtutibus
715 306 757 348 in
791 305 936 359 quibus
967 305 1134 348 fuerunt
1165 320 1213 348 ex
1248 307 1406 349 defectu
1438 306 1673 362 discipline,
1714 310 1754 349 et
1784 303 1894 349 solus

231 392 332 434 puer
363 378 388 419 i.
414 391 446 420 e.
478 378 615 419 anima
646 377 890 432 relinquitur
912 376 999 418 sine
1037 377 1232 419 custodia.
1279 377 1419 432 Lupus
1452 391 1546 419 vero
1578 378 1604 419 i.
1628 391 1661 420 e.
1684 377 1895 434 dyabolus,

231 449 298 503 qui
331 449 475 491 circuit
505 462 677 503 querens
711 462 830 502 quem
862 448 1048 502 devoret,
1091 449 1230 491 videns
1262 453 1402 504 portas
1435 449 1613 491 civitatis
1644 450 1669 490 i.
1695 462 1727 491 e.
1756 462 1896 491 omnes

231 534 373 562 sensus
406 523 589 575 apertos,
629 520 758 561 intrat
789 522 829 561 et
860 532 949 561 cum
984 520 1134 561 ostium
1173 520 1306 562 cordis
1339 524 1526 575 apertum
1559 520 1688 574 videt,
1721 521 1747 562 i.
1772 533 1804 562 e.
1826 533 1896 562 vo-

229 592 443 644 luntatem,
475 591 604 633 intrat
635 595 675 632 et
706 603 843 632 secum
876 591 986 646 rapit
1018 591 1196 632 animam
1229 591 1280 632 ad
1313 596 1480 646 peccata
1512 591 1712 634 mortalia.
1752 590 1897 633 Pastor

231 664 367 705 ovium
400 663 425 703 i.
450 676 483 704 e.
508 662 637 704 bonus
670 661 875 717 prelatus,
915 674 1006 703 cum
1038 662 1113 703 hoc
1144 662 1340 717 percipit,
1378 663 1498 705 debet
1530 662 1748 705 ascendere
1780 662 1897 704 arbo-

229 748 315 777 rem
349 747 462 776 sacre
494 734 696 789 scripture
737 737 776 775 et
817 747 908 775 cum
949 746 1075 775 cornu
1106 733 1132 774 i.
1157 747 1190 775 e.
1215 733 1335 775 corde
1374 738 1413 776 et
1453 747 1521 776 ore
1559 733 1749 775 ultimum
1790 733 1896 775 diem

230 806 442 861 predicare
474 818 554 846 non
587 809 649 847 ter
681 804 752 846 sed
775 804 925 859 sepius,
959 804 1008 846 ad
1040 804 1152 858 cujus
1175 804 1393 847 clamorem
1416 806 1524 847 cives
1546 805 1571 846 i.
1596 818 1629 847 e.
1653 803 1896 858 intellectuS,

229 877 432 929 voluntas,
466 876 591 929 racio,
625 875 815 929 fantasia,
849 876 1060 929 memoria,
1092 876 1349 931 ymaginacio
1380 880 1420 919 et
1451 877 1509 919 sic
1530 876 1579 918 de
1601 875 1691 917 aliis
1713 875 1895 917 redeant.

230 949 371 1003 Aliqui
410 948 451 989 in
492 948 606 1002 equis
644 947 720 988 hoc
760 951 822 989 est
858 947 898 988 in
940 948 1054 1001 equis
1093 961 1206 988 sacre
1239 948 1459 1003 scripture,
1500 946 1698 989 volvendo
1731 946 1827 1001 quid
1859 950 1900 988 et

231 1024 427 1074 quantum
459 1019 580 1060 homo
612 1017 831 1072 deliquerit
862 1021 1004 1060 contra
1029 1018 1163 1072 deum,
1197 1018 1322 1073 aliqui
1344 1019 1516 1074 pedibus
1537 1018 1645 1060 viam
1668 1017 1898 1073 penitencie

229 1091 473 1143 incedend03
513 1103 604 1131 cum
644 1089 724 1130 ista
761 1089 961 1143 feceritis,
1000 1089 1120 1144 lupus
1160 1090 1187 1131 i.
1211 1103 1244 1132 e.
1269 1090 1466 1145 dyabolus
1507 1090 1688 1132 animam
1729 1089 1779 1131 ab
1811 1089 1897 1144 ejus

230 1166 431 1218 potestate
462 1160 667 1217 permittit
697 1159 854 1202 cadere.
907 1159 1061 1216 Accipe
1103 1174 1196 1214 ergo
1238 1162 1415 1203 animam
1456 1166 1567 1204 tuam
1610 1164 1650 1203 et
1681 1174 1781 1202 sana
1812 1161 1898 1215 ejus

228 1236 397 1289 peccata
429 1246 502 1287 per
534 1231 823 1288 penitenciam,
856 1234 953 1273 tunc
974 1232 1199 1287 imperator
1221 1233 1380 1274 celestis
1403 1233 1632 1275 mercedem
1654 1232 1897 1286 condignam

229 1305 304 1347 tibi
336 1304 450 1346 dabit
480 1304 506 1345 i.
531 1317 564 1346 e.
589 1303 715 1345 vitam
748 1306 945 1356 eternam,
979 1303 1028 1345 ad
1062 1317 1183 1357 quam
1215 1317 1288 1345 nos
1320 1304 1529 1359 perducat.
1574 1350 1581 1356 ,

876 1550 981 1605 190,
1015 1563 1160 1605 germ.
1184 1552 1258 1594 36.

348 1657 573 1714 Symachus
612 1657 802 1711 regnavit
840 1657 1019 1712 prudens
1058 1658 1177 1700 valde
1216 1661 1412 1712 quantum
1453 1657 1503 1699 ad
1541 1656 1787 1713 temporalia
1825 1656 1896 1699 sed

231 1729 379 1771 stultus
419 1732 614 1783 quantum
658 1728 710 1770 ad
757 1728 1001 1783 spiritualia.
1061 1729 1163 1771 Erat
1205 1733 1304 1771 tunc
1342 1729 1539 1784 temporis
1578 1728 1745 1782 quidam
1782 1727 1900 1769 miles

230 1801 394 1842 nomine
432 1799 656 1853 Leuncius,
706 1800 775 1854 qui
817 1800 1021 1854 quandam
1062 1804 1213 1842 terram
1255 1814 1455 1843 annexam
1495 1804 1603 1842 terre
1639 1798 1901 1855 imperatoris

230 1872 425 1925 habebat,
467 1885 587 1926 quam
621 1871 795 1913 multum
828 1871 1053 1926 imperator
1093 1872 1371 1926 desiderabat,
1413 1872 1483 1914 sed
1516 1871 1684 1913 minime
1715 1870 1902 1926 optinere

230 1944 376 1998 potuit.
424 1943 652 1998 Imperator
684 1943 861 1997 quadam
893 1942 958 1985 die
989 1943 1133 1985 intime
1165 1943 1384 1997 cogitabat,
1417 1942 1619 1998 quomodo
1640 1945 1792 1984 terram
1825 1941 1902 1983 mi-

230 2014 315 2056 litis
346 2014 495 2056 habere
527 2018 684 2069 posset,
726 2014 887 2056 vocavit
919 2028 1010 2056 eum
1044 2018 1084 2056 et
1115 2015 1191 2056 ait:
1231 2014 1344 2057 Vade
1387 2019 1426 2057 et
1465 2028 1588 2069 quere
1619 2013 1743 2055 michi
1773 2026 1900 2055 unum

231 2086 393 2139 nigrum
427 2098 591 2139 canem,
625 2099 773 2140 equum
805 2086 983 2139 nigrum,
1015 2085 1216 2127 falconem
1248 2086 1434 2140 nigrum,
1471 2099 1598 2128 cornu
1628 2085 1811 2138 nigrum,
1844 2084 1903 2126 ita

232 2157 340 2212 quod
381 2157 518 2198 omnia
555 2157 635 2198 ista
674 2156 803 2198 habeo
846 2156 965 2198 hodie
998 2156 1049 2198 ad
1082 2160 1171 2198 octo
1204 2157 1309 2209 dies;
1351 2161 1391 2199 et
1432 2157 1512 2199 nisi
1542 2156 1708 2210 feceris,
1749 2159 1900 2198 terram

231 2232 345 2270 tuam
385 2228 562 2270 amittes.
614 2227 732 2270 Miles
772 2241 863 2269 cum
902 2228 979 2269 hoc
1016 2227 1197 2270 audisset
1228 2229 1491 2270 contristatus
1531 2231 1593 2270 est
1630 2226 1767 2281 valde,
1807 2226 1902 2281 quia

231 2299 339 2341 unde
369 2299 450 2341 ista
479 2299 669 2352 haberet,
711 2299 874 2354 penitus
915 2299 1150 2352 ignorabat3
1191 2299 1303 2341 venit
1340 2300 1389 2341 ad
1422 2312 1591 2341 uxorem
1625 2301 1665 2341 et
1695 2298 1834 2340 omnia
1864 2297 1902 2340 ei

231 2371 438 2413 narrabat.
491 2370 576 2420 Que
609 2370 843 2424 respondit:
887 2369 1017 2425 Spera
1055 2370 1097 2411 in
1130 2370 1338 2412 dominum
1372 2374 1412 2413 et
1441 2371 1530 2426 ipse
1560 2373 1601 2413 te
1632 2369 1682 2411 de
1712 2369 1900 2412 manibus

233 2442 318 2496 ejus
348 2442 509 2497 eripiat.
546 2441 683 2483 Vadas
715 2441 848 2496 primo
881 2441 932 2483 ad
965 2441 1282 2495 confessionem3
1315 2442 1569 2484 confessione
1592 2441 1700 2483 facta
1721 2444 1761 2483 et
1781 2440 1901 2482 satis—

231 2514 413 2555 faccione
446 2513 544 2554 deus
575 2512 650 2554 tibi
683 2512 881 2554 auxilium
920 2512 1133 2567 prestabit.
1187 2513 1304 2556 Miles
1343 2526 1439 2555 vero
1477 2526 1579 2568 pure
1617 2511 1911 2554 confitebatur:

233 2584 318 2634 Quo
351 2585 458 2626 facto
490 2583 661 2625 recessit
693 2586 733 2625 et
765 2583 969 2637 quandam
1001 2583 1111 2625 viam
1145 2584 1460 2638 pulcherrimam
1492 2583 1651 2625 invenit
1680 2597 1754 2638 per
1775 2595 1897 2637 quam

233 2655 364 2696 tristis
408 2654 645 2696 ambulabat
691 2668 901 2709 quousque
949 2654 1000 2696 ad
1046 2655 1250 2708 quandam
1296 2655 1456 2697 foveam
1503 2654 1702 2709 pervenit.
1770 2653 1902 2709 Super

234 2726 394 2768 foveam
444 2725 646 2780 quendam
695 2739 830 2767 senem
881 2725 1091 2767 sedentem
1138 2725 1314 2779 invenit,
1361 2725 1576 2767 habentem
1624 2723 1812 2767 baculum
1857 2724 1902 2765 in

235 2810 360 2838 manu
392 2809 477 2838 sua.
530 2796 605 2838 Ait
636 2796 671 2838 ei
704 2810 849 2838 senex:
893 2795 1135 2850 Carissime,
1176 2796 1283 2838 unde
1314 2796 1427 2838 venis
1460 2799 1500 2838 et
1538 2809 1616 2850 quo
1655 2795 1797 2837 vadis?
1847 2794 1903 2836 Et

236 2867 324 2909 ille:
372 2867 568 2921 Domine,
611 2867 660 2909 de
700 2867 870 2909 ecclesia
908 2867 1026 2909 venio
1067 2871 1106 2909 et
1147 2880 1224 2921 quo
1263 2867 1366 2908 vado
1410 2867 1573 2921 penitus
1612 2867 1767 2920 ignoro.
1829 2865 1902 2907 Ait

238 2951 381 2980 senex:
421 2938 574 2994 Accipe
605 2938 720 2980 illum
753 2938 941 2980 baculum
975 2941 1016 2980 et
1047 2939 1229 2993 sequaris
1261 2938 1367 2980 viam
1402 2937 1528 2992 illam,
1566 2950 1640 2980 nec
1671 2936 1848 2980 declines
1878 2949 1901 2978 a
