1919 3157
837 56 914 97 321

39 173 160 214 quam
195 159 355 202 volebat
388 160 624 204 ostendere.
665 161 742 202 nisi
776 161 900 202 fatuis
934 165 973 201 et
1007 160 1183 201 inimicis
1216 160 1313 201 suis.
1374 160 1427 202 Et
1459 174 1548 202 cum
1585 164 1721 202 essent

39 230 274 283 introducti,
308 231 498 272 viderunt
530 235 590 272 tot
622 236 659 272 et
695 236 809 273 tanta
839 231 1002 285 gaudia,
1036 230 1142 285 quod
1175 230 1434 272 mirabantur
1457 236 1496 272 et
1518 232 1720 273 instanter

39 301 284 355 querebant,
325 306 369 343 ut
409 302 449 343 in
491 301 558 342 illo
595 307 786 356 poterant
816 315 995 343 manere.
1055 301 1123 343 llle
1157 314 1252 342 vero
1285 301 1385 343 nulli
1419 302 1718 355 consenciebat,

39 371 118 413 nisi
151 372 218 426 qui
253 371 521 414 hereditatem
559 373 644 426 ejus
678 374 711 414 ei
747 373 998 415 concederet.
1054 372 1083 413 F
1089 373 1171 413 atui
1206 386 1302 413 vero
1336 373 1579 421 credebant,
1613 373 1718 427 quod

37 446 146 484 esset
176 443 406 498 paradisus,
440 444 479 484 in
514 458 592 498 quo
626 458 789 499 semper
814 445 1009 486 deberent
1033 457 1287 499 permanere,
1322 447 1362 485 et
1387 444 1422 485 ei
1448 444 1717 486 hereditatem

37 512 200 555 illorum
224 520 526 556 concesserunt.
579 514 721 568 Magus
746 530 839 558 vero
863 516 912 557 de
936 520 1052 557 nocte
1076 514 1281 567 surgebat,
1317 518 1356 555 et
1379 528 1446 555 eos
1469 515 1719 557 dormientes

37 584 195 626 invenit
234 589 274 627 et
312 586 481 637 occidit,
524 591 563 627 et
603 587 660 628 sic
701 601 773 641 per
813 591 947 628 ortum
987 587 1109 627 istum
1144 585 1259 639 quasi
1294 584 1456 626 infinita
1488 585 1597 627 mala
1629 600 1721 641 per-

37 655 228 710 petravit.

155 726 383 780 Cat-issimi,
418 741 562 781 magus
596 729 672 769 iste
704 742 793 769 cum
829 731 918 769 orto
952 742 1024 769 suo
1057 731 1119 769 est
1146 727 1320 769 mundus
1344 728 1421 769 iste
1444 741 1533 768 cum
1560 728 1720 769 diviciis

37 797 122 839 suis
154 802 194 840 et
224 798 355 852 gloria
389 812 474 840 sua.
526 798 668 852 Magus
701 799 863 851 dicitur,
898 799 994 852 quia
1026 812 1099 853 per
1121 799 1426 841 incantaciones
1451 812 1546 840 suas
1569 798 1719 839 multos

37 868 207 921 seducit,
240 870 346 911 sicut
379 870 445 911 isti
473 870 724 921 joculatores
755 871 924 912 faciunt.
983 869 1093 911 Talis
1126 870 1243 924 ponit
1274 870 1487 912 scutellam
1522 873 1562 911 et
1593 869 1718 911 nichil

37 940 153 994 ponit
198 941 328 994 intus,
377 941 540 983 interim
588 941 797 983 fabulatur
841 945 882 983 et
920 941 1049 983 trufat
1089 944 1128 982 et
1167 940 1351 983 ludificat
1389 941 1716 982 circumstantes

38 1010 184 1053 Postea
216 1013 369 1066 querit:
410 1011 516 1062 Quid
549 1019 611 1054 est
642 1013 725 1054 ibi?
766 1016 806 1054 et
839 1015 1043 1066 apparent
1073 1011 1232 1054 denarii
1266 1012 1329 1054 vel
1362 1011 1518 1053 floreni.
1570 1011 1720 1053 Distri-

38 1081 125 1124 buit
164 1086 204 1124 et
241 1083 312 1125 dat
350 1084 736 1136 circumstantibus,
777 1083 985 1138 accipiunt
1023 1086 1255 1136 gratanter,
1296 1087 1336 1125 et
1372 1096 1463 1125 cum
1497 1083 1721 1125 clauserint

38 1167 196 1207 manus,
229 1154 441 1197 credentes
474 1169 516 1197 se
549 1154 699 1197 habere
731 1155 960 1207 denarium,
996 1159 1138 1210 postea
1161 1155 1391 1209 aperientes
1415 1168 1561 1196 manus
1594 1154 1719 1196 nichil

36 1224 263 1267 inveniunt.
319 1225 386 1268 Sic
419 1226 595 1267 mundus
629 1227 705 1267 iste
739 1226 889 1268 multos
913 1226 1066 1280 decipit
1088 1230 1128 1267 et
1150 1225 1298 1278 illudit,
1333 1230 1373 1267 et
1401 1226 1460 1267 sic
1482 1226 1531 1267 de
1564 1226 1718 1279 multis,

36 1295 233 1350 quamdiu
271 1297 395 1338 nichil
436 1302 497 1338 est
535 1297 584 1338 de
624 1311 667 1339 re
708 1297 782 1338 sub
822 1297 995 1339 scutella
1032 1297 1096 1339 vel
1136 1297 1268 1349 disco,
1311 1297 1386 1338 hoc
1427 1301 1490 1338 est
1522 1297 1718 1351 quamdiu

35 1366 168 1411 nichil
195 1367 329 1421 habet,
363 1369 442 1410 nisi
476 1382 522 1410 ea
555 1372 714 1410 tantum
748 1381 825 1422 que
858 1368 982 1409 victui
1013 1372 1108 1409 sunt
1130 1368 1376 1421 necessaria,
1411 1367 1617 1409 modicum
1650 1381 1720 1410 cu-

36 1441 102 1479 rat
133 1438 182 1480 de
213 1439 378 1480 mundo.
434 1439 546 1489 Quod
582 1440 723 1481 videns
756 1439 933 1480 muudus
965 1439 1105 1481 volens
1139 1452 1206 1481 eos
1240 1439 1449 1494 decipere,
1483 1438 1616 1481 elevat
1649 1452 1720 1493 pa-

36 1508 175 1550 tellam
208 1514 249 1551 et
280 1510 459 1552 ostendit
492 1511 599 1564 quod
622 1510 735 1564 latet,
768 1510 793 1551 i.
814 1524 846 1552 e.
871 1510 1076 1552 modicum
1107 1510 1240 1552 elevat
1262 1523 1479 1565 personam
1503 1514 1543 1552 et
1564 1509 1721 1552 exaltat

36 1593 162 1635 supra
194 1581 275 1623 vite
307 1582 554 1635 necessaria,
588 1587 633 1622 ut
665 1582 715 1623 ad
749 1581 963 1623 ecclesiam
996 1581 1060 1623 vel
1084 1581 1350 1636 prebendam,
1384 1585 1424 1622 et
1445 1585 1541 1622 tunc
1573 1581 1720 1636 incipit

35 1651 251 1693 ostendere
283 1652 453 1694 divicias
486 1657 526 1694 et
557 1652 737 1695 delicias
793 1652 944 1694 Statim
976 1652 1102 1694 miser
1139 1652 1260 1694 homo
1301 1652 1461 1707 appetit
1501 1656 1541 1695 et
1573 1665 1720 1694 concu-

35 1722 158 1777 piscit
190 1736 259 1777 ea,
301 1736 379 1777 que
411 1728 507 1766 sunt
539 1728 682 1766 contra
719 1723 893 1766 salutem
935 1724 1070 1765 anime
1102 1737 1192 1772 sue;
1234 1727 1275 1765 et
1312 1723 1462 1765 dantur
1501 1724 1537 1765 ei
1576 1723 1718 1777 multa,

36 1797 77 1835 et
106 1793 237 1836 credit
266 1794 335 1836 ille
368 1795 470 1837 bene
502 1795 624 1837 ditari
658 1799 698 1837 et
718 1796 760 1836 in
784 1795 940 1850 optimo
963 1799 1073 1837 statu
1096 1808 1198 1848 esse,
1232 1794 1303 1836 sed
1332 1795 1366 1836 si
1391 1795 1551 1850 aperiat
1573 1808 1718 1836 manus

37 1865 137 1919 ejus,
169 1865 295 1907 nichil
327 1866 369 1908 in
401 1866 480 1908 fine
514 1866 708 1919 inveniet,
742 1870 846 1908 teste
878 1866 1114 1922 psalmista:
1147 1865 1284 1907 Nichil
1306 1865 1554 1908 invenerunt
1577 1879 1718 1907 omnes

39 1933 128 1990 [26]
164 1937 240 1978 viri
271 1937 514 1979 diviciarum
547 1938 589 1979 in
619 1938 808 1979 manibus
830 1938 928 1979 suis.
983 1937 1229 1979 Studeamus
1253 1950 1347 1990 ergo
1370 1937 1569 1978 mundum
1592 1938 1716 1979 istum

36 2020 244 2063 spernere,
277 2008 313 2050 si
344 2008 625 2051 desideramus
659 2009 708 2050 ad
743 2009 870 2051 vitam
903 2013 1084 2051 eternam
1120 2008 1358 2063 pervenire,
1400 2008 1450 2049 ad
1484 2021 1606 2063 quam
1640 2011 1715 2050 etc.

717 2239 819 2282 CAP.
845 2239 912 2281 25.
938 2240 1041 2291 (24.)

314 2327 387 2372 De
425 2326 736 2385 beneficiorum
773 2326 996 2371 oblivione
1033 2331 1073 2370 et
1106 2326 1439 2385 inyratitudme.

154 2433 334 2484 Quedam
376 2434 543 2476 domina
581 2434 729 2476 nobilis
773 2433 1010 2490 paciebatur
1056 2432 1207 2474 multas
1250 2432 1421 2486 injurias
1470 2444 1493 2473 a
1541 2429 1717 2484 quodam

37 2506 226 2560 tyranno,
260 2506 330 2560 qui
362 2505 551 2548 vastabat
583 2506 669 2559 ejus
701 2510 868 2547 terram.
924 2504 997 2546 [lla
1019 2504 1095 2545 hoc
1117 2504 1286 2545 audiens
1315 2502 1465 2545 cotidie
1496 2501 1717 2543 lachrimas

38 2575 175 2617 emisit
211 2581 252 2618 et
290 2577 331 2618 in
373 2576 689 2618 amaritudinem
732 2581 794 2618 est
832 2576 971 2617 anima
1008 2575 1095 2628 ejus
1134 2575 1281 2629 posita.
1344 2573 1508 2616 Accidit
1546 2585 1569 2614 a
1606 2584 1717 2624 casu,

39 2646 145 2700 quod
177 2648 290 2689 venit
320 2648 486 2702 quidam
520 2647 762 2702 peregrinus
778 2647 900 2700 juxta
922 2659 1011 2688 eam
1035 2645 1103 2687 ubi
1133 2645 1340 2698 manebat,
1374 2644 1598 2696 vidensque
1631 2641 1717 2695 ejus

39 2718 269 2770 angustiam
309 2718 464 2773 pietate
502 2722 637 2760 motus
678 2717 829 2760 bellum
863 2730 938 2772 pro
976 2730 1024 2758 ea
1063 2716 1240 2772 arripuit
1277 2729 1323 2758 eo
1364 2719 1502 2771 pacto,
1543 2712 1652 2766 quod
1683 2712 1718 2753 si

38 2786 80 2829 in
112 2787 218 2831 bello
251 2793 492 2843 moreretur,
527 2788 716 2831 baculum
756 2789 842 2842 ejus
885 2791 925 2829 et
965 2800 1106 2842 peram
1146 2787 1342 2841 privatim
1373 2787 1416 2827 in
1449 2796 1613 2827 camera
1643 2796 1718 2825 sua

38 2859 275 2913 custodiret,
307 2864 353 2902 ut
383 2861 434 2903 de
465 2874 512 2903 eo
544 2860 787 2902 memoriam
819 2858 989 2901 haberet
1019 2861 1061 2900 et
1090 2857 1168 2900 sibi
1200 2862 1319 2912 grata
1348 2860 1467 2898 esset.
1516 2854 1591 2897 Illa
1621 2867 1717 2897 vero

134 2941 187 2975 11.
209 2941 249 2975 17
277 2941 476 2985 scutellam]
503 2947 588 2987 oriq.
608 2940 819 2974 scultellam.
917 2941 959 2973 21
988 2938 1107 2983 supra]
1135 2944 1220 2984 orig).
1239 2948 1358 2982 super.

45 2998 49 3002 ⁴
100 3009 320 3048 Oesterley.
344 3012 435 3040 Gesta
455 3012 664 3040 Romanorum.
1392 3002 1436 3036 21

1749 807 1791 839 10

1749 1162 1790 1195 15

1746 1517 1790 1551 20

1746 1873 1790 1907 25

1744 2439 1788 2472 30

1743 2792 1787 2825 35
