1919 3157
840 31 922 75 707

43 136 230 179 Mundus
259 137 360 178 silve
391 146 659 193 comparatur
689 137 757 179 20.

44 207 231 249 Mundus
262 216 319 248 est
357 222 496 249 nemus
536 217 572 250 et
610 207 729 250 habet
763 216 913 264 septem
944 207 1112 250 arbores
1145 223 1222 264 que
1251 217 1345 250 sunt
1375 217 1524 265 septem
1551 214 1721 263 peccata

128 278 325 319 mortalia
354 278 424 319 46.

43 347 186 390 Maece
212 356 394 404 yravant
421 349 611 407 infirmos
643 348 710 390 51.

44 418 224 460 Mustela
255 420 435 461 candida
468 421 605 460 exie-ns
636 421 685 460 cle
717 435 786 461 ore
820 417 1026 462 Guidonis
1058 421 1160 475 quid
1190 422 1393 478 siqnificet
1427 420 1520 461 172.

42 488 212 531 Natura
243 490 458 544 cujusdam
486 492 614 546 piscis
644 492 691 531 in
721 492 831 531 mari
860 490 928 531 57.

43 558 179 602 Navis
208 570 382 617 propter
413 569 591 616 quatuor
623 562 879 612 ascenditur,
908 562 1049 616 primo
1076 569 1252 616 propter
1283 561 1505 612 diluvium,
1545 561 1720 602 secundo

133 632 190 672 ad
210 632 579 687 transfretandum,
612 633 736 673 tercio
758 633 815 672 ad
834 633 1113 684 mercandum,
1138 640 1285 686 quarto
1308 633 1364 673 ad
1378 631 1629 688 piscandum
1654 629 1720 672 17.

44 700 179 743 Navis
210 710 255 743 ut
284 703 464 744 salvetur
494 702 624 743 multa
654 704 934 757 requiruntur.
986 702 1154 744 Ibidem.

43 771 178 814 Navis
208 775 408 828 requisita
448 774 551 828 quid
580 775 834 832 siqnificent,
872 774 1075 828 puchram
1104 774 1197 815 vide
1226 774 1503 814 reductionem
1534 772 1719 828 desuper.

131 842 301 885 Ibidem.

43 914 202 957 Nectar
245 917 536 957 suavissimum
581 930 673 956 cum
711 930 839 957 cornu
877 916 1034 956 decenti
1078 922 1114 956 et
1158 915 1418 956 ornatissimo
1459 913 1721 955 venatoribus

132 987 330 1028 traditum
362 987 466 1041 quid
494 988 548 1028 sit
580 986 674 1027 161.

43 1056 176 1098 Nemo
227 1058 272 1098 in
321 1058 412 1098 istis
463 1056 604 1098 diebus
655 1059 894 1098 nominatur
941 1058 986 1097 in
1036 1063 1148 1097 terra
1195 1070 1246 1096 ue
1295 1055 1453 1096 divitiis
1507 1054 1722 1096 habunda-

129 1129 235 1169 verit
262 1126 331 1168 97.

43 1197 216 1240 Nobiles
247 1206 284 1240 et
313 1199 459 1239 divites
490 1212 662 1239 munera
699 1199 924 1253 recipiunt,
966 1198 1038 1239 sed
1065 1210 1270 1252 pauperes
1301 1203 1338 1237 et
1368 1195 1574 1252 simplices
1606 1196 1724 1238 tarde

129 1270 299 1310 veniunt
333 1268 427 1310 131.

43 1339 239 1382 Nominis
266 1341 451 1395 primam
483 1339 659 1380 litteram
690 1339 821 1380 delere
853 1347 909 1380 est
940 1339 1109 1380 divitias
1140 1338 1190 1379 ab
1223 1338 1365 1393 aliquo
1397 1335 1565 1391 auferre
1596 1335 1665 1377 97.

47 1410 210 1453 Occidit
235 1425 410 1466 porcum
441 1418 477 1452 et
506 1412 551 1451 in
582 1424 744 1452 saccum
769 1411 915 1466 posuit
950 1411 1024 1464 qui
1059 1409 1271 1451 mulierem
1302 1422 1421 1449 suam
1459 1408 1508 1448 de
1539 1407 1721 1449 celandis

130 1483 292 1523 secretis
323 1483 579 1537 attemptavit
612 1480 706 1521 129.

46 1551 265 1608 Onulplzus
294 1552 410 1593 miles
433 1552 704 1610 fidelissimus
735 1552 901 1592 domino
934 1565 1007 1592 suo
1027 1550 1122 1604 fuit
1155 1549 1250 1591 180.

46 1622 321 1678 oppressores
353 1630 389 1664 et
418 1623 637 1664 mulierum
667 1623 886 1664 violatores
919 1621 1122 1677 quomodo
1152 1622 1301 1676 puniri
1330 1619 1502 1662 debeant
1533 1618 1572 1660 2.

45 1692 196 1736 Oracio
227 1701 372 1735 nostra
400 1693 578 1735 melodia
609 1703 666 1736 est
697 1709 836 1735 coram
867 1695 940 1734 deo
975 1691 1042 1733 75.

45 1763 197 1806 Oracio
226 1772 371 1806 nostra
402 1773 459 1806 est
488 1764 638 1806 anulus
669 1766 861 1806 memorie
892 1771 986 1805 teste
1017 1762 1203 1818 apostolo
1239 1761 1304 1803 10.

45 1834 178 1878 Orare
198 1835 385 1877 debemus
406 1849 455 1876 ne
475 1835 605 1877 alium
626 1836 837 1877 domiuum
857 1834 1078 1876 habeamus
1100 1848 1226 1889 quam
1241 1832 1407 1874 [hesum
1423 1829 1629 1873 Christum
1650 1828 1718 1871 53.

45 1905 169 1949 Ortus
200 1906 310 1948 beati
341 1903 537 1962 Greyorii
567 1906 634 1947 81.

45 1976 179 2019 Ovum
207 1978 428 2018 strucionis
451 1976 695 2032 philomena
723 1979 770 2019 iu
801 1978 922 2018 corde
952 1992 1029 2018 sua
1060 1989 1142 2017 esse
1174 1975 1282 2016 didit
1315 1973 1409 2015 167.

41 2047 132 2090 PP
142 2048 182 2090 P
211 2055 291 2090 tres
321 2049 368 2089 in
399 2047 590 2089 columna
621 2049 723 2103 quid
752 2049 986 2106 siyuificent
1015 2047 1085 2088 42.

41 2118 196 2161 Pacem
242 2118 513 2173 reformatam
571 2120 646 2174 qui
694 2119 908 2160 destruunt
963 2133 1068 2159 ausu
1118 2117 1334 2159 temerario
1386 2112 1587 2169 quomodo
1632 2126 1718 2168 pu-

128 2191 301 2231 niuntur
331 2188 400 2230 35.

41 2259 230 2316 Papirus
262 2260 432 2315 quidam
457 2273 567 2315 puer
594 2260 798 2314 inqenuus
829 2268 1025 2301 secretum
1055 2258 1273 2300 consilium
1295 2256 1579 2298 Romanorum
1607 2253 1721 2308 quod

129 2331 239 2372 nulli
274 2331 390 2372 licuit
424 2330 605 2386 prodere
642 2331 856 2382 audierat,
897 2331 1009 2385 quod
1044 2337 1174 2371 mater
1211 2327 1262 2369 ab
1301 2328 1393 2382 ipso
1434 2326 1538 2366 scire
1573 2331 1718 2380 petens

130 2401 352 2443 blandiciis
359 2433 372 2453 ,
419 2402 544 2442 minis
581 2416 630 2441 ac
674 2399 929 2453 verberibus,
977 2401 1141 2442 taudem
1180 2412 1288 2455 puer
1325 2411 1412 2438 rem
1447 2394 1719 2437 ridiculosam

128 2473 257 2514 matri
285 2458 518 2513 cautissime
546 2472 761 2526 respondit
795 2470 890 2511 126.

42 2542 243 2585 Parentes
276 2542 457 2584 occidere
489 2542 591 2597 quid
621 2543 675 2582 sit
708 2540 773 2582 18.

43 2613 174 2656 Pater
221 2613 338 2666 filios
395 2613 542 2654 durius
598 2612 770 2666 corriqit
828 2625 952 2666 quam
1000 2617 1130 2651 mater
1183 2616 1221 2650 et
1266 2607 1341 2650 lioc
1390 2606 1529 2648 multis
1577 2606 1714 2648 racio-

128 2682 251 2725 nibus
285 2682 352 2723 14.

43 2748 243 2796 Parentes
271 2754 407 2794 nostri
435 2753 511 2807 qui
539 2753 631 2793 sint.
681 2750 850 2792 Ibidem.

44 2824 174 2866 Pater
204 2826 278 2880 qui
308 2823 420 2864 dedit
440 2823 537 2881 filio
568 2837 738 2878 requam
769 2821 971 2876 quomodo
997 2827 1145 2875 postea
1175 2818 1225 2860 ab
1258 2818 1396 2860 eodem
1427 2825 1571 2872 captus
1593 2823 1651 2858 est
1680 2823 1716 2858 et

133 2895 303 2936 exilium
326 2907 480 2950 passus
512 2891 580 2933 72.

1359 2959 1436 2995 45*
