1919 3157
846 64 930 105 449

48 172 333 223 considerans,
367 172 474 226 quod
507 176 696 212 eventum
731 182 848 210 suum
883 169 938 210 ita
972 168 1153 209 seriatim
1188 167 1411 219 dixissent,
1445 166 1512 207 diu
1547 166 1655 220 apud
1688 179 1730 207 se

50 241 140 298 [92]
175 243 383 295 tractavit,
417 243 450 283 si
484 242 554 283 11111
579 242 640 283 5111
665 244 812 282 essent.
863 239 1006 280 Altera
1039 243 1173 280 autem
1198 238 1263 279 die
1286 238 1527 290 magistrum
1553 236 1729 278 militum

50 314 151 356 adiit
183 318 224 356 et
254 313 547 368 interpellavit.
581 313 739 354 dicens:
773 311 982 366 Deprecor
1014 314 1067 361 te,
1101 309 1277 360 domine,
1311 314 1355 350 ut
1388 323 1452 350 019
1479 308 1528 349 ad
1553 308 1728 363 patriam

48 389 160 427 tuam
205 384 371 440 perduci
411 384 578 437 jubeam
627 398 700 436 ego
747 383 854 424 enim
898 395 986 422 51110
1030 380 1078 422 (19
1118 386 1226 421 19113
1269 379 1545 421 Romanorum
1588 383 1628 420 et
1666 378 1731 419 hic

49 456 268 512 peregrina
308 469 411 497 sum.
477 455 559 497 119(Ι
601 455 739 496 (licens
780 453 882 495 vidit
921 453 959 493 in
1001 466 1046 493 eo
1088 451 1205 505 signa
1244 451 1381 492 mariti
1428 451 1512 501 sui,
1560 454 1599 491 et
1638 463 1730 491 eum

49 540 312 580 cognoscens,
345 540 437 568 cum
471 527 625 579 sejam
660 526 869 567 continere
902 537 982 565 non
1017 527 1168 578 posset,
1203 522 1377 577 procidit
1412 522 1461 562 ad
1490 521 1614 576 pedes
1646 521 1732 573 ejus

50 603 91 640 et
123 598 201 639 ait:
243 597 392 640 Precor
426 603 478 641 te.
512 597 695 641 domine.
738 602 782 637 ut
818 595 940 637 michi
974 607 1156 649 exponas
1190 593 1404 648 pristinam
1441 593 1565 633 vitain
1599 596 1732 642 11131ος

50 672 149 724 puto
181 669 312 721 enim,
345 669 452 723 quod
486 672 527 710 tu
562 670 618 709 sis
652 667 861 718 Placidus,
900 666 1097 719 magister
1129 664 1321 715 militum,
1356 663 1423 717 qui
1458 662 1536 703 alio
1569 663 1734 704 nomine

49 739 297 782 Eustachius
337 744 618 795 nuncupatur,
659 752 778 793 quern
820 737 1002 779 salvator
1033 736 1256 787 convertit,
1299 735 1366 788 qui
1399 733 1521 775 talem
1557 739 1733 789 tempta-

49 811 206 853 cionem
241 811 449 863 sustinuit,
484 816 523 852 et
555 811 618 851 cui
653 824 769 862 uxor,
803 823 879 863 que
912 822 985 862 ego
1018 821 1123 859 511111,
1156 807 1197 848 10
1226 806 1330 847 mari
1364 805 1501 846 ablata
1532 805 1622 858 fuit,
1656 818 1733 859 que
1764 812 1804 846 10

50 887 187 925 tamen
220 882 270 924 ab
294 883 404 924 omni
427 882 686 936 correptione
719 885 881 923 servata
914 893 1017 924 511111,
1052 879 1119 932 qui
1154 882 1194 920 et
1221 877 1321 918 duos
1353 876 1472 929 filios,
1506 876 1732 931 Agapitum

50 958 92 996 et
121 953 409 1006 Theosbitum,
451 953 605 995 habuit.
660 952 842 994 Audiens
882 951 955 992 hec
986 949 1234 992 Eustachius
1274 952 1314 990 et
1351 948 1482 1002 ipsam
1516 947 1734 1000 diligenter

50 1025 334 1078 considerans,
383 1038 551 1066 uxorem
598 1037 712 1065 suam
757 1036 845 1065 esse
885 1022 1122 1074 recognovit
1162 1025 1201 1062 et
1240 1019 1433 1061 lacrimas
1472 1032 1544 1072 pre
1584 1018 1732 1070 gaudio

49 1096 168 1138 fudit.
221 1096 356 1151 Ipsam
390 1096 598 1138 osculatus
632 1100 705 1140 951,
739 1093 971 1148 glorificans
1004 1093 1139 1145 deum,
1174 1092 1243 1146 qui
1275 1089 1511 1132 consolatur
1544 1088 1731 1131 afflictos.

51 1167 165 1209 Tunc
196 1167 303 1209 dixit
335 1168 370 1210 ei
406 1181 507 1209 uxor
539 1180 632 1209 sua:
666 1165 855 1218 Domine,
889 1164 957 1206 ubi
981 1168 1077 1205 sunt
1097 1162 1170 1205 filii
1199 1162 1357 1204 nostri?
1389 1161 1466 1211 Qui
1499 1160 1732 1216 respondit:
1763 1168 1804 1201 15

50 1240 87 1280 A
120 1239 218 1280 feris
250 1239 360 1294 capti
393 1243 500 1280 sunt.
557 1238 611 1279 Et
643 1237 835 1291 exposuit
867 1237 923 1289 ei,
965 1234 1167 1289 quomodo
1208 1246 1276 1275 eos
1309 1232 1501 1287 perdidit.
1556 1231 1611 1274 Et
1642 1231 1732 1273 illa:

50 1309 221 1352 Gracias
253 1323 422 1364 agamus
454 1309 639 1359 (10111111ος
674 1312 771 1363 puto
805 1308 927 1360 enim,
961 1310 1018 1359 ut,
1051 1305 1396 1360 quemadmodum
1427 1304 1526 1346 deus
1568 1303 1736 1344 donavit

50 1381 188 1435 nobis,
229 1384 274 1423 111
312 1381 590 1423 inveniremus
629 1393 703 1420 nos
743 1379 939 1431 invicem,
981 1377 1095 1420 dabit
1132 1377 1261 1419 eciam
1293 1388 1586 1429 recognoscere
1617 1374 1735 1416 nobis

49 1451 157 1494 filios
188 1458 364 1495 nostros.
413 1454 471 1494 At
501 1451 590 1493 ille:
624 1450 722 1493 Dixi
756 1450 842 1503 tibi,
877 1449 983 1504 quod
1007 1463 1030 1490 a
1050 1449 1148 1490 feris
1171 1449 1355 1490 devorati
1389 1451 1496 1489 sunt.
1545 1445 1620 1488 Cui
1644 1445 1735 1487 illa:

51 1523 254 1566 Hesterno
297 1523 362 1565 die
394 1523 540 1565 sedens
572 1523 613 1564 in
647 1526 735 1563 orto
769 1521 906 1562 audivi
940 1520 1042 1562 duos
1067 1520 1240 1573 juvenes
1273 1520 1331 1561 sic
1363 1523 1404 1561 et
1435 1519 1492 1560 sic
1525 1530 1641 1558 suam
1674 1517 1735 1558 in·
1761 1523 1806 1557 20

50 1594 227 1637 sanciam
262 1598 533 1650 exponentem
575 1593 714 1645 credo,
758 1592 864 1646 quod
904 1592 987 1633 sint
1018 1590 1090 1632 filii
1124 1591 1275 1642 nostri3
1316 1591 1528 1643 interroga
1569 1601 1657 1641 eos,
1697 1592 1738 1629 91

51 1665 190 1708 dicent
235 1666 322 1708 tibi.
385 1665 624 1708 Convocans
673 1668 809 1706 autem
858 1662 1106 1705 Eustachius
1153 1676 1221 1704 eos
1270 1666 1310 1704 et
1360 1661 1530 1702 audiens
1579 1659 1629 1701 ab
1678 1659 1736 1701 915

51 1737 272 1779 1013091310
315 1750 453 1790 503111,
493 1736 751 1789 recognovit,
792 1734 899 1789 quod
932 1733 1003 1775 filii
1036 1733 1098 1775 sui
1132 1737 1268 1784 erant3
1303 1737 1343 1774 et
1380 1731 1634 1787 amplectens
1668 1744 1736 1772 eos

51 1808 141 1864 ipse
173 1813 214 1851 et
244 1812 377 1850 mater
408 1821 531 1863 super
563 1821 704 1850 eorum
737 1806 841 1848 colla
872 1805 1096 1861 plurimum
1130 1804 1352 1857 fleverunt,
1385 1808 1425 1846 91
1454 1802 1637 1845 crebrius
1668 1815 1736 1844 eos

52 1879 356 1922 osculabantur.
399 1879 542 1922 Omnis
566 1883 700 1921 autem
726 1877 930 1920 exercitus
953 1876 1177 1931 plurimum
1200 1875 1407 1929 gaudebat
1428 1875 1477 1916 de
1494 1874 1736 1916 invencione
1764 1880 1808 1914 25

52 1963 191 1993 eorum
226 1954 266 1993 et
298 1951 347 1993 de
380 1951 553 1992 victoria
584 1950 865 1992 barbarorum.
914 1947 1016 1990 Cum
1049 1947 1175 2001 igitur
1207 1947 1401 1999 redirent,
1436 1946 1620 1999 contigit,
1648 1946 1734 1999 jam

52 2021 275 2076 Trajanum
318 2022 490 2074 obiisse,
537 2026 577 2064 et
616 2020 860 2063 successisse
902 2020 937 2061 ei
978 2019 1158 2074 pejorem
1198 2019 1241 2060 in
1281 2017 1524 2070 sceleribus,
1572 2017 1737 2058 nomine

53 2093 298 2147 Adrianum,
333 2094 403 2148 qui
435 2106 509 2149 pro
541 2093 714 2134 victoria
746 2092 913 2134 obtenta
945 2094 985 2132 et
1015 2090 1257 2132 invencione
1289 2089 1430 2131 uxoris
1460 2087 1533 2143 [et]
1559 2088 1736 2129 tiliorum

53 2163 269 2218 magnifice
300 2177 370 2207 eos
393 2164 575 2219 suscepit
597 2167 637 2205 et
658 2176 851 2216 magnum
876 2162 1108 2204 convivium
1133 2161 1384 2216 preparavit.
1432 2159 1578 2202 Altera
1600 2163 1735 2200 autem

53 2235 118 2278 die
157 2235 207 2278 ad
238 2235 439 2291 templum
481 2234 683 2277 idolorum
725 2234 948 2289 processit,
990 2237 1035 2274 ut
1072 2233 1128 2274 ibi
1171 2231 1422 2274 sacrificaret
1458 2244 1531 2285 pro
1566 2229 1739 2271 victoria
1763 2235 1808 2269 30

53 2306 336 2349 barbarorum.
409 2305 563 2348 Videns
611 2310 746 2348 autem
796 2306 1044 2360 imperator,
1092 2303 1200 2358 quod
1246 2301 1495 2344 Eustachius
1541 2314 1617 2343 nec
1663 2314 1736 2356 pro

53 2378 246 2431 victoria,
279 2391 355 2420 nec
386 2391 460 2433 pro
493 2377 734 2419 invencione
765 2390 932 2418 suorum
966 2374 1197 2416 sacrificare
1231 2373 1371 2426 vellet,
1405 2372 1660 2424 hortabatur,
1695 2375 1738 2412 ut

53 2448 298 2491 sacrificium
332 2448 577 2490 immolaret.
635 2447 711 2489 Cui
742 2446 1012 2490 Eustachius:
1046 2445 1133 2498 Ego
1165 2444 1374 2487 Christum
1408 2444 1527 2486 deum
1561 2442 1663 2495 colo,
1697 2445 1737 2483 et

53 2519 114 2562 illi
146 2520 222 2562 soli
253 2520 388 2562 servio
420 2523 459 2561 et
499 2518 695 2561 sacrifico.
754 2518 869 2560 Tunc
909 2518 1135 2572 imperator
1167 2516 1230 2557 ira
1260 2515 1442 2571 repletus
1475 2515 1610 2569 ipsum
1644 2526 1734 2554 cum

53 2604 182 2633 uxore
209 2594 249 2633 et
270 2590 366 2632 111115
388 2591 429 2632 10
452 2589 606 2632 harena
637 2589 783 2631 statuit
814 2593 855 2631 et
884 2588 1044 2630 leonem
1076 2587 1253 2629 ferocem
1287 2587 1336 2628 ad
1361 2599 1428 2628 eos
1451 2585 1604 2627 dimitti
1627 2584 1734 2625 fecit.
1762 2590 1807 2624 35

58 2659 181 2716 [9232]
214 2661 442 2704 Occurrens
476 2674 571 2703 vero
604 2659 666 2702 leo
699 2664 740 2702 et
771 2660 940 2702 dimisso
973 2659 1108 2713 capite
1141 2658 1258 2712 quasi
1291 2671 1359 2700 eos
1394 2657 1568 2698 adorans
1602 2654 1652 2696 ab
1678 2654 1736 2696 eis

54 2731 265 2776 humiliter
309 2733 491 2775 recessit.
554 2731 669 2772 Tunc
707 2731 932 2786 imperator
971 2730 1113 2772 bovem
1164 2742 1301 2771 ereum
1350 2727 1512 2769 incendi
1558 2726 1655 2768 fecit
1698 2729 1738 2767 91

56 2816 124 2846 905
155 2803 306 2846 ibidem
340 2804 454 2845 vivos
487 2802 595 2844 mitti
628 2801 853 2843 mandavit.
900 2800 1074 2842 Orantes
1107 2800 1232 2854 igitur
1265 2799 1394 2841 sancti
1429 2802 1469 2840 et
1501 2811 1544 2840 se
1569 2797 1735 2839 domino

55 2875 405 2928 commendantes,
438 2873 580 2916 bovem
615 2873 817 2914 intrantes
849 2871 998 2913 ibidem
1033 2871 1198 2912 domino
1233 2871 1427 2926 spiritum
1455 2867 1735 2910 reddiderunt.

148 2956 194 2990 23
219 2954 451 3000 amplectens]
478 2960 563 3001 oriy.
583 2953 852 2998 amplectentes.
948 2952 992 2986 24
1018 2951 1066 2995 et]
1093 2957 1178 2997 oriy.
1196 2961 1250 2986 ea.
1346 2951 1392 2984 30
1415 2949 1476 2993 ibi]
1504 2954 1590 2995 oriq.
1608 2947 1682 2982 ubi.

1758 456 1779 489 m

118 3026 339 3063 Oenterley.
363 3027 454 3054 Gesta
475 3026 684 3053 Romanorum.
1413 3014 1456 3048 29
