1919 3157
840 85 925 126 489

42 183 245 228 Dominus
285 186 403 228 fortis
441 191 481 229 et
519 194 666 244 potens
706 194 781 232 etc.
844 190 920 241 Qui
960 192 1103 234 videns
1143 194 1341 236 mundum
1380 195 1422 237 in
1461 196 1642 251 periculo
1683 202 1724 240 et

39 258 170 298 totum
208 270 337 310 genus
378 257 601 301 humanum
644 261 684 302 in
724 262 980 316 perdicione,
1020 264 1204 319 perrexit
1245 265 1295 306 ad
1334 266 1594 321 sepulchrum
1636 269 1660 310 i.
1686 283 1719 311 e.

38 330 199 369 uterum
239 328 356 371 beate
389 330 582 383 virginis,
623 336 663 373 et
702 333 757 374 ibi
800 334 957 375 invenit
996 348 1112 377 arma
1150 336 1273 391 primi
1311 338 1496 392 parentis
1529 339 1553 380 i.
1578 352 1612 382 e.
1647 339 1720 382 hu-

37 398 277 441 manitatem
320 414 442 455 quam
484 403 709 456 assumpsit
748 408 785 445 et
823 410 965 446 contra
998 406 1205 448 diabolum
1242 409 1460 462 pugnavit,
1505 411 1718 453 victoriam

37 468 227 524 obtinuit,
261 475 301 512 et
332 485 406 513 nos
429 486 452 514 a
474 477 605 515 morte
628 473 830 517 liberavit.
873 475 1011 517 Emuli
1045 482 1140 518 sunt
1171 476 1307 532 Judei,
1342 480 1408 533 qui
1438 480 1512 522 hoe
1535 482 1720 525 videntes
1745 487 1767 522 5

35 538 151 582 illum
184 541 292 596 apud
325 540 504 584 Pilatum
545 545 811 599 accusabant,
857 547 1060 589 dicentes:
1102 548 1162 590 Ne
1200 549 1306 592 forte
1346 551 1512 593 veniant
1544 551 1719 595 Romani

36 614 78 653 et
116 610 264 653 tollant
303 618 489 655 nostrum
531 614 663 657 locum
705 622 779 659 etc.
844 617 961 660 Miles
1002 619 1185 661 dicebat:
1234 620 1381 663 Melius
1427 627 1506 675 est,
1554 627 1600 665 ut
1638 637 1720 666 11113

36 680 182 724 domus
216 682 466 737 destruatur,
501 699 622 740 quam
657 692 743 729 tota
766 689 924 730 civitas.
972 689 1006 731 E
1040 695 1184 733 contra
1209 691 1388 748 Caiphas
1421 693 1601 736 dicebat:
1636 695 1719 737 Ex-

34 752 167 808 pedit,
200 759 246 796 ut
277 769 382 796 unus
414 757 617 799 moriatur
649 763 689 800 et
720 772 799 801 non
837 758 989 815 [113b]
1024 765 1111 803 tota
1143 776 1255 815 gens.
1311 762 1404 806 Ideo
1437 763 1594 807 Pilatus
1626 779 1716 808 eum

34 824 158 866 morti
189 825 374 880 tradidit,
409 827 458 870 de
490 828 604 882 cujus
637 834 768 872 morte
801 835 917 886 petre
950 833 1076 874 scisse
1108 838 1205 875 sunt
1236 838 1277 876 et
1306 834 1472 877 tenebre
1494 836 1601 878 facte
1624 841 1719 879 sunt
1747 843 1789 876 10

34 907 158 950 super
188 897 422 940 universam
457 903 624 953 terram,
658 901 729 943 sed
761 901 872 944 facta
902 903 1076 945 victoria
1108 904 1255 947 iterato
1288 906 1329 947 in
1352 906 1569 962 sepulchro
1603 921 1719 950 arma

33 968 219 1022 reposuit
249 969 275 1010 i.
300 982 334 1011 e.
368 983 517 1025 corpus
540 984 657 1013 suum
682 972 904 1026 gloriosum
932 974 973 1015 in
995 979 1108 1017 terra
1140 977 1307 1030 quievit.
1352 976 1599 1020 Studeamus
1622 993 1718 1034 ergo

33 1038 119 1092 ejus
151 1043 326 1082 mortem
359 1040 554 1097 plangere
588 1043 627 1085 in
662 1048 819 1097 mente,
862 1045 904 1086 in
938 1045 1059 1088 corde
1099 1047 1278 1090 retinere
1319 1052 1359 1091 et
1392 1049 1440 1090 ad
1475 1051 1715 1092 memoriam

31 1108 247 1165 reducere,
288 1112 385 1166 quia
418 1114 592 1156 viriliter
624 1128 698 1170 pro
730 1115 849 1158 nobis
881 1118 1083 1172 pugnavit
1114 1122 1155 1160 et
1185 1132 1258 1161 nos
1292 1133 1316 1161 a
1346 1120 1532 1163 faucibus
1565 1121 1716 1164 diaboli

30 1178 235 1235 liberavit,
267 1183 375 1226 unde
407 1189 579 1240 propter
600 1185 675 1228 1100
707 1190 896 1229 tenemur
928 1202 1018 1230 eum
1054 1202 1178 1244 super
1201 1191 1339 1232 omnia
1371 1191 1542 1245 diligere
1575 1197 1616 1235 et
1642 1206 1717 1248 pro
1746 1199 1788 1232 15

31 1251 117 1306 ejus
139 1265 279 1296 amore
312 1259 470 1310 patrem
506 1260 547 1299 et
577 1261 752 1300 matrem
787 1258 1008 1301 dimittere.
1058 1259 1157 1311 Quis
1189 1275 1370 1316 unquam
1405 1263 1575 1317 audivit,
1609 1264 1717 1319 quod

29 1321 150 1365 homo
189 1324 345 1368 habens
384 1328 549 1369 unicum
591 1327 719 1370 filium
760 1334 801 1372 et
840 1330 1053 1384 heredem,
1092 1333 1161 1386 qui
1200 1346 1293 1375 eum
1332 1334 1438 1376 mori
1478 1335 1717 1390 permittere

30 1392 174 1449 vellet,
214 1396 320 1438 sicut
360 1402 478 1453 pater
510 1399 672 1442 celestis
712 1401 866 1443 fecerat
903 1402 954 1444 de
984 1403 1105 1445 unico
1145 1403 1229 1446 filio
1263 1418 1336 1447 suo
1376 1406 1542 1448 domino
1574 1411 1715 1449 nostro

29 1463 148 1508 Ihesu
180 1465 344 1510 Christo
377 1473 418 1511 et
449 1474 587 1513 tamen
620 1477 807 1514 mortuus
840 1477 914 1515 est.
971 1473 1039 1516 Sic
1078 1478 1119 1517 et
1149 1489 1225 1518 nos
1258 1476 1453 1519 debemus
1484 1477 1716 1520 voluntarie

29 1537 164 1580 carnis
210 1538 509 1584 delectaciones
557 1547 597 1585 et
643 1556 763 1586 omne
812 1545 919 1598 quod
966 1545 1042 1588 deo
1089 1546 1282 1601 displicet
1324 1561 1398 1603 per
1437 1550 1713 1604 penitenciam
1741 1556 1786 1590 20

29 1608 290 1665 mortificare,
323 1616 365 1655 et
395 1613 454 1654 sic
485 1613 612 1655 vitam
645 1618 828 1658 eternam
863 1617 1062 1672 optinere.

675 1833 1066 1889 CAp.135.(127)

26 1914 100 1962 De
135 1919 414 1964 consciencia
454 1926 611 1966 nostra
649 1937 734 1982 que
771 1923 876 1967 dum
915 1926 1200 1984 anqustiatur
1238 1926 1301 1970 ad
1337 1926 1466 1970 deum
1494 1942 1582 1986 per
1607 1943 1711 1973 con-

303 2002 554 2062 fessionem
592 2011 632 2051 et
667 2021 805 2066 opera
843 2009 1076 2052 meritoria
1113 2023 1415 2055 recurramus.

141 2107 282 2151 Refert
310 2111 570 2165 Augustinus
602 2113 651 2156 de
684 2114 851 2157 civitate
892 2115 978 2169 dei,
1020 2116 1126 2170 quod
1160 2116 1358 2159 Lucrecia
1393 2131 1566 2160 romana
1595 2118 1712 2161 nobi·
1738 2128 1783 2162 25

25 2176 183 2221 lissima
214 2181 411 2236 moribus,
445 2197 523 2239 que
555 2189 645 2227 erat
677 2199 781 2227 uxor
803 2185 995 2243 Calatini,
1029 2191 1070 2229 et
1095 2200 1186 2230 cum
1210 2188 1279 2230 1116
1302 2187 1515 2246 Calatinus
1539 2188 1711 2232 Sextum

25 2252 190 2294 nomine
210 2251 339 2295 filium
363 2254 626 2310 imperatoris
650 2256 863 2311 Tarquinii
886 2257 937 2299 ad
960 2263 1139 2300 castrum
1164 2273 1283 2301 suum
1306 2260 1536 2314 invitasset,
1561 2260 1711 2304 Sextus

26 2325 88 2364 ost
123 2323 264 2366 statim
304 2330 449 2381 captus
489 2327 532 2368 in
572 2341 711 2369 amore
751 2327 1027 2383 pulcherrime
1065 2328 1274 2373 Lucrecie.
1333 2331 1512 2387 Tempus
1553 2336 1709 2387 aptum,

26 2403 103 2448 quo
134 2395 363 2450 imperator
395 2401 435 2438 et
460 2397 689 2455 Collatinus
722 2398 771 2441 de
796 2398 927 2441 Roma
958 2400 1080 2442 simul
1112 2401 1365 2456 recederent,
1400 2403 1636 2457 observans,
1670 2408 1711 2446 et

25 2463 76 2506 ad
105 2466 336 2521 predictum
376 2473 557 2510 castrum
598 2483 789 2512 reversus
829 2470 886 2513 ibi
925 2473 1185 2527 pernoctavit
1222 2477 1263 2515 et
1298 2478 1418 2516 nocte
1449 2474 1521 2516 illa
1552 2487 1632 2516 non
1665 2481 1711 2517 ut
1735 2483 1780 2517 30

23 2531 171 2591 hospes
194 2538 265 2580 sed
287 2542 334 2580 ut
353 2538 483 2582 hostis
506 2540 738 2583 cubiculum
761 2541 958 2585 Lucrecie
980 2543 1083 2585 clam
1119 2544 1342 2599 ingressus,
1375 2559 1501 2587 manu
1533 2546 1710 2588 sinestra

19 2608 261 2662 ‚opprimens
294 2615 436 2666 pectus
469 2612 571 2665 ejus,
605 2612 752 2654 dextra
783 2627 880 2655 vero
902 2614 1085 2667 gladium
1110 2619 1254 2658 tenens
1279 2629 1321 2659 se
1345 2617 1527 2672 prodidit
1548 2617 1706 2659 dicens:

26 2673 121 2723 sine
151 2693 267 2722 mora
297 2681 422 2723 michi
455 2684 693 2725 consencias
726 2684 790 2726 vel
821 2685 1024 2727 morieris.
1079 2685 1153 2728 Illa
1183 2701 1280 2729 vero
1312 2688 1424 2730 nullo
1456 2688 1578 2730 modo
1612 2701 1708 2731 con-

15 2747 176 2793 ‘sentire
207 2751 369 2795 volebat
400 2752 587 2809 dixitque
620 2753 792 2797 Sextus:
831 2755 922 2798 Nisi
960 2757 1085 2799 michi
1123 2760 1362 2802 consencias
1394 2773 1556 2802 servum
1583 2760 1708 2814 jugu-

23 2813 149 2863 latum
188 2823 345 2866 nudum
385 2826 548 2880 corpori
587 2830 657 2868 tuo
698 2827 807 2868 nudo
849 2828 977 2870 eciam
1019 2832 1059 2871 te
1091 2829 1281 2883 jugulato
1320 2830 1505 2884 sociabO,
1548 2834 1594 2872 ut
1634 2845 1708 2886 per
1732 2839 1778 2874 35

25 2889 161 2935 orbem
199 2894 311 2937 fama
348 2901 508 2949 currat,
547 2895 790 2940 Lucreciam
831 2899 882 2941 ob
914 2900 1047 2955 stupri
1080 2913 1247 2943 causam
1285 2915 1377 2944 cum
1411 2915 1529 2944 servo
1562 2902 1604 2944 in
1636 2915 1706 2945 cu-

5 2954 155 3023 ι,Β101110
189 2966 436 3020 jugulatam.
493 2967 569 3010 Illa
608 2982 703 3011 vero
742 2970 893 3013 timens
925 2971 976 3014 de
1007 2971 1081 3014 tali
1112 2971 1286 3017 infamia
1315 2976 1458 3016 coacta
1488 2974 1704 3017 concessit.

0 3103 37 3129 J.

1 3135 50 3157 >Aa
