1949 3162
122 806 164 839 10

123 1161 166 1196 15

123 1518 167 1551 20

123 1874 168 1908 25

125 2231 170 2264 30

128 2587 172 2621 35

987 52 1071 94 358

188 160 261 202 Ait
293 160 541 214 imperator:
574 158 629 200 Et
662 173 787 213 quare
818 163 907 201 octo
930 159 1147 200 denarios?
1180 158 1254 208 Qui
1280 159 1354 200 ait:
1390 159 1508 200 Omni
1533 159 1597 200 (lie
1619 173 1692 214 per
1714 173 1862 201 annum

190 231 291 273 duos
315 230 504 272 denarios
527 235 669 273 teneor
693 231 803 283 dare,
828 243 928 284 quos
951 230 1135 271 mutuavi
1159 230 1445 283 injuventute,
1470 230 1570 272 duos
1589 230 1864 283 accommodo,

190 302 290 343 duos
324 301 464 356 perdo,
498 302 599 343 duos
633 301 833 357 expendo.
875 301 948 342 Ait
980 301 1223 355 imperator:
1257 301 1318 343 De
1341 302 1430 342 istis
1460 301 1718 343 manifestius
1742 301 1865 343 debes

189 372 312 414 michi
345 372 499 414 dicere:
532 372 608 414 Cui
639 374 699 414 ait
728 372 863 414 saber:
899 371 1075 412 Domine
1098 372 1168 423 mi,
1202 372 1402 414 advertite
1424 374 1508 414 me!
1542 371 1656 413 Duos
1678 372 1866 414 denarios

190 443 298 484 omni
341 442 406 484 die
447 447 589 485 teneor
629 444 737 498 patri
776 456 887 495 meo,
929 443 1026 496 quia
1064 455 1152 484 cum
1189 456 1317 484 essem
1360 457 1462 498 puer
1497 443 1711 498 parvulus,
1752 446 1868 498 pater

188 527 303 555 meus
341 514 441 555 duos
481 514 670 556 denarios
711 527 833 569 super
873 527 937 554 me
978 513 1148 566 siugulis
1190 513 1331 555 (liebus
1372 514 1587 569 expendit,
1622 515 1709 567 jam
1751 518 1868 569 pater

189 598 303 626 meus
336 585 377 626 in
411 588 592 638 egestate
631 589 693 626 est
724 585 905 639 positus,
948 584 1054 625 unde
1086 584 1195 624 racio
1229 584 1376 637 dictat,
1419 585 1527 638 quod
1559 586 1594 626 ei
1628 585 1867 626 subveniam

189 655 230 696 in
270 668 344 696 sua
384 660 646 710 paupertate,
688 660 728 697 et
767 655 857 696 ideo
899 655 1010 696 omni
1043 654 1107 696 die
1147 655 1248 695 duos
1281 656 1471 697 denarios
1511 656 1546 697 ei
1587 656 1726 704 trad03
1767 655 1867 697 duos

190 725 291 767 alios
324 726 514 769 denarios
547 726 630 768 filio
663 740 753 768 meo
797 726 1081 777 accommodo,
1122 727 1189 780 qui
1216 727 1303 780 jam
1337 726 1388 767 ad
1421 727 1601 768 studium
1635 727 1792 782 pergit,
1825 730 1870 768 ut

190 797 224 838 si
264 798 476 851 contingat
516 811 580 839 me
621 798 671 839 ad
712 802 935 851 egestatem
976 797 1215 852 pervenire,
1254 797 1376 838 michi
1416 797 1507 838 illos
1547 797 1647 839 duos
1680 797 1870 839 denarios

189 868 349 922 reddat,
384 869 490 910 sicut
521 882 594 921 ego
621 869 707 922 jam
743 869 852 924 patri
885 882 974 909 meo
1007 868 1132 918 facio3
1171 868 1272 909 duos
1306 868 1406 910 alios
1439 868 1630 910 denarios
1662 868 1773 909 omni
1805 867 1870 909 die

189 939 317 994 perdo
359 953 482 994 super
521 953 693 981 uxorem
734 953 888 991 meam,
939 939 1035 993 quia
1073 952 1235 993 semper
1269 943 1330 981 est
1370 939 1493 980 michi
1535 939 1760 991 contraria,
1801 942 1871 981 aut

189 1011 356 1065 proprie
389 1010 612 1052 voluntatis
645 1014 715 1052 aut
747 1010 892 1051 callide
925 1010 1249 1064 complectionis,
1283 1014 1323 1052 et
1354 1015 1524 1065 propter
1556 1011 1635 1052 ista
1657 1011 1737 1052 tria
1760 1011 1871 1064 quic—

191 1081 289 1135 quid
328 1081 364 1122 ei
408 1081 578 1134 dedero,
620 1082 696 1122 hoc
736 1081 882 1136 perdog
923 1081 1024 1122 duos
1068 1081 1168 1122 alios
1209 1082 1398 1123 denarios
1439 1096 1562 1137 super
1594 1082 1797 1136 meipsum
1829 1082 1871 1122 in

191 1152 292 1194 cibis
332 1156 372 1193 et
404 1152 568 1207 potibus
610 1153 809 1208 expendo.
858 1151 1008 1193 Levius
1042 1152 1147 1193 bono
1179 1153 1300 1194 modo
1332 1154 1509 1194 transire
1541 1166 1621 1194 non
1655 1156 1797 1207 potero
1831 1156 1871 1194 et

190 1223 292 1265 istos
324 1223 515 1265 denarios
546 1237 629 1265 non
652 1237 818 1278 possum
844 1224 1028 1266 obtinere
1059 1224 1146 1265 sine
1169 1225 1360 1265 continuo
1382 1225 1534 1266 labore.
1581 1223 1675 1266 Jam
1700 1223 1871 1265 audistis

191 1295 411 1336 racionem.
468 1294 584 1336 Detis
624 1308 719 1348 ergo
753 1296 956 1348 judicium
997 1296 1174 1337 rectum!
1230 1295 1586 1350 Ait‘imperator:
1635 1295 1870 1348 Carissime,

191 1369 301 1408 recte
332 1365 596 1420 respondisti,
632 1366 734 1408 vade
766 1371 807 1407 et
837 1366 1012 1408 fideliter
1045 1366 1234 1412 ammodo
1267 1366 1428 1408 laboral
1461 1366 1561 1408 Post
1591 1367 1666 1408 hoc
1694 1367 1773 1408 cito
1795 1366 1872 1408 im-

192 1441 358 1492 perator
400 1437 614 1478 defunctus
657 1441 738 1491 est,
780 1442 819 1479 et
851 1438 981 1479 Focus
1021 1437 1136 1479 faber
1176 1441 1344 1492 propter
1384 1452 1498 1479 suam
1532 1438 1799 1493 prudenciam
1831 1438 1872 1478 in

192 1509 485 1563 imperatorem
510 1508 675 1561 eligitur
697 1510 748 1550 ab
772 1509 974 1562 omnibus,
998 1509 1067 1563 qui
1090 1509 1308 1563 imperium
1333 1510 1433 1551 satis
1452 1510 1676 1564 prudenter
1690 1508 1871 1562 regebat.

192 1579 286 1635 Ipso
326 1583 487 1621 mortuo
528 1580 634 1622 inter
673 1580 774 1621 alios
816 1581 1087 1635 imperatores
1127 1581 1261 1633 imago
1302 1581 1387 1633 ejus
1428 1581 1664 1635 depingitur
1695 1584 1736 1622 et
1766 1579 1874 1621 ultra

193 1655 318 1707 caput
350 1664 468 1692 suum
502 1655 591 1693 octo
624 1651 794 1693 denarii.

311 1722 538 1775 Gai-issimi,
571 1722 649 1764 iste
681 1723 906 1777 imperator
939 1727 1000 1764 est
1031 1727 1149 1778 pater
1180 1723 1355 1775 celestis⁷
1390 1723 1458 1776 qui
1491 1722 1636 1763 statuit
1664 1735 1740 1777 pro
1770 1722 1872 1775 lege,

196 1794 304 1848 quod
337 1794 406 1848 qui
439 1793 546 1834 diem
588 1794 854 1848 primogeniti
895 1794 957 1834 sui
993 1794 1186 1847 violaret,
1228 1792 1316 1847 [43]
1352 1798 1484 1835 morte
1517 1793 1726 1834 morietur.
1774 1792 1874 1835 Dies

192 1866 273 1907 ista
306 1870 368 1907 est
399 1864 485 1906 dies
519 1864 737 1917 dominica,
776 1865 862 1906 sive
895 1865 980 1906 dies
1012 1865 1213 1906 festivalis
1246 1865 1296 1906 ab
1330 1865 1501 1906 ecclesia
1532 1864 1734 1918 ordinata,
1767 1864 1874 1906 unde

194 1937 235 1978 in
267 1936 396 1978 veteri
428 1935 517 1989 lege
550 1949 596 1978 ac
627 1949 734 1977 nova
764 1936 932 1977 dicitur:
966 1936 1193 1988 Memento⁷
1227 1941 1271 1977 ut
1300 1936 1409 1977 diem
1434 1936 1595 1977 sabbati
1625 1935 1872 1978 sanctifices!

195 2008 274 2050 Sed
308 2008 385 2050 heu
420 2007 519 2062 proh
554 2006 688 2059 dolor,
729 2007 866 2061 plures
905 2007 987 2048 illis
1027 2007 1169 2049 diebus
1203 2011 1372 2062 peccata
1409 2007 1567 2061 majora
1598 2007 1873 2061 committunt,

195 2093 317 2133 quam
351 2080 497 2121 ceteris
532 2078 694 2119 diebus!
729 2078 848 2120 Tales
882 2082 1076 2133 poterunt
1109 2078 1329 2120 assimilari
1362 2078 1522 2120 cuidam
1557 2078 1659 2133 pisci
1690 2079 1732 2119 in
1755 2078 1873 2131 mari,

194 2151 353 2193 tamdiu
385 2151 487 2192 bene
520 2153 582 2190 est
613 2150 705 2201 sibi,
741 2150 935 2203 quamdiu
969 2154 1030 2191 est
1060 2150 1102 2190 in
1135 2150 1262 2203 mari,
1295 2150 1366 2191 sed
1399 2150 1432 2190 si
1466 2150 1677 2202 contingat
1709 2163 1732 2191 a
1763 2163 1874 2203 casu,

196 2222 304 2276 quod
335 2222 460 2263 saltat
491 2234 616 2275 supra
648 2225 832 2275 tempore
865 2221 1016 2275 pluvie,
1051 2225 1090 2262 et
1122 2221 1264 2275 pluvia
1286 2235 1376 2262 eum
1400 2226 1556 2274 tangat,
1588 2221 1734 2275 incipit
1755 2221 1874 2273 mori,

196 2307 271 2335 nec
302 2307 375 2348 per
409 2292 558 2333 multos
592 2292 679 2333 dies
712 2296 864 2333 statum
900 2293 985 2345 ejus
1018 2292 1169 2346 poterit
1200 2305 1466 2347 recuperare,
1509 2304 1720 2346 quousque
1749 2291 1876 2333 fuerit

197 2365 246 2407 de
278 2378 385 2418 aqua
415 2364 542 2405 maris
575 2363 766 2404 saciatus.
814 2362 971 2404 Eodem
993 2364 1115 2404 modo
1140 2363 1280 2417 aliqui,
1314 2364 1509 2417 quamdiu
1535 2366 1630 2404 sunt
1652 2376 1724 2417 per
1745 2366 1873 2404 totam

198 2436 474 2491 septimanam
515 2435 556 2476 in
597 2435 701 2475 mari
740 2434 859 2487 hujus
901 2434 1043 2475 mundi
1082 2435 1337 2487 laborantes5
1376 2434 1535 2476 tamdiu
1574 2434 1676 2476 bene
1714 2434 1875 2476 videtur

198 2507 283 2559 eis3
333 2506 404 2548 sed
445 2506 479 2547 si
520 2506 732 2559 contingat
770 2519 837 2547 eos
878 2506 1020 2547 diebus
1060 2506 1219 2547 festivis
1261 2506 1310 2547 ad
1350 2506 1562 2547 ecclesiam
1605 2518 1794 2559 pergere⁷
1836 2508 1907 2563 et,

198 2578 376 2632 aliquem
411 2576 569 2618 dulcem
603 2590 831 2618 sermonem
867 2577 929 2618 vel
962 2577 1129 2618 missam
1166 2577 1320 2629 audire,
1354 2577 1411 2618 eis
1445 2577 1619 2628 videtur,
1653 2576 1762 2629 quod
1793 2576 1876 2617 sint

198 2650 239 2690 in
273 2662 422 2702 magna
454 2649 662 2701 angustia„
704 2661 915 2701 quousque
954 2652 1049 2689 sunt
1088 2649 1127 2689 in
1161 2648 1353 2702 operibus
1386 2647 1604 2688 mundanis
1642 2646 1872 2688 refocillati.

200 2719 398 2773 Virgilius
432 2722 562 2772 certe,
597 2719 666 2772 qui
699 2723 874 2760 statuam
908 2720 1082 2771 fecerat„
1121 2723 1182 2760 est
1214 2720 1384 2774 spiritus
1417 2723 1604 2770 sanctus,
1638 2718 1706 2772 qui
1738 2718 1876 2773 predi-

199 2795 379 2833 catorem
414 2790 689 2842 ordinaverat,
723 2793 768 2830 ut
799 2791 1020 2831 annunciet
1042 2791 1214 2832 virtutes
1237 2794 1277 2832 et
1299 2791 1417 2843 vicia,
1451 2803 1600 2844 penam
1624 2793 1664 2830 et
1684 2789 1871 2842 gloriam.

201 2860 281 2903 Sed
321 2862 399 2903 heu
440 2865 480 2903 et
518 2861 619 2916 proh
661 2860 775 2901 dolor
808 2861 893 2914 jam
937 2861 1088 2916 poterit
1126 2861 1260 2903 dicere
1302 2861 1555 2916 predicator,
1595 2860 1701 2901 sicut
1737 2863 1874 2901 statua

201 2932 379 2975 dixerat:
414 2932 618 2988 Tempora
648 2935 873 2973 mutantur.
922 2932 1010 2973 Hoc
1031 2933 1132 2974 satis
1155 2931 1372 2973 manifeste
1394 2932 1579 2973 videmus
1600 2932 1642 2973 in
1664 2931 1875 2986 primitiva
