1919 3157
882 49 966 90 299

89 157 238 200 infirmi
282 170 305 198 a
345 169 600 211 quacumque
643 155 881 197 infirmitate
927 155 1081 198 detenti
1128 159 1236 197 tacto
1283 168 1452 210 corpore
1499 154 1759 196 curabantur.

88 228 360 284 Imperatores
400 232 516 269 tanta
554 227 753 268 miracula
794 227 978 269 videntes
1018 231 1214 282 ceperunt
1252 240 1325 281 per
1363 240 1406 268 se
1446 239 1536 268 cum
1570 226 1761 281 pontifice

87 299 236 341 lectum
271 303 436 354 portare
470 303 513 340 ut
545 303 583 340 et
617 299 694 354 ipsi
737 298 1091 341 sanctificarentur
1129 297 1179 339 ab
1219 297 1360 339 eodem
1400 310 1569 352 corpore
1605 301 1759 339 sancto.

89 370 203 412 Tunc
233 370 501 426 imperatores
528 370 741 422 jusserunt
773 370 933 425 copiam
968 370 1056 411 auri
1090 372 1130 411 et
1162 369 1322 422 argenti
1355 369 1394 409 in
1428 368 1576 423 plateis
1609 368 1761 423 spargi,

88 447 132 483 ut
162 441 281 483 turbe
312 445 611 496 occuparentur
644 454 781 482 amore
815 441 1080 496 pecuniarum
1116 444 1156 482 et
1187 440 1370 482 sinerent
1401 452 1550 494 corpus
1572 443 1761 480 sanctum
1787 447 1808 479 5

88 512 254 568 perduci
288 512 338 554 ad
371 512 598 565 ecclesiam,
633 512 703 553 sed
738 511 852 567 plebs
885 525 1023 553 amore
1057 511 1322 567 pecuniarum
1353 511 1538 566 deposito
1561 511 1692 564 magis
1716 524 1762 552 ac

88 583 219 637 magis
242 583 292 625 ad
314 587 466 626 tactum
491 583 739 625 sanctissimi
763 583 945 638 corporis
969 583 1164 635 irruebat,
1195 586 1235 624 et
1260 583 1317 624 sic
1340 595 1429 624 cum
1453 595 1601 635 magno
1624 581 1762 623 labore

89 655 139 697 ad
171 655 369 711 templum
403 655 532 697 sancti
565 654 764 696 Bonifacii
798 654 991 710 martyris
1024 654 1189 696 tandem
1223 654 1356 709 ipsum
1396 653 1689 708 perduxerunt,
1723 656 1764 695 et

87 725 171 768 illic
202 740 276 782 per
309 730 464 782 septem
499 726 584 767 dies
617 726 656 766 in
690 725 880 768 laudibus
913 725 977 768 dei
1011 726 1276 780 persistentes
1303 724 1461 780 operati
1493 728 1588 766 sunt
1619 738 1763 766 monu-

88 801 273 840 mentum
305 812 353 840 ex
388 811 485 840 auro
519 802 559 839 et
590 797 762 850 gemmis
796 797 1074 852 preciosisque
1106 796 1333 852 lapidibus,
1367 796 1407 837 in
1441 808 1520 850 quo
1553 795 1761 838 sanctissi-
1790 804 1832 838 10

87 882 199 910 mum
232 882 380 924 corpus
411 882 503 910 cum
536 881 686 922 magna
719 869 985 911 veneracione
1018 867 1333 910 collocaverunt.
1387 866 1448 908 De
1481 867 1571 922 ipso
1604 880 1764 921 quoque

87 944 353 983 monumento
386 941 445 982 ita
477 939 744 981 suavissimus
778 939 877 981 odor
908 939 1112 993 flagravit,
1145 943 1191 981 ut
1222 938 1411 980 omnibus
1435 937 1642 980 videretur
1673 951 1764 979 aro-

87 1011 266 1054 matibus
299 1011 478 1067 plenum.
533 1010 644 1053 Obiit
676 1011 785 1053 circa
816 1025 968 1053 annum
998 1010 1151 1053 domini
1174 1010 1500 1052 tricentesimum
1524 1009 1763 1052 vicesimum

89 1083 322 1139 septimum.

209 1152 527 1208 [Moralz'sacz'o.]
583 1152 818 1207 Carissimi,
857 1153 1126 1196 Eufemianus
1163 1153 1241 1195 iste
1287 1156 1425 1208 potest
1470 1151 1551 1194 dici
1595 1151 1766 1207 quilibet
1791 1159 1834 1193 15

88 1225 209 1268 homo
241 1225 486 1278 mundanus,
522 1225 589 1280 qui
623 1225 745 1267 habet
776 1224 919 1279 filium,
953 1238 1072 1279 quem
1095 1225 1200 1266 miro
1222 1224 1343 1265 modo
1366 1223 1501 1277 diligit
1523 1237 1644 1279 quem
1677 1227 1764 1266 stu-

89 1297 158 1340 det
189 1297 254 1339 die
285 1310 332 1339 ac
363 1302 480 1339 nocte
513 1310 765 1352 promovere.
818 1296 902 1338 Dat
939 1296 974 1338 ei
1016 1309 1186 1338 uxorem
1227 1295 1312 1338 scil.
1344 1295 1486 1337 mundi
1525 1296 1763 1350 vanitatem,

87 1368 130 1410 in
153 1381 242 1423 ·qua
273 1367 497 1410 delectetur
538 1369 644 1409 sicut
681 1381 856 1423 sponsus
894 1381 985 1410 cum
1026 1381 1198 1424 sponsa,
1237 1367 1318 1409 imo
1357 1367 1495 1423 sepius
1531 1368 1663 1421 magis
1695 1367 1764 1410 de-

88 1438 263 1482 lectatur
294 1452 384 1482 cum
419 1439 560 1481 mundi
594 1439 789 1493 vanitate,
822 1453 943 1494 quam
976 1440 1039 1481 vir
1071 1452 1160 1481 cum
1185 1452 1325 1492 uxore,
1359 1438 1455 1493 quia
1477 1452 1573 1495 sepe
1596 1443 1764 1495 propter

90 1510 300 1553 mundana
329 1511 451 1553 homo
483 1511 612 1552 vitam
645 1524 761 1552 suam
786 1511 950 1553 amittit.
998 1510 1131 1553 Mater
1154 1515 1215 1553 est
1236 1510 1413 1553 mundus
1435 1511 1526 1565 iste,
1559 1525 1637 1566 que
1659 1511 1764 1553 miro
1789 1517 1834 1552 20

87 1582 209 1624 modo
242 1582 377 1636 diligit
406 1582 511 1624 filios
542 1582 784 1624 mundanos.
840 1581 918 1625 Sed
957 1581 1065 1624 filius
1105 1582 1234 1624 bonus
1275 1583 1381 1624 sicut
1417 1582 1561 1625 beatus
1591 1583 1764 1626 Alexius

87 1654 220 1707 magis
251 1654 389 1696 studet
420 1654 494 1695 deo
527 1653 688 1709 placere
721 1668 794 1709 per
826 1654 978 1707 omnia,
1013 1667 1134 1708 quam
1168 1654 1408 1710 parentibus
1440 1658 1481 1696 et
1505 1652 1594 1708 [15]
1622 1655 1764 1696 mundi

88 1725 353 1779 vanitatibus,
385 1728 431 1767 ut
461 1725 613 1780 poterit
642 1725 744 1767 illud
777 1726 946 1779 mereri,
978 1725 1133 1768 Mathei
1166 1739 1236 1767 xi:
1276 1725 1354 1776 Qui
1385 1725 1590 1768 dimiserit
1619 1739 1761 1780 agrum

88 1800 159 1838 aut
189 1796 369 1850 domum,
403 1800 562 1852 patrem
597 1800 667 1838 aut
699 1800 872 1838 matrem
908 1801 978 1839 aut
1009 1811 1180 1839 uxorem
1213 1801 1383 1852 propter
1414 1810 1494 1850 me,
1526 1797 1764 1853 centuplum

89 1868 263 1923 accipiet
300 1872 341 1910 et
378 1867 504 1910 vitam
548 1872 731 1910 eternam
772 1868 1012 1923 possidebit.
1077 1868 1250 1910 Alexius
1295 1869 1436 1910 navim
1483 1869 1642 1924 accepit
1687 1873 1761 1911 010.
1789 1876 1834 1910 25

88 1938 214 1981 Navis
251 1940 332 1981 ista
371 1942 433 1981 est
470 1943 612 1982 sancta
651 1939 841 1993 ecclesia,
882 1954 956 1996 per
988 1954 1111 1995 quam
1143 1954 1217 1982 nos
1250 1943 1414 1996 oportet
1450 1940 1689 1995 ascendere,
1729 1940 1765 1982 si

90 2009 277 2053 volumus
308 2011 437 2052 vitam
469 2014 653 2053 eternam
686 2011 884 2065 obtinere,
917 2015 957 2054 et
977 2012 1226 2054 vestimenta
1252 2012 1440 2067 preciosa
1461 2011 1618 2054 scilicet
1638 2011 1763 2054 seculi

89 2094 260 2137 pompas
292 2082 515 2138 deponere,
556 2086 596 2124 et
631 2082 740 2124 inter
782 2096 983 2139 pauperes
1023 2083 1108 2125 soil.
1138 2083 1314 2125 humiles
1354 2083 1536 2126 residere
1568 2083 1691 2126 verbo
1725 2086 1764 2125 et

89 2166 224 2208 opere.
272 2152 468 2207 Clericus,
503 2154 571 2208 qui
603 2167 695 2196 eum
727 2154 769 2196 in
803 2154 1018 2197 ecclesiam
1051 2154 1302 2207 introduxit,
1343 2158 1406 2197 est
1436 2154 1635 2197 discretus
1668 2168 1763 2197 con-

87 2224 232 2278 fessor,
265 2225 335 2279 qui
366 2224 490 2267 habet
518 2229 774 2280 peccatorem
807 2227 1011 2268 instruere
1044 2229 1085 2267 et
1115 2226 1164 2267 ad
1197 2226 1392 2268 noticiam
1425 2239 1540 2269 sacre
1561 2226 1764 2282 scripture
1789 2232 1834 2267 30

88 2295 367 2350 introducere,
407 2300 452 2338 ut
482 2296 628 2339 melius
666 2298 820 2352 poterit
849 2310 874 2339 a
904 2297 1061 2339 nocivis
1100 2297 1236 2339 anime
1266 2310 1499 2353 precavere.
1554 2297 1634 2340 Sed
1666 2311 1763 2353 sepe

90 2370 235 2409 ventus
274 2367 406 2421 surgit
445 2372 485 2409 et·
524 2368 636 2410 ducit
681 2369 888 2411 hominem
928 2369 980 2411 ad
1018 2369 1198 2425 patriam
1238 2368 1468 2424 propriam,
1517 2369 1623 2411 810111
1667 2369 1764 2412 fecit

90 2442 231 2481 sancto
262 2438 422 2481 Alexio.
477 2438 632 2481 Ventus
665 2440 742 2482 iste
774 2444 835 2482 est
866 2440 1043 2482 tentacio
1076 2440 1300 2495 diabolica,
1334 2454 1411 2495 que
1443 2441 1590 2483 nititur
1621 2440 1686 2483 die
1718 2453 1763 2482 ac

87 2513 206 2552 nocte
237 2509 442 2552 hominem
478 2524 501 2552 a
532 2510 637 2553 bono
669 2524 793 2566 opere
824 2511 1037 2567 impedire.
1092 2510 1136 2554 Si
1173 2525 1269 2565 ergo
1309 2512 1467 2554 sencias
1509 2515 1548 2555 te
1584 2525 1659 2569 per
1690 2511 1763 2554 ali-

89 2594 211 2635 quam
243 2582 545 2637 tenptacionem
579 2581 823 2635 involutum,
854 2583 919 2625 fao
943 2583 1049 2625 sicut
1068 2583 1165 2625 fecit
1186 2587 1352 2625 sanctus
1374 2583 1568 2626 Alexius!
1614 2583 1762 2625 Induas
1787 2590 1833 2625 35

91 2655 132 2694 te
162 2652 298 2694 forma
327 2654 555 2708 peregrini,
596 2653 672 2696 hoc
703 2658 765 2696 est
797 2654 969 2696 virtutes
1002 2654 1088 2696 veri
1119 2655 1326 2710 peregrini
1358 2654 1480 2697 debes
1514 2654 1686 2708 habere,
1719 2658 1764 2697 ut

89 2736 171 2765 non
201 2724 335 2779 possis
367 2738 391 2766 a
422 2728 538 2780 patre
571 2725 726 2767 carnali
764 2739 839 2768 nec
871 2739 895 2768 a
934 2726 1086 2768 mundo
1127 2725 1247 2769 aliter
1285 2727 1495 2780 cognosci,
1535 2726 1615 2768 nisi
1656 2725 1763 2780 quod

91 2794 212 2837 homo
245 2795 309 2837 dei
342 2796 411 2838 sis.
466 2795 546 2838 Sed
578 2809 675 2852 sepe
707 2809 798 2839 cum
831 2797 926 2840 talis
948 2798 1074 2840 vitam
1099 2798 1329 2853 penitencie
1362 2797 1489 2851 eligit,
1522 2797 1661 2840 dolent
1690 2810 1763 2852 pa-

90 2869 228 2909 rentes
261 2870 302 2909 et
332 2866 506 2909 multum
539 2868 772 2922 tristantur,
803 2882 896 2911 cum
928 2869 1107 2911 viderint
1127 2869 1233 2912 filios
1256 2883 1396 2912 eorum
1418 2868 1617 2911 mundum
1649 2882 1763 2924 sper-

25 2982 28 2984 ,
88 2951 187 2981 nere
227 2941 268 2980 et
304 2942 592 2994 paupertatem
634 2953 709 2995 pro
752 2953 891 2983 amore
929 2941 995 2983 dei
1033 2940 1216 2995 diligere.
1281 2940 1362 2984 Sed
1400 2940 1534 2985 tucius
1575 2944 1656 2995 est,
1695 2953 1763 2983 eos
1787 2946 1833 2982 40
