1919 3131
63 161 127 202 16.

63 304 127 346 17.

62 446 128 488 18.

62 590 127 630 19.

59 731 127 773 20.

59 874 126 916 21.

59 1017 127 1058 22.

60 1160 128 1202 23.

60 1302 129 1345 24.

62 1875 130 1918 28.

63 2018 131 2060 29.

63 2161 131 2203 30.

63 2303 132 2345 31.

65 2445 133 2488 32.

66 2588 134 2631 33.

67 2731 135 2773 34.

69 2873 138 2915 35.

877 55 933 95 43

176 160 238 202 De
279 160 425 202 arbore
466 165 505 201 et
544 160 677 202 tribus
716 161 927 202 uxoribus.
985 159 1125 202 Refert
1148 159 1394 202 Valerianus
1434 160 1540 215 quod
1582 160 1747 214 quidam

176 245 316 274 senex.
367 231 686 283 (litingebaum.)
738 231 808 273 lat.
835 233 903 273 :33.

176 303 239 346 De
272 303 415 357 regina
447 307 487 346 et
519 303 678 345 duobus
710 302 817 345 filiis.
867 303 1052 358 'l‘ympns
1085 302 1275 356 regnavit
1306 302 1347 344 in
1373 303 1541 345 civitate
1563 317 1746 345 romana.

177 374 403 426 (Stieskind
437 375 519 416 und
552 374 796 423 leibliclies.)
849 374 919 416 lat.
950 376 1042 415 llll.

175 445 238 488 De
260 446 346 488 vita
377 450 531 488 nostra.
582 446 721 488 Refert
749 450 944 487 saturnus
977 445 1085 499 quod
1108 444 1316 500 dyogenes
1350 446 1390 487 in
1424 449 1541 488 tanta
1572 460 1750 501 pauper-

176 521 273 560 tate.
323 517 546 570 (Diogenes
580 517 662 558 und
696 517 966 562 Alexander.)
1016 529 1143 569 germ.
1170 517 1234 557 15.

176 588 238 631 De
300 588 525 631 sacrificiis.
612 589 752 631 Refert
804 588 992 630 Valerius
1063 587 1103 628 in
1167 587 1294 629 tercio
1355 587 1473 629 libro.
1558 587 1750 640 (Kohle.)

176 673 303 714 germ.
336 661 399 701 1⁴3.

176 730 239 774 De
280 730 426 773 arbore
469 731 509 772 in
553 730 670 772 India
708 731 818 772 cirea
855 734 1036 772 montem
1081 729 1224 785 Synni.
1290 729 1405 771 Sicut
1444 730 1503 771 ait
1542 730 1749 785 polimius.

177 802 405 854 (Tberiak.)
455 816 582 856 germ.
614 802 676 843 17.

176 873 238 916 De
270 874 432 927 virgilio
473 873 551 915 civi
592 873 774 914 civitatis
806 886 959 915 romae.
1016 872 1156 915 Refert
1196 871 1436 914 allexander
1467 872 1750 928 philosophus.

178 944 348 999 (Virgils
381 944 497 995 bild.)
543 958 670 998 germ.
698 944 760 985 19«.

176 1016 240 1059 De
270 1017 411 1058 anima
443 1015 632 1058 adultera
664 1018 704 1057 et
736 1014 786 1057 de
809 1015 1054 1057 auctoritate
1086 1015 1219 1070 patris
1252 1019 1292 1056 et
1322 1013 1408 1056 filii.
1458 1014 1561 1057 Erat
1585 1015 1751 1070 quidam

176 1088 416 1144 imperator.
467 1087 596 1138 (Sobn
628 1086 762 1128 todtet
793 1090 946 1128 mutter
979 1086 1123 1137 nicht.)
1170 1086 1241 1128 lat.
1270 1087 1365 1127 100.

177 1159 239 1202 De
272 1159 459 1214 hyaneiis
490 1172 595 1213 quae
628 1162 926 1214 apparuerunt.
980 1158 1025 1200 In
1057 1157 1192 1200 medio
1224 1171 1339 1200 rome
1371 1157 1413 1199 in
1440 1157 1618 1212 quodam
1650 1157 1752 1200 loco.

178 1230 393 1283 (Curtius.)
441 1230 511 1272 lat.
536 1230 605 1271 43.

177 1302 240 1345 De
280 1302 420 1358 puella
459 1305 500 1344 et
539 1301 799 1357 pedissequa.
865 1301 968 1343 Erat
1016 1301 1183 1355 quidam
1230 1301 1458 1356 imperator
1497 1301 1565 1355 qui
1614 1313 1752 1342 unum.

159 1373 518 1432 ‚(Kaisertosliter,
552 1372 734 1428 pallast.)
783 1386 910 1426 germ.
937 1373 1005 1414 22.

122 1478 130 1488 .
179 1445 242 1488 De
265 1449 442 1500 quatuor
464 1444 691 1486 heremitis.
734 1443 906 1497 Legitur
937 1444 978 1485 in
1002 1444 1098 1486 vitis
1130 1447 1309 1499 patrum.
1359 1442 1541 1490 (Grosste
1570 1443 1755 1497 tugend.)

178 1531 201 1559 a
266 1519 333 1559 .1.

177 1531 415 1642 Dlepregina
452 1601 530 1642 que
562 1592 647 1630 tres
678 1586 786 1629 filios
819 1600 869 1628 ex
903 1585 1105 1629 adulterio
1139 1585 1313 1642 peperit.
1369 1585 1542 1636 Quidam
1578 1599 1651 1628 rex
1691 1599 1755 1628 sa-

178 1660 311 1716 piens.
360 1659 623 1711 (Schiessen.)
672 1658 742 1700 lat.
767 1658 836 1699 45.

122 1764 130 1773 .
178 1730 242 1773 De
273 1731 364 1773 fure
402 1735 443 1773 et
473 1744 602 1773 uxore
642 1734 683 1773 et
714 1730 877 1785 hospite
908 1728 1120 1783 vigilante.
1175 1728 1354 1778 Quidam
1391 1728 1457 1771 fur
1490 1729 1540 1771 ad
1574 1728 1754 1770 domum.

180 1801 486 1855 (Mondstrahl.)
533 1802 605 1844 lat.
635 1804 728 1844 136.

179 1874 242 1917 De
279 1873 412 1916 milite
451 1875 521 1928 qui
569 1874 673 1916 semi
721 1872 910 1927 equitans
959 1876 1000 1914 et
1040 1872 1142 1914 semi
1186 1870 1403 1913 ambulans
1452 1871 1641 1926 pervenit
1681 1875 1755 1914 ete.

180 1945 355 1996 Quidam
389 1945 520 1988 miles.
572 1944 697 1992 (Halb
730 1945 939 1998 geritten.)
986 1943 1056 1985 lat.
1081 1944 1175 1985 124.

180 2016 243 2059 De
276 2017 434 2059 duobus
466 2016 663 2059 fratribus
696 2015 844 2058 clerico
878 2018 919 2057 et
949 2014 1080 2071 layco.
1128 2014 1263 2056 Erant
1284 2014 1364 2056 duo
1387 2014 1535 2056 fratres
1558 2013 1755 2056 carnales.

182 2088 299 2139 (Drei
330 2088 614 2139 buohstaben.)
663 2101 791 2142 germ.
817 2088 885 2129 52ss.

181 2159 244 2203 De
275 2159 408 2202 tribus
441 2161 574 2214 magis
606 2159 676 2214 qui
708 2158 876 2200 domino
908 2171 1082 2200 munera
1113 2157 1363 2200 obtulerunt.
1412 2156 1498 2199 Rex
1532 2156 1755 2198 (lariorum.

181 2231 304 2282 (Heil.
337 2231 425 2273 drei
456 2232 639 2285 konige.)
686 2230 756 2272 lat.
780 2230 849 2271 47.

180 2302 243 2345 De
270 2302 450 2356 Zelongo
481 2303 734 2358 imperatore
765 2305 806 2344 et
836 2300 919 2342 filio
952 2314 1026 2343 suo
1059 2304 1134 2343 etc.
1183 2300 1324 2342 Refert
1345 2298 1546 2342 Valerius.
1597 2298 1758 2350 (Zaleu-

182 2377 284 2425 cus.)
331 2373 402 2416 lat.
427 2375 496 2416 50.

181 2445 244 2488 De
265 2445 522 2488 Allexandro
545 2457 695 2498 magno
726 2448 767 2486 et
795 2457 896 2500 poro
920 2457 1017 2498 rege
1045 2443 1250 2486 indorum.
1291 2442 1546 2485 Allexander
1569 2455 1756 2496 magnus.

183 2516 395 2569 (Gesehirr
427 2516 620 2568 stehlen.)
667 2529 762 2571 app.
788 2516 827 2557 2.

182 2588 246 2631 De
266 2592 355 2644 tyto
389 2593 430 2631 et
450 2588 614 2641 virgilio
647 2591 688 2630 et
709 2591 848 2629 statua
881 2589 921 2629 et
948 2585 1078 2628 fabro.
1129 2586 1258 2642 Tytus
1290 2585 1482 2639 regnavit
1512 2585 1554 2626 in
1577 2584 1756 2626 civitate.

183 2659 361 2711 (FocaS.)
407 2659 479 2702 lat.
504 2661 572 2702 57.

183 2730 247 2773 De
293 2735 511 2787 peceatore
557 2734 599 2773 et
645 2729 891 2772 confessore.
955 2728 1251 2782 Degonegarus
1290 2728 1518 2783 imperator
1555 2725 1756 2780 regnavit.

185 2801 302 2852 (Drei
333 2802 604 2855 wahrheiten,
636 2801 745 2851 frei.)
791 2800 863 2842 lat.
887 2800 956 2842 58.

185 2873 250 2916 De
281 2873 526 2929 probatione
553 2872 755 2915 malorum
783 2876 824 2915 et
845 2871 1060 2914 bonorum.
1109 2870 1311 2913 Ezechias
1341 2868 1542 2923 regnavit.
1591 2867 1759 2918 (Baum-

186 2944 313 2996 erbe.)
361 2958 489 2998 germ.
515 2945 583 2986 81.
