1919 3157
830 23 914 65 55³3

763 145 863 188 CAP.
892 147 984 187 179.

602 233 675 279 De
707 232 815 292 qula
853 239 893 278 et
927 232 1140 278 ebrietate.

161 342 302 396 quert
332 343 520 383 (ἦκται-ἱππ
551 344 599 383 de
631 341 858 383 detestabili
887 344 992 382 vicio
1021 341 1116 396 ²(lule
1147 348 1183 381 et
1213 340 1431 390 ebrietatis,
1466 339 1577 394 quod
1603 339 1705 393 qula

46 422 100 455 est
130 414 256 454 solius
288 416 473 469 corporis
503 414 793 455 immoderatus
824 420 860 453 et
890 411 1148 453 illecebrosus
1187 412 1333 452 edendi
1367 419 1402 452 et
1432 410 1597 451 bibendi
1627 424 1702 464 ap-

42 488 200 540 petitus.
235 485 371 538 Hujus
391 485 482 538 Jz'le'e
512 493 605 525 sunt
627 485 910 534 immundicia,
943 483 1188 534 scurrilitas,
1222 484 1362 538 inepta
1383 483 1532 531 leticia,
1565 481 1703 521 multi-
1728 486 1749 519 5

44 556 238 611 loquium,
272 555 438 596 ebetatio
471 570 656 596 sensuum
692 557 801 595 circa
833 554 1154 608 intelliqentiam.
1191 553 1240 594 In
1270 553 1371 608 qula
1401 560 1495 593 sunt
1526 553 1706 606 quinque

40 627 195 681 qradus
230 627 452 682 peccandi,-
488 629 651 682 primus
689 634 746 667 est
783 626 892 667 cibos
923 627 1134 681 preciosos
1173 632 1209 665 et
1245 625 1439 665 delicatos
1477 625 1702 677 arqui-rere,

43 698 239 738 secundus
284 699 442 738 curiose
483 712 736 753 preparare,
785 699 932 738 tercius
977 704 1069 737 ante
1107 704 1264 751 tempus
1307 709 1484 745 sumere,
1534 701 1705 748 quartus

43 770 166 810 nimis
198 769 336 819 avide,
372 770 537 823 quintus
571 771 612 808 in
642 770 771 809 nimia
804 770 1040 823 quantitate.
1098 765 1208 810 Gula
1238 768 1398 821 primus
1428 766 1544 806 bomo
1575 766 1704 805 victus

41 842 86 880 in
114 841 314 895 paradiso
346 840 579 885 succubuit,-
617 839 686 880 lzec
716 839 831 881 Esau
858 838 1140 894 Ρφηήιορεηῖΐα
1178 838 1402 892 surripuit5
1438 836 1540 891 ,qula
1572 835 1705 878 Sodo-
1732 839 1774 873 10

41 913 162 952 mita-s
193 912 249 952 acl
283 919 491 966 peccatum
530 912 753 951 'maa-imum
791 911 1001 958 incitavit,·
1039 910 1134 964 ipsa
1163 908 1278 961 filios
1311 907 1445 948 Israel
1472 909 1519 948 in
1549 907 1704 947 deserto

39 984 275 1038 prostravit.
340 982 519 1022 Psalm..·
566 982 714 1022 Adhuc
759 995 844 1022 esce
888 994 1026 1021 eorum
1066 987 1182 1020 erant
1218 981 1265 1020 in
1303 993 1371 1020 ore
1415 980 1623 1033 ipsorum,
1671 985 1707 1018 et

42 1054 225 1094 ascendit
252 1054 320 1094 ira
350 1054 418 1094 clei
446 1068 569 1108 super
599 1068 674 1094 eos.
730 1052 937 1107 [niquitas
971 1050 1147 1093 Sodome
1165 1050 1260 1104 fuit
1289 1051 1485 1091 saturitas
1514 1050 1638 1103 panis
1670 1056 1705 1089 et

40 1123 334 1165 habundantia.
389 1124 522 1165 Homo
561 1125 629 1165 clei
658 1123 777 1164 Abdo
816 1123 968 1164 scilicet
1004 1123 1152 1162 missus
1190 1122 1236 1162 in
1265 1120 1410 1161 Bethel
1434 1127 1608 1176 propter
1639 1133 1705 1159 co-

39 1197 318 1236 messationem
349 1211 375 1236 a
407 1196 518 1236 leone
549 1196 769 1243 occiditur;
809 1195 942 1245 dives,
977 1194 1051 1248 qui
1080 1191 1326 1248 epulabatur
1357 1191 1538 1246 quotidie
1569 1190 1704 1245 splen-
1732 1197 1773 1230 15

40 1267 147 1318 dide,
180 1268 226 1307 in
254 1267 418 1321 inferno
450 1267 662 1322 sepelitur;
695 1265 991 1307 Nabusardam
1018 1265 1214 1319 princeps
1246 1277 1470 1318 coquorum
1500 1263 1526 1302 i.
1551 1275 1581 1302 e.
1603 1261 1705 1316 ¹qula

43 1337 294 1391 Hierusalem
325 1339 534 1380 destruait.
583 1337 718 1389 Vides,
753 1345 908 1392 quanta
938 1337 1021 1376 sint
1044 1334 1235 1391 pericula
1265 1336 1311 1375 in
1340 1333 1446 1374 illa?
1497 1332 1707 1373 Accedant

42 1411 343 1466 scripturarum
374 1411 630 1451 testimonia!
663 1409 739 1450 Ait
768 1410 875 1449 enim
908 1406 1127 1449 Salomon:
1161 1403 1259 1459 [157
1275 1402 1313 1458 b]
1357 1404 1411 1446 Ve
1441 1412 1558 1456 terre,
1591 1403 1705 1457 cujus

39 1483 251 1537 principes
281 1495 400 1522 mane
430 1481 665 1522 comedunt!
696 1479 817 1521 Item:
854 1478 997 1520 Omnis
1029 1478 1145 1519 labor
1177 1477 1261 1531 ejus
1292 1478 1337 1518 in
1369 1491 1436 1517 ore
1463 1476 1638 1517 hominis
1670 1482 1707 1516 et

42 1554 181 1593 anima
212 1553 296 1606 ejus
326 1567 410 1594 non
439 1551 672 1607 replebitur.
712 1551 849 1604 Hujus
872 1550 970 1610 filia
1003 1558 1061 1591 est
1090 1548 1276 1601 ebrietas,
1311 1549 1410 1603 quia
1437 1547 1533 1603 qule
1561 1547 1706 1587 vitium
1729 1550 1774 1584 20

42 1624 250 1665 luoeuriam
275 1625 415 1679 parit,-
440 1625 623 1679 pessima
654 1630 788 1663 autem
813 1624 942 1677 pestis
974 1629 1052 1670 est,·
1086 1620 1188 1676 quid
1219 1627 1352 1660 autem
1379 1619 1453 1660 hoc
1483 1619 1580 1659 vitio
1601 1617 1705 1672 feti-

42 1695 163 1736 dius?
202 1695 304 1751 quid
334 1702 390 1736 est
421 1709 464 1735 eo
496 1695 754 1745 damnosius,
799 1707 877 1748 quo
908 1693 1040 1733 virtus
1080 1693 1290 1743 atteritur,
1328 1691 1504 1731 victoria
1535 1689 1705 1744 lanque-

41 1775 184 1818 scente,
216 1768 352 1822 sopita
370 1765 508 1821 storia
537 1766 581 1806 in
601 1765 823 1819 infamiam
854 1764 1103 1804 convertitur
1133 1763 1342 1817 animique
1368 1762 1530 1817 pariter
1550 1768 1587 1801 et
1616 1774 1704 1800 cor-

39 1839 157 1893 poris
186 1839 294 1878 vires
325 1835 640 1892 empuqnantur?
672 1835 784 1887 Quia
813 1836 914 1876 dicit
943 1834 1152 1875 Basilius:
1185 1831 1284 1874 Cum
1303 1834 1437 1873 ventri
1456 1832 1704 1873 deservimus

43 1916 80 1950 et
105 1910 283 1964 quami,
314 1922 466 1963 pecora
496 1922 634 1948 sumus
666 1921 713 1948 ac
744 1906 872 1947 beluis
902 1905 1054 1946 similes
1086 1919 1168 1946 esse
1206 1904 1433 1953 studemus,·
1472 1902 1618 1958 quibus
1648 1902 1705 1942 ad
1728 1909 1773 1944 25

41 1979 161 2033 liujus
191 1980 304 2021 modi
337 1993 473 2034 prona
511 1993 594 2019 esse
624 1986 660 2019 et
698 1985 850 2018 terram
887 1978 1087 2032 respicere
1122 1992 1171 2017 ac
1200 1976 1334 2027 ventri
1363 1975 1524 2016 obedire
1552 1981 1705 2014 natura

41 2052 243 2092 concessit.
298 2050 397 2092 Item
428 2049 598 2091 Boetius
636 2050 684 2090 de
722 2039 997 2089 consolatione
1036 2047 1102 2088 lib.
1127 2061 1198 2088 tv:
1247 2045 1331 2098 Qui
1363 2047 1511 2087 virtute
1547 2045 1704 2086 deserta

40 2122 157 2164 homo
199 2136 281 2163 esse
323 2122 491 2173 desinit,
540 2136 630 2162 cum
667 2121 712 2161 in
756 2127 949 2161 naturam
987 2120 1172 2160 divinam
1211 2119 1388 2159 transire
1431 2131 1516 2158 non
1557 2117 1701 2171 possit,

39 2201 165 2235 restat
192 2201 238 2235 ut
274 2194 320 2234 in
357 2192 516 2234 beluam
553 2199 819 2233 convertatur.
873 2191 930 2232 Et
964 2192 1010 2232 in
1049 2189 1257 2245 evanqelio
1297 2190 1508 2230 dominus:
1549 2186 1700 2239 Videte,

39 2279 89 2306 ne
119 2264 246 2306 corda
274 2271 409 2305 vestra
437 2271 662 2318 yraventui·
690 2264 736 2303 in
767 2261 942 2318 crapula
972 2269 1009 2303 et
1039 2261 1253 2303 ebrietate!
1291 2259 1326 2302 O
1359 2267 1457 2316 quot
1487 2266 1523 2300 et
1553 2265 1703 2314 quante
1726 2266 1771 2300 30

39 2337 238 2391 sapientie
275 2336 378 2376 mire
414 2334 616 2389 solidique
653 2341 782 2374 essent
818 2333 1002 2384 consilii,
1050 2333 1135 2374 nisi
1171 2333 1351 2374 edacitas
1390 2338 1427 2372 et
1461 2331 1552 2371 vini
1588 2329 1702 2371 calor

41 2406 290 2448 obstetisset!
340 2405 474 2457 Quam
505 2405 785 2461 periculosum
822 2413 881 2446 est
914 2412 1076 2460 patrem
1102 2403 1300 2458 familias
1334 2410 1608 2457 rectoremque
1640 2402 1704 2442 rei

36 2477 199 2533 publice
227 2491 336 2518 mero
369 2476 520 2528 calere,
564 2490 642 2531 quo
666 2477 733 2516 ira
755 2476 1014 2527 accenditur,
1048 2475 1237 2516 discretio
1264 2474 1499 2529 offuscatur,
1533 2474 1702 2514 lua-uria

42 2550 253 2600 excitatur,
291 2550 496 2590 intantum
525 2554 570 2588 ut
600 2546 725 2588 libido
757 2546 987 2602 nephandis
1017 2560 1057 2587 se
1087 2547 1311 2587 immisceat
1339 2544 1494 2586 actibus
1525 2544 1700 2586 bominis

41 2620 287 2662 discrecione
316 2621 465 2675 sopita,
498 2618 605 2659 unde
635 2619 735 2658 dicit
767 2616 962 2658 Ovidius:
1723 2624 1768 2659 35

411 2692 499 2726 Vina
522 2696 647 2737 parant
671 2696 800 2726 animos
830 2691 962 2731 Veneri,
986 2696 1016 2725 si
1038 2692 1184 2736 plurima
1207 2703 1329 2725 sumas.

42 2761 77 2804 O
113 2762 335 2817 pessimum
371 2762 515 2802 vitium
553 2759 746 2811 ebrietas,
787 2773 836 2799 ea·
873 2773 956 2814 qua
993 2759 1150 2814 deperit
1186 2759 1427 2814 vit’yinitas,
1469 2771 1546 2812 que
1582 2771 1700 2797 soror

41 2840 98 2874 est
141 2832 402 2887 anqelorum,
446 2832 650 2887 possessio
691 2831 871 2871 omnium
909 2829 1107 2870 bonorum
1152 2837 1189 2871 et
1232 2837 1459 2870 eternorum
1504 2829 1698 2869 securitas

39 2904 299 2959 yaudiorum.
353 2902 444 2944 Noe
485 2915 594 2943 mero
635 2900 769 2942 calens
805 2901 984 2941 nudatus
1012 2900 1118 2954 filiis
1152 2900 1330 2942 verenda
1374 2900 1546 2949 deteoeit3
1593 2898 1699 2941 Lotli
