1919 3157
877 94 954 134 331

83 199 248 242 modum
291 199 482 242 secunda.
526 200 644 240 modo
686 201 834 251 tert-ia,
876 206 915 241 et
955 200 1043 240 ideo
1083 199 1199 240 dolor
1237 205 1298 240 est
1336 198 1457 239 michi
1501 197 1758 239 miserabilis.

83 271 155 313 Ait
187 284 304 313 unus,
337 271 400 311 cui
435 284 580 312 nomeu
608 272 772 312 Arrius:
807 270 946 314 Miror.
981 277 1019 312 te
1053 272 1091 311 in
1125 271 1251 312 tantis
1284 270 1539 311 successibus
1571 269 1761 310 lacrimas

83 341 281 383 emisisse.
331 341 393 383 Da
428 342 563 386 mit-lii,
599 356 695 392 rogo
728 348 780 387 te,
814 347 896 382 tres
931 341 1115 383 surculos
1139 341 1247 382 illius
1272 341 1443 384 arboris,
1478 341 1574 394 quia
1597 340 1762 382 intendo

82 413 190 454 inter
230 412 384 453 vicinos
417 413 612 456 dividere.
655 418 694 454 ut
737 412 907 466 quilibet
951 413 1137 454 arborem
1174 412 1323 453 habeat
1362 412 1410 452 ad
1447 425 1612 452 uxorem
1647 425 1761 452 suam

84 483 428 538 suspendendum.
478 483 529 526 Et
563 485 619 525 sic
653 485 803 525 fartum
838 490 911 525 est.
1791 490 1812 523 ὑ

202 553 430 597 Carissimi.
472 555 542 596 bec
577 555 697 596 arbor
729 560 787 596 est
822 560 963 596 sancta
995 568 1109 606 vruX,
1148 555 1186 595 in
1222 568 1301 607 qua
1335 553 1530 608 pependit
1563 552 1763 593 Christus,

86 625 170 668 Hec.
203 625 326 667 arbor
357 625 477 667 debet
511 627 604 680 poni
639 627 679 667 in
713 631 801 667 orto
837 626 1026 677 bominis,
1060 625 1154 666 dum
1190 626 1327 666 anima
1361 624 1482 665 habet
1507 624 1646 676 jugem
1682 636 1766 664 me-

86 697 257 738 moriam
293 696 342 738 de
374 697 565 751 passione
589 697 754 738 Christi.
807 697 845 738 ln
882 697 961 738 ista
994 696 1138 737 arbore
1171 701 1254 737 tres
1288 709 1436 737 uxores
1471 695 1646 735 hominis
1679 707 1766 735 sus-

87 767 346 823 penduntur,
387 768 543 809 scilieet
588 768 780 822 superbia
815 769 909 811 vite.
949 768 1284 822 00n‹·upis‹·en‹·ia
1324 767 1459 807 carnis
1499 771 1537 807 et
1576 765 1768 819 concupi-

87 838 249 881 scencia
288 837 512 880 oculorum.
568 838 700 880 llomo
741 840 848 880 enim
885 839 1004 880 datus
1037 838 1188 879 mundo
1221 842 1304 880 tres
1341 850 1487 879 uxores
1521 836 1652 877 ducit:
1688 849 1767 876 una
1798 845 1838 879 10

89 915 151 951 est
189 908 273 951 tilia
311 910 460 955 carnis,
501 924 577 964 que
612 916 778 952 vocatur
812 910 1014 964 voluptas,
1056 909 1135 950 alia
1169 909 1253 950 tilia
1285 909 1448 950 mundi.
1491 921 1567 961 que
1600 911 1769 948 vocatur

88 981 306 1036 cupiditas,
344 981 474 1022 tercia
506 981 589 1022 tilia
622 981 786 1029 diaboli,
821 995 897 1035 que
931 986 1098 1022 vocatur
1131 980 1337 1035 superbia.
1388 978 1467 1021 Sed
1501 992 1591 1020 cum
1629 991 1768 1033 pecca-

88 1056 153 1094 tor
191 1052 330 1105 gracia
371 1052 435 1093 dei
477 1052 645 1094 adheret
687 1053 929 1107 penitencie.
971 1053 1046 1093 iste
1090 1065 1238 1092 uxores
1280 1051 1512 1092 voluntates
1552 1063 1647 1090 suas
1689 1062 1767 1091 non

90 1122 285 1165 habentes
319 1136 361 1164 se
384 1124 653 1178 suspendunt.
697 1123 911 1178 Cupiditas
935 1137 977 1165 se
1001 1123 1216 1177 suspendit
1237 1122 1333 1163 fune
1357 1121 1604 1176 elemosyne,
1629 1134 1770 1175 super-

90 1193 156 1236 bia
186 1195 283 1236 fune
316 1194 573 1246 humilitatis,
617 1195 804 1249 voluptas
844 1208 886 1236 se
919 1194 1135 1249 suspendit
1168 1194 1262 1235 fune
1295 1193 1440 1247 jejunii
1482 1197 1521 1234 et
1553 1192 1768 1234 castitatis.
1799 1202 1841 1237 15

90 1265 183 1318 Iste,
225 1266 293 1320 qui
327 1266 504 1320 quesivit
537 1266 735 1310 surculos.
769 1270 830 1308 est
863 1266 992 1307 bonus
1025 1265 1297 1318 Christianus,
1338 1265 1405 1318 qui
1439 1268 1524 1305 toto
1558 1264 1772 1305 conamine

90 1336 166 1379 hoc
197 1336 319 1379 debet
351 1342 545 1392 appetere
579 1342 619 1379 et
651 1351 834 1391 querere,
873 1351 952 1378 non
987 1341 1145 1378 tantum
1181 1349 1254 1391 pro
1288 1350 1344 1386 se,
1378 1335 1448 1376 sed
1483 1349 1555 1389 pro
1590 1334 1680 1376 aliis
1714 1334 1772 1375 vi-

91 1408 206 1450 cinis.
255 1407 340 1460 Ille,
375 1410 442 1463 qui
474 1408 600 1461 flevit,
634 1413 695 1450 est
726 1409 851 1450 miser
883 1408 1017 1461 homo,
1052 1408 1121 1462 qui
1143 1408 1274 1461 magis
1299 1407 1435 1460 diligit
1456 1419 1620 1447 carnem
1654 1411 1695 1447 et
1726 1419 1774 1447 ea

92 1493 170 1535 que
209 1480 343 1522 carnis
383 1484 498 1533 sunt,
539 1494 658 1534 quam
695 1494 742 1522 ea
782 1493 859 1533 que
898 1485 993 1522 sunt
1032 1479 1203 1534 spiritus
1243 1478 1387 1520 sancti.
1441 1477 1595 1519 Tamen
1635 1477 1774 1531 sepius

91 1551 186 1592 talis
226 1551 276 1593 ad
314 1552 651 1593 informacionem
694 1551 787 1592 boni
830 1551 907 1592 viri
948 1551 998 1592 ad
1037 1555 1190 1592 rectam
1232 1550 1340 1591 viam
1382 1548 1535 1604 poterit
1573 1548 1687 1601 duci,
1736 1552 1776 1589 et
1800 1557 1844 1591 20

92 1623 151 1664 sic
183 1622 309 1664 vitam
343 1627 526 1664 eternam
561 1622 774 1664 obtinebit.

762 1853 864 1894 CAP.
900 1854 968 1893 34.
1003 1854 1104 1901 (33).

655 1940 726 1984 De
755 1940 1095 1999 ponderaeione
1131 1941 1225 1984 vite.

212 2048 383 2103 Legitur
414 2049 463 2090 de
495 2062 590 2102 rege
623 2048 875 2101 Alexandro,
909 2048 976 2102 qui
1010 2047 1187 2090 habebat
1217 2045 1483 2088 Aristotelem
1517 2046 1776 2098 magistrum,

97 2120 146 2162 de
178 2121 292 2174 cujus
332 2120 519 2162 doctrina
551 2119 725 2161 multum
760 2119 932 2174 profecit
971 2124 1012 2161 et
1043 2119 1194 2160 multas
1234 2118 1406 2158 virtutes
1447 2116 1496 2158 ab
1539 2130 1585 2158 eo
1619 2116 1775 2157 didicit.
1804 2125 1848 2159 25

98 2191 208 2233 Inter
240 2197 375 2233 cetera
409 2204 432 2232 a
463 2191 662 2244 magistro
696 2204 768 2231 suo
801 2191 977 2244 quesivit
1012 2191 1149 2244 aliqua
1181 2189 1258 2231 sibi
1291 2193 1331 2229 et
1360 2188 1450 2229 aliis
1474 2187 1656 2242 proficua
1684 2187 1776 2229 dici.

98 2263 171 2305 Ait
201 2262 418 2315 magister:
452 2261 483 2303 F
488 2262 545 2314 ili,
580 2261 766 2303 ausculta
795 2261 1025 2315 diligenter,
1059 2266 1099 2303 et
1121 2262 1154 2302 si
1177 2274 1309 2302 meam
1334 2260 1560 2301 doctrinam
1583 2259 1778 2310 tenueris,

119 2331 190 2388 31]
227 2333 277 2374 ad
319 2346 509 2385 magnum
551 2333 745 2374 honorem
790 2333 1016 2387 pervenies
1075 2332 1239 2387 Septem
1275 2335 1384 2384 sunt,
1424 2343 1502 2384 que
1540 2334 1580 2371 te
1613 2329 1777 2371 docebo.

98 2403 282 2446 Primum
326 2408 401 2456 est,
443 2408 639 2445 stateram
681 2417 731 2445 ne
770 2404 994 2445 transilias.
1054 2403 1300 2455 Secundum,
1341 2403 1476 2455 ignem
1519 2414 1608 2443 cum
1643 2400 1779 2453 gladio

101 2489 152 2518 ne
183 2475 336 2517 foveas.
394 2474 598 2526 Tercium,
639 2488 830 2516 coronam
873 2488 923 2516 ne
955 2475 1130 2529 cai-pias.
1186 2473 1399 2526 Quartum,
1441 2486 1509 2513 cor
1542 2471 1699 2513 avicule
1729 2484 1780 2513 ne
1806 2482 1850 2515 30

101 2546 303 2589 comedas.
351 2545 561 2598 Quintum,
599 2559 688 2599 cum
732 2546 936 2600 profectus
976 2546 1117 2596 fueris,
1157 2559 1235 2586 non
1277 2545 1434 2586 redeas,
1489 2542 1673 2595 Sextum,
1709 2555 1781 2596 per

102 2617 209 2659 viam
253 2617 457 2672 publicam
498 2630 549 2659 ne
589 2616 786 2658 ambules,
851 2616 1101 2671 Septimum,
1146 2615 1378 2658 irundinem
1419 2614 1698 2668 garrulantem
1738 2613 1778 2654 in

103 2688 223 2730 domo
256 2687 443 2729 habitare
475 2701 555 2729 non
598 2687 824 2743 permittas.
880 2687 965 2729 Rex
1006 2688 1046 2728 in
1086 2688 1176 2729 istis
1216 2691 1372 2741 septem
1408 2686 1512 2727 miro
1544 2683 1664 2726 modo
1696 2688 1782 2725 stu-

105 2758 226 2800 debat
258 2764 298 2800 et
330 2759 389 2800 sic
422 2759 595 2813 profecit
627 2759 822 2812 quamdiu
856 2759 970 2800 vixit.

223 2829 457 2883 Carissimi,
499 2834 654 2871 statera
693 2830 773 2871 ista
811 2834 873 2871 est
912 2830 998 2871 vita
1037 2829 1228 2870 humana.
1284 2829 1374 2870 Duo
1415 2828 1454 2869 in
1496 2826 1634 2881 pensis
1674 2830 1782 2877 sunt,
1808 2835 1853 2869 35

106 2914 271 2954 gressus
303 2901 343 2942 in
376 2901 573 2942 mundum
612 2899 668 2955 [et
701 2914 889 2954 egressus
922 2899 972 2942 ab
1005 2898 1082 2954 eo].
1132 2899 1314 2941 Ponatur
1347 2912 1441 2951 ergo
1476 2897 1595 2938 homo
1628 2896 1669 2937 in
1702 2909 1784 2937 una

46 3017 50 3022 ,
108 2985 248 3026 pensa,
281 2972 436 3014 scilicet
466 2973 508 3013 in
541 2975 798 3028 paupertate,
832 2985 921 3013 cum
956 2985 1037 3026 qua
1068 2972 1277 3024 ingressus
1310 2974 1384 3023 est,
1425 2973 1466 3011 et
1497 2968 1537 3009 in
1572 2967 1652 3009 alia
1683 2980 1784 3022 pau-
