1954 3137
201 161 268 202 36.

260 264 268 272 .
318 231 381 273 De
419 231 548 273 nimia
586 233 895 288 presumptione
934 235 1077 275 eontra
1116 232 1249 274 deum.
1306 230 1518 273 Jovianus.
1572 230 1880 286 (Jovinianus.)

199 446 267 486 39.

198 516 268 557 40.

197 658 267 698 41.

197 729 266 770 42.

198 872 267 913 43.

196 943 265 984 44.

196 1086 266 1129 45.

1017 56 1072 96 90

318 160 380 202 De
411 159 593 202 ι1111131113
624 164 664 202 01
694 160 834 203 Dario.
890 161 1042 203 Darius
1075 161 1116 202 in
1149 160 1327 202 civitate.
1382 159 1633 213 (Jonathas.)
1687 161 1757 203 lat.
1788 162 1879 204 120.

318 302 388 344 131.
413 302 481 343 59.

317 373 378 415 De
410 372 493 414 filio
524 373 733 416 forestarii
766 378 841 416 010.
889 374 1067 417 Naxibal
1100 374 1298 428 regnavit.
1348 373 1536 427 (Redde.)
1583 373 1654 416 lat..
1680 374 1747 416 20.

316 444 378 486 De
411 444 519 486 dulei
553 445 741 487 melodia.
792 446 992 501 Tyberius
1025 446 1067 487 in
1093 445 1271 488 civitate.
1322 444 1497 498 (Goldne
1520 445 1670 499 angel.)
1716 445 1787 487 lat.
1813 445 1879 487 85.

316 516 378 557 De
411 515 580 558 Claudio
614 517 876 572 imperatore.
926 517 1122 559 Claudius
1155 517 1354 570 regnavit.
1407 516 1615 570 (Socrates
1645 515 1881 570 heirathet.)

314 586 385 628 lat.
411 588 479 628 61.

316 656 378 699 De
410 657 651 700 Florentina
683 663 757 701 010.
807 658 946 715 (layus
979 661 1179 714 regnavit.
1228 657 1517 713 (Florentina.)
1569 658 1640 701 lat.
1666 660 1733 701 62.

316 729 378 770 De
418 743 620 785 campana
656 734 696 772 et
721 731 890 784 judicio.
948 731 1200 773 Theodosius
1233 732 1276 773 111
1308 731 1486 772 civitate.
1544 730 1881 785 (Rfigengloeke.)

314 799 385 842 lat.
415 802 508 843 105.

316 871 378 914 De
410 872 529 914 leena
561 873 804 915 adulterata.
854 873 939 916 Rex
974 873 1140 928 quidam
1173 873 1327 916 habuit.
1378 872 1572 927 (Lowin.)
1619 873 1689 915 lat.
1718 873 1811 915 181.

315 943 376 985 De
409 947 498 986 orto
532 958 650 998 quem
686 958 786 1000 aper
818 946 1034 988 destruxit.
1085 946 1299 1001 Troyanus
1331 946 1374 987 111
1399 946 1577 988 civitate.
1627 944 1755 1000 (Eber
1776 943 1881 987 ohne

314 1015 445 1068 herZ.)
492 1015 562 1058 lat.
589 1017 655 1057 83.

311 1086 373 1129 De
407 1087 564 1140 virgine
597 1101 674 1142 que
700 1088 912 1130 camisiam
935 1088 1043 1130 feeit.
1092 1088 1328 1130 Anthonius
1351 1087 1552 1142 regnavit.
1602 1086 1768 1142 fflemd,
1792 1086 1881 1129 drei

316 1157 428 1210 zoll.)
474 1158 544 1200 lat.
570 1159 638 1200 64.

257 1262 265 1271 .
314 1229 376 1272 De
409 1229 576 1271 domina
607 1233 647 1272 et
678 1230 822 1273 milite.
871 1231 1103 1286 Pompeyus
1136 1231 1178 1272 in
1210 1231 1390 1273 civitate.
1442 1228 1618 1283 (Falke.)
1664 1229 1736 1272 lat.
1762 1229 1829 1271 84.

257 1334 265 1342 .
314 1300 376 1344 De
426 1301 558 1343 tribus
611 1302 731 1344 sociis
783 1305 858 1345 010.
924 1302 1032 1345 Olim
1084 1306 1201 1345 erant
1246 1306 1329 1344 tres
1377 1302 1489 1344 socii.
1553 1300 1879 1356 (Traumbrod.)

313 1372 383 1414 lat.
415 1374 507 1414 106.

256 1478 264 1486 .
313 1445 376 1486 De
408 1458 534 1499 puero
566 1444 799 1486 nutriendo.
852 1444 1003 1487 Lucius
1035 1445 1235 1499 regnavit.
1285 1443 1476 1498 (Gnade.)
1523 1458 1649 1498 germ.
1675 1444 1743 1486 34.

256 1549 264 1557 .
313 1515 376 1558 De
418 1515 591 1558 muliere
632 1515 876 1558 adulterata.
939 1516 1149 1558 Adrianus
1189 1517 1388 1570 regnavit.
1453 1513 1877 1571 (Kerkergespraoh.)

313 1587 384 1629 lat.
409 1588 476 1629 86.

314 1658 377 1700 De
416 1661 591 1713 quatuor
630 1658 719 1701 viis.
784 1659 922 1702 Telius
961 1660 1004 1701 in
1044 1660 1222 1702 civitate.
1287 1659 1447 1713 (Kreuz
1484 1658 1562 1701 mit
1600 1656 1878 1712 insohriften.)

313 1730 384 1772 lat.
409 1730 476 1771 65.

256 1834 264 1843 .
312 1801 375 1843 De
421 1801 539 1855 nigro
587 1815 690 1856 equo
739 1805 780 1844 et
823 1800 1027 1844 8111130110.
1093 1802 1309 1846 811113011113
1355 1802 1556 1857 regnavit.
1621 1799 1878 1856 (Schwarz.)

312 1886 439 1926 germ.
465 1873 533 1913 35.

255 1976 264 1984 .
312 1943 375 1985 De
407 1942 491 1985 filia
522 1947 563 1985 et
595 1943 786 1999 passione
818 1944 986 1986 domini.
1045 1944 1220 1988 Severus
1254 1959 1339 1988 rex.
1397 1944 1576 2000 (Waffen
1609 1940 1876 1998 aufhangen.)

313 2014 384 2056 lat.
409 2015 476 2056 66.

256 2118 264 2127 .
312 2085 373 2127 De
406 2085 536 2128 milite
569 2089 609 2128 et
639 2086 757 2129 leone
789 2090 865 2129 010.
912 2087 1149 2130 Anthonius
1182 2089 1382 2142 regnavit.
1432 2085 1626 2142 (Wiiste.)
1675 2099 1770 2142 app.
1795 2087 1833 2128 3.

313 2157 375 2199 De
408 2157 556 2199 31101113
588 2171 665 2211 que
698 2162 863 2200 cantum
893 2163 968 2201 010.
1009 2159 1219 2201 Adrianus
1242 2160 1442 2213 regnavit.
1484 2156 1679 2211 (H‘ahne.)
1717 2158 1789 2200 lat.
1808 2157 1876 2200 68.

256 2261 264 2269 .
314 2228 376 2271 De
407 2229 668 2284 carpentario
701 2232 742 2271 et
773 2230 955 2272 camisia.
1005 2229 1147 2272 Gallus
1178 2232 1380 2285 regnavit.
1429 2228 1876 2284 (Keusehheitshemd.)

312 2299 383 2342 lat.
409 2300 476 2341 69.

256 2404 264 2413 .
313 2371 376 2413 De
419 2371 632 2424 sagittario
673 2375 713 2413 et
755 2376 897 2414 saneta
936 2373 967 2414 T
971 2373 1150 2416 rinitate.
1216 2373 1464 2427 Sagittarius
1505 2372 1685 2427 quidam.
1750 2370 1877 2425 (Drei

312 2442 584 2493 weisheiten.)
632 2442 702 2484 lat.
733 2444 826 2484 167.

256 2546 264 2554 .
313 2513 375 2555 De
415 2512 499 2555 filia
530 2513 638 2567 regis
673 2526 750 2567 que
782 2514 914 2556 noluit
946 2519 1019 2558 010.
1076 2515 1179 2558 Erat
1212 2516 1379 2571 quidam
1410 2529 1495 2558 rex.
1552 2513 1670 2569 (Drei
1700 2511 1876 2567 fragen.)

313 2584 384 2627 lat.
409 2585 476 2626 70.

257 2688 265 2697 .
313 2655 374 2697 De
405 2654 488 2696 filio
523 2655 591 2709 qui
623 2659 707 2697 tres
741 2656 892 2698 amieos
916 2660 990 2698 010.
1040 2657 1214 2708 Quidam
1236 2671 1310 2700 rex
1333 2661 1433 2700 erat.
1483 2655 1874 2712 (Freundesprobe.)

313 2726 384 2768 lat.
414 2727 506 2768 129.

257 2830 265 2838 .
314 2797 376 2839 De
415 2797 607 2839 thesauro
643 2798 686 2838 in
718 2801 862 2840 trunco
896 2802 935 2840 et
967 2813 1103 2841 avaro.
1159 2799 1262 2842 Erat
1293 2799 1459 2854 quidam
1492 2812 1652 2840 avarus.
1678 2799 1680 2801 ’
1706 2797 1873 2852 (8011312

314 2869 369 2909 1111
403 2868 581 2919 haume.)
629 2868 699 2910 lat.
730 2870 821 2910 100.

314 2938 375 2981 De
408 2939 750 2981 buccinatoribus.
799 2939 972 2990 Quidam
1006 2955 1079 2983 rex
1102 2946 1200 2983 erat.
1248 2940 1636 2996 (Todestrompete.)
1683 2941 1754 2983 131.
1779 2941 1870 2982 143.
