1954 3137
213 170 280 211 64.

213 310 280 352 65.

213 453 279 494 66.

214 595 281 636 67.

213 737 280 779 68.

214 880 287 922 69.

214 1022 281 1064 70.

215 1166 282 1206 71.

215 1309 282 1350 72.

215 1452 283 1493 73.

217 1594 285 1635 74.

220 1736 287 1778 75.

219 1880 287 1921 76.

222 2162 290 2204 78.

224 2305 291 2347 79.

225 2448 292 2489 80.

227 2590 293 2631 81.

229 2732 295 2773 82.

230 2872 297 2913 83.

1025 67 1079 108 66

327 169 390 211 De
421 169 759 224 predicatoribus.
809 171 1009 226 Tyberius
1031 172 1073 213 in
1095 171 1263 212 civitate
1284 184 1456 212 romana
1477 170 1678 224 regnavit.
1719 169 1893 223 (Goldne

329 240 479 293 angel.)
524 239 594 282 lat.
619 240 686 281 85.

328 311 390 353 De
423 311 695 354 meditacione
727 312 875 354 anime.
924 311 1120 355 Claudius
1154 313 1343 366 regnavit
1375 313 1445 367 qui
1476 312 1641 354 unicam
1670 310 1799 354 filiam
1822 311 1893 354 ha-

330 382 428 423 buit.
478 381 686 430 (Socrates
719 382 952 433 heirathet.)
999 383 1069 426 lat.
1094 385 1162 425 61.

328 452 391 494 De
421 454 689 508 reparacione
712 454 1042 509 pulchritudinis.
1084 454 1224 510 Gayus
1246 454 1288 496 in
1310 454 1475 496 civitate
1498 467 1671 496 romana
1692 453 1891 508 regnavit.

331 523 378 573 (F
382 523 617 577 lorentina.)
661 525 730 566 lat.
757 527 824 567 (32.

329 594 392 636 De
431 595 613 649 justicia.
677 596 930 639 Theodosius
976 597 1017 639 in
1065 598 1232 640 civitate
1275 610 1447 639 romana
1485 596 1676 650 regnavit
1714 595 1894 652 prudens

330 666 461 708 valde.
511 667 846 721 (Riigenglocke.)
893 667 964 710 lat.
993 669 1087 711 105.

329 736 392 779 De
438 738 636 780 timorosa
676 738 863 781 custodia
902 739 1049 782 anime.
1113 740 1328 796 Trayanus
1366 739 1594 795 imperator
1632 738 1675 780 in
1713 737 1892 780 civitate.

331 808 456 860 (Eber
489 809 594 851 ohne
627 809 756 861 herz.)
803 810 874 852 lat.
900 811 967 853 83.

332 879 526 934 Sequitur
557 881 606 923 de
639 895 778 923 amore
803 881 955 924 divino.
1004 882 1225 938 Pompejus
1248 883 1291 925 in
1312 882 1479 925 civitate
1500 895 1673 924 romana
1693 880 1893 935 regnavit.

331 950 506 1003 (Falke.)
553 951 625 994 lat.
651 953 718 994 84.

329 1021 391 1064 De
438 1023 720 1066 misericordia
766 1024 876 1067 circa
920 1024 1173 1068 confitentes.
1236 1024 1387 1068 Lucius
1425 1025 1653 1080 imperator
1692 1022 1893 1077 regnavit.

332 1093 522 1145 (Gnade.)
571 1109 698 1148 germ.
724 1097 791 1137 34.

331 1164 393 1207 De
429 1166 603 1208 diversis
635 1167 724 1208 viis.
781 1166 924 1209 Helius
957 1167 1184 1223 imperator
1215 1168 1257 1209 in
1290 1167 1457 1210 civitate
1489 1180 1662 1210 romana
1690 1165 1894 1220 regnavit.

333 1236 483 1285 (Kreuz
517 1238 594 1279 mit
624 1238 898 1290 inschriften.)
946 1238 1018 1280 lat.
1044 1239 1112 1281 65.

330 1307 393 1350 De
424 1308 608 1351 vindicta
639 1309 855 1351 malorum.
906 1308 1134 1365 Symachus
1156 1310 1344 1364 regnavit
1364 1309 1408 1351 in
1429 1309 1608 1352 civitate.
1653 1308 1895 1362 (Schwarz.)

331 1393 458 1433 germ.
484 1380 552 1421 35.

331 1451 394 1493 De
433 1451 720 1507 compassione
751 1451 883 1494 fidelis
917 1452 1064 1495 anime.
1120 1453 1295 1496 Severus
1327 1453 1517 1507 regnavit
1549 1453 1618 1508 qui
1650 1465 1774 1495 unam
1805 1450 1897 1508 pul-

333 1522 487 1564 chram.
538 1522 712 1573 (Waffen
746 1524 1012 1577 aufh'angen.)
1060 1524 1130 1566 lat.
1156 1525 1224 1567 66.

335 1593 579 1636 Castitatem
612 1594 808 1637 debemus
841 1609 1018 1638 servare.
1069 1595 1211 1638 Gallus
1244 1596 1432 1650 regnavit
1463 1595 1644 1651 prudens
1671 1598 1712 1638 et
1735 1598 1895 1652 potens.

336 1665 780 1717 (Keuschheitshemd.)
827 1666 898 1709 lat.
924 1668 991 1709 69.

336 1736 399 1779 De
437 1737 581 1779 amicis
622 1737 808 1780 diversis.
867 1738 1041 1788 Quidam
1081 1753 1154 1781 rex
1192 1742 1282 1781 erat
1313 1739 1382 1794 qui
1413 1742 1577 1781 tantum
1608 1752 1736 1781 unum
1768 1736 1900 1779 filium

335 1807 490 1850 habuit.
541 1808 927 1865 (Freundesprobe.)
974 1810 1045 1852 lat.
1072 1811 1166 1852 129.

334 1878 398 1921 De
436 1879 629 1922 thesauro
669 1881 840 1923 occulto.
897 1881 1002 1923 Erat
1040 1881 1207 1936 quidam
1247 1894 1395 1923 avarus
1435 1881 1582 1924 sedens
1613 1882 1737 1937 juxta
1772 1893 1899 1924 mare.

338 1950 504 2000 (Schatz
536 1951 593 1992 im
627 1951 806 2004 haume.)
854 1952 925 1994 lat.
953 1953 1047 1994 100.

281 2054 289 2062 .
340 2021 534 2076 Sequitur
566 2021 738 2065 Gestum
780 2023 830 2065 de
869 2024 1018 2065 timore
1058 2024 1233 2066 extremi
1267 2023 1426 2078 judicii.
1489 2024 1665 2075 Quidam
1703 2037 1778 2067 rex
1808 2023 1899 2066 fuit.

339 2092 728 2149 (Todestrompete.)
776 2094 847 2136 lat.
876 2095 970 2136 143.

336 2162 399 2204 De
421 2164 538 2206 cecis.
581 2164 801 2214 Quintillus
827 2165 1017 2219 regnavit
1038 2166 1107 2220 qui
1130 2167 1275 2209 statuit
1306 2179 1381 2223 pro
1403 2165 1505 2220 lege.
1547 2166 1650 2218 (100
1670 2164 1901 2220 groschen.)

338 2233 409 2275 lat.
435 2236 502 2277 73.

341 2304 403 2347 De
450 2311 591 2348 sancto
634 2307 856 2350 laurencio
919 2308 1095 2358 Quidam
1134 2323 1208 2351 rex
1247 2322 1420 2363 magnus
1459 2308 1661 2364 hyspanie
1701 2320 1900 2363 paganus.

341 2376 417 2427 (St.
440 2376 720 2429 Laurentius.)
771 2393 865 2434 app.
890 2379 928 2421 5.

341 2447 404 2489 De
448 2449 679 2491 concordia.
743 2449 916 2500 Quidam
964 2463 1038 2493 rex
1076 2455 1164 2493 erat
1204 2451 1324 2493 valde
1362 2454 1521 2507 potens.
1586 2449 1902 2504 (Ziegenauge.)

341 2519 411 2560 lat.
438 2520 506 2561 76.

342 2589 405 2632 De
443 2591 635 2645 passione
674 2591 800 2633 cristi.
864 2591 1019 2634 Civitas
1061 2592 1237 2646 quedam
1276 2595 1339 2634 est
1369 2593 1494 2646 juxta
1529 2605 1656 2635 mare.
1720 2572 1908 2645 (Drache

345 2661 473 2702 durch
504 2661 636 2703 lowen
670 2662 880 2712 entfernt.)
929 2676 1023 2719 app.
1048 2664 1088 2705 4.

344 2731 407 2774 De
439 2732 621 2774 vindicta
649 2737 924 2788 peccatorum.
972 2733 1091 2776 Miles
1114 2733 1281 2789 quidam
1305 2737 1394 2776 erat
1413 2734 1579 2788 iniquus
1601 2733 1742 2789 predo.
1791 2732 1906 2786 (Fuss

345 2802 426 2853 ab.)
474 2803 543 2846 lat.
571 2804 666 2845 127.

345 2872 407 2914 De
440 2873 649 2926 vigilando
682 2875 873 2929 pastoris.
922 2874 1151 2930 Imperator
1183 2875 1349 2931 quidam
1379 2877 1469 2918 erat
1490 2875 1560 2931 qui
1580 2875 1726 2918 habuit
1745 2888 1904 2918 nemus.

349 2943 487 2998 (Eber,
520 2944 594 2987 VII
626 2945 731 3000 sap.)
