1954 3137
185 196 252 237 38.

185 267 252 312 39.

184 414 253 454 40.

184 484 253 526 41.

184 626 253 667 42.

244 730 253 738 .
300 696 535 750 Benegarus
568 696 796 752 Imperator
828 696 1027 749 regnavit.
1083 693 1200 748 (Drei
1231 681 1501 734 wahr‘heiten,
1532 679 1642 733 frei.)
1694 678 1765 720 lat.
1789 677 1856 720 58.

183 768 252 809 44.

183 838 252 882 45.

183 989 252 1030 46.

183 1061 253 1101 47.

184 1131 252 1172 48.

184 1202 253 1244 49.

185 1346 253 1388 50.

185 1492 254 1534 51.

187 1635 254 1677 52.

978 82 1058 124 138

301 194 501 251 Tyberius
534 193 763 248 Imperator
793 189 982 244 regnavit
1012 187 1151 230 Rome.
1199 184 1456 240 (Dehnbares
1487 182 1608 239 glas.)
1652 183 1723 225 lat.
1746 183 1815 224 44.

301 266 362 313 De
394 266 526 312 tribus
558 264 734 319 regibus.
781 263 868 305 Rex
897 261 1095 303 danorum
1119 262 1202 301 tres
1223 270 1376 311 magos.
1425 255 1547 310 (Heil.
1567 254 1655 298 drei
1674 253 1854 308 konige.)

300 341 372 384 lat.
395 342 464 383 47.

300 412 454 455 Reffert
484 411 661 455 valerius
694 408 801 467 quod
831 403 1036 456 Zelongus
1068 400 1308 455 Imperator.
1358 395 1604 451 (Zaleucus.)
1649 395 1720 439 lat.
1743 396 1811 438 50.

301 484 362 526 De
384 483 622 526 Alexandro
655 495 815 536 magnO,
865 471 1119 523 Allexander
1149 484 1322 524 magnus
1353 469 1448 512 Pori
1479 469 1599 522 regis.
1648 466 1858 521 (Geschirr

301 553 491 607 stehlen.)
539 568 633 610 app.
658 555 697 596 2.

300 625 362 668 De
393 626 509 681 Tyto.
558 625 674 667 Titus
705 625 747 667 in
780 625 945 667 civitate
976 623 1161 666 Romana
1192 611 1396 674 regssffi'st·
1445 609 1620 661 (F0038·)
1665 608 1736 650 lat·
1759 608 1827 649 57·

302 768 500 810 Ochozias
532 768 720 821 regnavit
750 768 818 822 qui
851 771 932 809 tres
954 766 1058 808 filios
1082 763 1268 806 habebat.
1316 751 1598 815 (Baumerbe.)
1644 763 1770 803 germ·
1791 749 1858 791 81·

300 838 451 881 Darius
503 839 728 899 imperator
778 839 820 880 in
875 838 1040 881 civitate
1089 835 1274 878 Romana
1322 831 1523 886 regnavit.
1596 817 1859 878 (JOflathaS·)

300 915 369 959 lat.
407 916 497 958 120.

301 987 544 1030 Jovinianus
575 986 800 1041 imperator
832 982 1031 1037 regnavit.
1081 975 1373 1034 (Jovinianus.)
1420 975 1490 1017 lat.
1514 974 1584 1017 59.

301 1058 517 1101 Hamribal
549 1057 736 1111 regnavit
767 1055 906 1097 multis
940 1053 1070 1096 annis.
1120 1048 1307 1105 (Redde.)
1354 1047 1424 1089 lat.
1449 1047 1517 1088 20.

302 1130 501 1186 Tyberius
533 1129 575 1170 in
607 1128 772 1170 civitate
803 1127 988 1169 Romana
1021 1126 1119 1167 erat.
1170 1120 1345 1175 (Goldne
1376 1117 1527 1172 angel.)
1575 1116 1647 1158 lat.
1671 1114 1738 1157 85.

300 1202 364 1245 De
396 1200 656 1244 dedicaeione
688 1198 868 1242 ecclesie.
918 1196 1112 1239 Claudius
1143 1191 1342 1247 regnavit.
1393 1189 1600 1245 (Socrates
1621 1182 1857 1237 heirathet.)

299 1274 371 1316 lat.
402 1276 469 1316 61.

301 1345 364 1388 De
397 1345 588 1402 passione
620 1342 788 1384 domini.
842 1339 980 1395 Gayus
1012 1336 1201 1392 regnavit
1230 1335 1272 1377 in
1304 1334 1470 1377 civitate
1499 1331 1696 1374 Romana.
1747 1327 1860 1381 (Flo-

301 1416 496 1471 rentina.)
543 1416 614 1458 lat.
640 1415 707 1456 62.

302 1490 365 1533 De
409 1486 750 1545 predicatoribus.
813 1481 1065 1526 Theodosius
1110 1479 1154 1522 in
1199 1477 1365 1521 civitate
1409 1475 1606 1518 Romana.
1676 1470 1859 1525 (Riigeffi

303 1560 478 1616 glocke.)
523 1559 594 1601 lat.
623 1557 717 1600 105.

302 1633 366 1676 De
404 1645 516 1688 apro.
573 1630 786 1685 Troyanus
825 1627 867 1668 in
909 1624 1075 1668 civitate
1115 1621 1301 1664 Romana
1337 1617 1537 1673 regnavit.
1592 1613 1719 1671 (Eber
1757 1612 1862 1654 ohne

304 1705 414 1747 herz.
481 1703 551 1745 lat.
578 1702 645 1743 83.

304 1776 367 1819 De
406 1704 537 1818 tiibus
576 1770 809 1814 virtutibus.
865 1767 1070 1810 Antonius
1111 1765 1153 1807 in
1185 1763 1362 1806 civitate.
1418 1758 1594 1816 (Hemd⁷
1632 1756 1720 1799 drei
1751 1747 1863 1808 zoll.)

304 1849 375 1891 lat.
400 1848 467 1889 64.

251 1955 259 1964 .
307 1919 458 1963 Lucius
491 1915 679 1970 regnavit
711 1913 780 1968 qui
812 1910 957 1954 statuit
987 1922 1061 1965 pro
1093 1908 1194 1961 lege.
1244 1901 1437 1961 (Gnade.)
1483 1903 1554 1944 lat.
1579 1901 1646 1943 34.

225 1993 261 2035 “.
309 1991 445 2034 Celius
492 1989 533 2030 in
581 1986 745 2029 civit-ate
791 1995 963 2025 romana
1007 1979 1207 2033 regnavit.
1271 1976 1430 2031 (Kreuz
1469 1974 1546 2016 mit
1583 1966 1864 2023 inschriften.)

307 2063 378 2105 lat.
404 2061 471 2103 65.

311 2133 542 2177 Gordianus
574 2127 762 2182 regnavit
793 2130 938 2181 potens
971 2121 1101 2164 valde.
1150 2116 1346 2174 (Heme.)
1390 2117 1461 2159 lat.
1485 2116 1552 2157 68.

311 2205 453 2248 Gallus
484 2201 674 2255 regnavit
705 2197 885 2254 prudens
919 2207 965 2237 ae
996 2197 1154 2249 potens.
1208 2181 1653 2246 (Keuschheitshemd.)
1701 2183 1772 2225 lat.
1794 2181 1863 2223 69.

256 2311 264 2320 .
313 2273 534 2327 Quintillus
565 2270 754 2326 regnavit
785 2268 853 2323 qui
886 2266 1030 2308 statuit
1056 2277 1131 2320 pro
1153 2263 1253 2317 lege.
1301 2259 1405 2316 (100
1427 2253 1658 2313 groschen.)
1701 2253 1773 2297 lat.
1797 2253 1865 2294 73.

315 2346 565 2390 Aurelianus
596 2341 785 2396 regnavit
814 2340 857 2381 in
889 2338 1053 2380 civitate
1084 2335 1281 2377 Romana.
1334 2324 1654 2386 (Narrenapfel.)
1702 2325 1774 2367 lat.
1798 2324 1865 2389 74..

314 2418 502 2462 Justinus
534 2416 577 2457 in
609 2414 775 2457 civitate
806 2410 992 2452 Romana
1022 2406 1222 2461 regnavit.
1275 2402 1474 2459 (Untreue
1505 2412 1634 2454 gegen
1665 2391 1870 2449 erretter.)

315 2491 386 2532 lat.
416 2489 508 2530 117.

316 2561 549 2615 Pampeyus
583 2555 728 2599 statuit
758 2567 832 2610 pro
862 2553 964 2606 lege.
1012 2550 1077 2606 (In
1107 2546 1253 2592 waffen
1285 2539 1522 2599 begraben.)
1566 2541 1638 2583 lat.
1664 2539 1758 2581 134.

320 2631 520 2675 Semicius
553 2627 742 2682 regnavit
763 2625 942 2681 prudens
966 2622 1095 2665 valde.
1140 2620 1347 2675 (Ingratus
1368 2615 1452 2658 und
1474 2609 1639 2666 Guido.)
1681 2610 1753 2652 lat.
1777 2608 1868 2650 119.
1953 2628 1954 2631 ¹

318 2702 586 2746 Domicianus
618 2697 807 2752 regnavit
837 2695 1018 2751 prudens
1039 2691 1170 2735 valde.
1218 2689 1337 2746 (Drei
1357 2684 1595 2730 weisheiten
1616 2675 1872 2733 verkaufen.)

319 2775 389 2817 lat.
418 2774 511 2815 103.

207 2848 275 2890 64.
323 2844 568 2890 Tholomeus
599 2841 728 2884 Rome
759 2837 958 2892 regna-vit.
1005 2828 1292 2890 (Wachsbild.)
1335 2829 1405 2872 lat.
1431 2828 1526 2870 102.
