1919 3157
854 95 935 136 327

57 199 134 241 sim
167 198 363 241 canicula.
412 199 497 249 Que
531 200 606 241 ait:
641 200 730 241 Cito
764 214 838 254 pro
872 200 940 242 illo
967 201 1119 253 juvene
1143 201 1258 242 mitte
1282 206 1322 243 et
1345 202 1593 244 voluntatem
1619 218 1731 245 suain

56 270 145 312 sine
183 269 368 312 ulteriori
407 270 609 312 dilacione
648 272 787 312 facias.
841 273 898 313 At
936 272 1028 313 illa:
1070 271 1180 325 Rogo
1222 273 1482 314 sanctitatem
1524 279 1651 326 tuam,
1691 282 1735 316 ut

55 354 202 396 pergas
236 341 286 382 ad
319 354 411 383 eum
445 345 485 382 et
517 346 649 383 tecum
685 342 822 384 ducas.
872 342 1118 384 Scandalum
1144 343 1250 384 enim
1277 349 1415 397 posset
1437 358 1539 397 esse,
1573 346 1605 386 si
1631 345 1733 387 alius

55 411 106 454 ad
139 425 230 454 eum
272 411 495 454 accederet.
555 411 627 453 Cui
664 413 819 454 vetula:
862 413 951 455 Tibi
985 414 1218 468 compacior
1257 418 1297 454 et
1329 414 1503 457 libenter
1535 416 1607 457 tibi
1641 430 1731 458 eum

54 482 270 524 adducam.
319 482 507 524 Perrexit
539 487 579 524 et
604 483 797 536 juvenem
832 498 967 526 secum
999 484 1130 536 duxit,
1165 489 1315 526 etcum
1340 485 1505 527 domina
1527 487 1731 529 dormivit.

54 552 110 596 Et
139 554 198 596 sic
229 567 303 608 per
337 553 513 596 vetulam
549 554 714 595 domina
747 555 994 597 adulterium
1027 556 1245 597 commisit.

176 622 500 679 [Mor-azimam]
566 624 793 678 Carissimi,
828 627 904 668 iste
937 627 1054 668 miles
1088 630 1150 668 est
1181 625 1383 679 Christus,
1418 641 1519 668 uxor
1551 634 1663 670 casta
1696 635 1735 671 et

55 695 202 737 decora
233 696 371 738 anima
403 710 476 751 per
511 696 760 751 baptismum
795 697 891 750 lota,
933 699 996 739 cui
1035 697 1148 739 dedit
1179 697 1278 739 deus
1311 697 1484 739 liberum
1519 699 1732 741 arbitrium

55 771 96 809 et
134 780 206 809 sue
247 767 448 809 voluntati
487 768 670 819 tradidit,
713 769 875 822 quando
919 769 968 811 de
1009 769 1082 810 hoc
1120 769 1273 810 mundo
1313 769 1363 810 ad
1403 774 1560 823 patrem
1595 783 1734 812 ascen-

54 837 127 879 dit.
181 837 329 880 Mulier
370 839 449 880 ista
489 839 645 880 scilicet
677 840 813 881 anima
847 841 1046 882 invitatur
1077 840 1129 881 ad
1161 840 1407 892 convivium,
1449 841 1641 893 quociens
1672 842 1734 882 in·

55 907 233 950 clinatur
284 909 334 950 ad
386 909 592 951 carnalem
647 911 1040 966 concupiscenciam.
1120 910 1222 960 Quia
1273 911 1504 952 convivium
1557 911 1733 953 hominis

55 979 234 1022 carnalis
273 984 335 1022 est
374 994 538 1036 semper
577 981 617 1022 in
658 981 813 1023 deliciis
847 983 996 1024 vivere.
1053 981 1202 1024 Statim
1229 982 1393 1035 juvenis
1426 982 1466 1023 id
1500 986 1562 1023 est
1591 983 1735 1024 mundi

55 1050 216 1093 vanitas
248 1064 337 1093 eam
371 1052 612 1106 inquantum
649 1057 785 1107 potest
817 1053 963 1106 allicit,
1006 1058 1049 1095 ut
1089 1054 1124 1094 ei
1165 1053 1371 1094 adhereat.
1436 1052 1479 1094 Si
1518 1066 1613 1094 vero
1652 1067 1732 1096 non

55 1122 321 1174 consenserit,
362 1122 479 1165 adest
519 1123 655 1165 vetula
687 1124 843 1166 scilicet
874 1124 1075 1176 diabolus,
1119 1125 1187 1178 qui
1227 1125 1373 1165 circuit
1404 1137 1577 1178 querens
1612 1138 1733 1178 quam

54 1193 223 1236 devoret
267 1194 448 1235 animam
497 1194 652 1236 scilicet
699 1195 982 1250 principaliter
1030 1201 1227 1250 quantum
1276 1199 1413 1249 potest
1458 1195 1652 1238 sollicitat
1690 1201 1735 1238 ut

54 1269 220 1320 peccato
267 1265 516 1306 consenciat.
586 1264 639 1306 Et
686 1266 915 1319 quomodo?
977 1266 1097 1308 Certe
1144 1266 1323 1307 ostendit
1374 1266 1451 1308 sibi
1504 1267 1733 1309 caniculam

52 1334 231 1378 flentem.
294 1335 491 1378 Canicula
530 1341 591 1378 est
631 1350 725 1392 spes
766 1337 885 1391 longe
925 1338 1008 1379 vite
1047 1342 1087 1380 et
1118 1338 1242 1378 nimis
1275 1337 1324 1378 de
1356 1337 1420 1378 dei
1453 1338 1735 1380 misericordia

53 1409 303 1463 presumere,
352 1420 473 1462 quam
522 1407 640 1449 multi
687 1407 840 1450 habent
884 1409 1091 1451 intantum
1139 1408 1246 1463 quod
1294 1409 1375 1450 cito
1424 1408 1474 1450 ad
1520 1414 1733 1464 peccatum

54 1479 294 1522 declinatur.
347 1478 451 1529 Quia
488 1479 593 1521 sicut
624 1479 809 1521 canicula
840 1480 921 1522 ista
953 1494 1001 1523 ex
1035 1481 1169 1536 sinapi
1201 1479 1509 1533 lacrimabatm,
1549 1481 1608 1522 sic
1640 1494 1734 1536 spes

54 1551 193 1606 sepius
225 1551 406 1593 animam
438 1549 596 1603 affligit,
628 1563 679 1592 ne
712 1550 762 1592 ad
796 1551 1010 1593 veritatem
1044 1553 1222 1605 attingat
1252 1551 1458 1593 intantum
1482 1551 1590 1606 quod
1613 1552 1733 1594 homo

56 1625 222 1678 peccato
245 1622 461 1664 consentit.
511 1620 552 1663 Si
587 1635 683 1674 ergo
717 1621 906 1664 volumus
930 1623 1159 1665 castitatem
1187 1623 1322 1664 anime
1344 1635 1508 1664 servare
1532 1627 1571 1664 et
1592 1623 1735 1665 mundi

53 1693 342 1748 decepcionem
389 1706 629 1748 precavere,
676 1693 885 1746 fugiamus
931 1691 1020 1747 [29]
1064 1694 1260 1735 mundum
1310 1707 1590 1748 summopere,
1639 1695 1736 1748 quia

54 1778 175 1807 omne
212 1764 320 1819 quod
361 1768 422 1806 est
460 1765 503 1806 in
541 1765 694 1806 mundo
739 1771 810 1807 aut
849 1770 910 1806 est
950 1764 1144 1820 superbia
1183 1765 1264 1806 vite
1297 1770 1367 1807 aut
1398 1765 1736 1820 concupiscencia

54 1835 262 1878 oculorum
304 1840 375 1877 aut
413 1837 749 1891 concupiscencia
789 1836 939 1889 carnis,
980 1840 1020 1877 et
1049 1835 1141 1877 ideo
1174 1849 1380 1878 summum
1412 1837 1640 1878 remedium
1673 1842 1736 1879 est

54 1906 170 1948 illum
203 1906 499 1961 derelinquere,
533 1908 568 1949 si
601 1907 788 1948 volumus
821 1907 1023 1962 premium
1059 1910 1242 1948 eternum
1277 1907 1473 1949 obtinere.

724 2137 825 2179 CAP.
851 2138 918 2179 29.
953 2138 1055 2185 (28.)

527 2224 738 2270 Notabile
776 2225 828 2268 de
848 2223 1083 2283 judicibus
1118 2224 1261 2269 malis.

171 2331 276 2374 Erat
314 2332 480 2386 quidam
520 2333 757 2388 imperator,
798 2333 866 2387 qui
912 2333 1058 2374 statuit
1097 2346 1170 2387 pro
1212 2332 1319 2385 lege,
1360 2332 1469 2387 quod
1510 2332 1584 2374 sub
1629 2346 1734 2387 pena

53 2403 171 2458 gravi
211 2402 386 2458 quilibet
419 2403 546 2456 judex
587 2407 696 2445 recte
728 2403 948 2457 judicaret,
988 2407 1028 2445 et
1065 2403 1100 2444 si
1139 2404 1390 2444 contrarium
1429 2403 1583 2445 faceret
1621 2403 1732 2444 nullo

53 2474 174 2517 modo
213 2473 540 2516 misericordiam
580 2475 797 2516 inveniret.
860 2473 1025 2516 Accidit
1062 2487 1201 2527 casus,
1249 2475 1356 2529 quod
1405 2475 1571 2529 quidam
1604 2475 1732 2528 judex

55 2544 293 2588 muneribus
341 2549 559 2600 corruptus
605 2545 754 2587 falsum
796 2545 998 2599 judicium
1046 2544 1171 2586 dedit.
1246 2545 1473 2600 Imperator
1519 2559 1611 2587 cum
1656 2545 1733 2587 hoc

55 2615 257 2669 audisset,
299 2616 429 2658 servis
470 2616 554 2658 suis
597 2616 801 2670 precepit,
841 2619 887 2656 ut
924 2629 1014 2657 eum
1057 2617 1326 2658 excoriat-ent.
1388 2615 1445 2657 Et
1483 2616 1540 2656 sic
1578 2615 1729 2657 factum

55 2691 128 2729 est.
180 2685 334 2729 Pellem
367 2687 453 2741 ejus
486 2687 528 2728 in
562 2686 665 2739 loco,
705 2686 774 2728 ubi
800 2686 927 2739 judex
962 2686 1103 2728 sedere
1134 2687 1314 2740 deberet,
1355 2687 1493 2742 posuit
1523 2686 1572 2727 ad
1605 2687 1732 2740 signi-

54 2756 272 2811 ficandum,
312 2758 420 2812 quod
460 2757 530 2800 ille
567 2757 695 2812 judex
729 2758 941 2810 cogitaret,
983 2757 1090 2811 quod
1131 2758 1307 2812 amplius
1346 2758 1493 2799 falsum
1529 2757 1730 2808 judicium

1762 851 1805 885 10

1762 1204 1804 1237 15

1761 1561 1806 1595 20

1761 1920 1805 1953 25

1758 2486 1803 2518 30

55 2841 135 2871 non
168 2829 297 2871 daret.
345 2828 432 2871 Rex
465 2842 561 2871 vero
594 2828 721 2870 filium
750 2828 902 2882 judicis
925 2827 1104 2869 defuncti
1132 2829 1312 2882 judicem
1348 2828 1562 2870 coustituit
1592 2828 1730 2870 dicens
1756 2839 1801 2872 35

56 2899 114 2942 ei:
156 2899 326 2942 Sedebis
358 2913 482 2955 super
522 2899 668 2955 pellem
705 2900 834 2954 patris
866 2899 940 2952 tui,
983 2903 1027 2941 ut
1060 2900 1220 2953 judices
1260 2899 1458 2955 populum
1489 2913 1638 2942 meum.
1688 2899 1730 2942 Si

146 2980 168 3014 9
193 2981 343 3025 patrem]
369 2987 455 3027 oriy.
478 2985 629 3024 petrem.
