1919 3157
856 93 940 134 373

54 202 265 250 gummata
298 196 438 238 dentes
471 198 557 251 ejus
591 197 698 252 pleni
734 202 866 251 erunt,
901 198 1006 251 quod
1040 203 1078 239 te
1101 212 1179 239 non
1203 198 1374 240 multum
1399 200 1551 254 poterit
1573 199 1727 251 ledere;

57 271 100 310 tu
133 280 229 309 vero
261 280 350 309 cum
386 267 457 309 hec
492 269 736 323 perceperis,
769 269 949 319 gladium
984 270 1169 322 evagina,
1203 273 1243 310 et
1273 274 1396 325 caput
1427 271 1512 323 ejus
1545 275 1726 326 amputa.

55 336 134 381 Sed
174 337 282 380 aliud
324 342 385 380 est
426 338 557 380 adhuc
599 340 823 394 periculum
865 341 905 381 in
949 345 1036 382 orto
1080 340 1160 382 illo.
1215 339 1291 382 Est
1330 344 1488 382 tantum
1531 355 1634 383 unus
1667 342 1728 383 in-

52 409 198 451 troitus
232 414 272 451 et
301 414 397 451 sunt
428 409 590 451 diversa
622 410 882 463 diverticula,
924 411 980 452 ita
1014 411 1120 465 quod
1153 412 1220 466 qui
1254 411 1378 453 semel
1412 413 1628 454 intraverit
1660 413 1726 454 vix

51 480 206 522 exitum
238 480 421 522 invenire
455 481 617 535 poterit,
651 485 690 522 et
723 481 812 523 ideo
843 486 985 523 eontra
1017 481 1115 523 illud
1150 482 1375 537 periculum
1411 483 1514 524 dabo
1547 484 1621 525 tibi
1645 483 1726 525 talc

51 551 291 593 remedium.
345 549 519 593 Globum
560 551 615 592 fili
655 552 728 593 tibi
772 552 962 604 concedo,
1003 556 1043 594 et
1081 565 1170 594 cum
1213 553 1264 594 ad
1304 553 1481 595 hostium
1523 555 1600 595 orti
1636 568 1726 609 per-

52 621 226 674 veneris,
258 620 370 663 filum
403 621 512 675 globi
545 622 585 663 in
621 627 738 677 porta
771 623 865 676 liga,
899 623 1018 665 etsie
1042 636 1114 678 per
1146 623 1258 666 filum
1289 624 1330 665 in
1354 629 1488 666 ortum
1513 624 1726 678 descende,

52 697 92 734 et
124 692 229 735 sicut
260 693 384 734 vitam
420 696 531 734 tuam
566 692 715 747 diligis,
759 692 846 748 [51]
885 693 1050 747 globum
1084 693 1141 735 fili
1173 708 1254 737 non
1288 695 1449 750 perdas.
1503 694 1621 737 Miles
1656 709 1728 750 per

55 763 193 805 omnia
234 763 475 819 adimplevit
508 764 611 805 sicut
645 765 806 807 dixerat
837 764 986 820 puella,
1026 769 1210 807 armatus
1243 769 1376 808 ortum
1411 766 1592 808 intravit.
1644 765 1726 808 Leo

54 847 145 876 curn
178 847 270 876 eum
304 835 487 887 vidisset,
521 838 606 876 toto
640 835 852 877 conamine
885 836 925 877 in
961 849 1051 877 eum
1076 836 1208 889 irruit,
1241 836 1358 878 miles
1388 836 1562 879 viriliter
1584 851 1626 879 se
1659 837 1728 880 de—

50 905 194 959 fendit,
237 909 278 947 et
315 918 406 947 cum
438 905 571 948 lassus
613 911 723 959 erat,
766 906 914 948 saltum
957 907 1007 950 ab
1048 921 1094 949 eo
1125 908 1233 949 fecit.
1287 907 1369 950 Leo
1404 922 1494 950 eum
1529 921 1602 963 per
1635 909 1727 950 bra-

51 975 184 1019 chium
228 977 360 1018 tenuit
398 977 604 1019 intantum
645 977 752 1031 quod
785 977 927 1020 dentes
961 979 1046 1032 ejus
1078 992 1243 1032 gummo
1278 978 1387 1034 pleni
1427 983 1556 1021 erant.
1610 979 1726 1022 Miles

50 1060 142 1089 cum
174 1047 251 1089 hoc
281 1048 546 1103 percepisset,
580 1048 761 1102 gladium
795 1049 976 1090 extraxit
1007 1053 1047 1091 et
1077 1053 1201 1104 caput
1221 1049 1350 1091 leonis
1374 1050 1614 1105 amputavit.
1657 1050 1727 1092 Ille

50 1131 146 1160 vero
186 1117 229 1159 in
266 1121 425 1160 tantum
467 1119 684 1173 gaudebat,
726 1120 833 1174 quod
872 1119 983 1162 filum
1018 1134 1090 1175 per
1124 1133 1243 1174 quem
1277 1120 1499 1174 descendit,
1533 1121 1724 1176 perdidit.

49 1188 120 1231 Ille
159 1202 254 1230 vero
286 1190 418 1232 tristis
451 1203 497 1232 ac
534 1190 674 1232 dolens
707 1194 840 1232 ortum
881 1191 1011 1233 tribus
1044 1191 1234 1233 circuivit
1264 1191 1405 1234 diebus
1439 1196 1479 1234 et
1510 1192 1727 1245 diligenter

49 1260 213 1314 globum
245 1261 433 1315 quesivit,
467 1261 515 1302 de
547 1265 664 1303 nocte
685 1261 853 1303 invenit.
908 1261 1010 1304 Cum
1034 1276 1128 1305 vero
1147 1263 1384 1316 invenisset,
1418 1277 1499 1305 non
1521 1263 1727 1305 modicum

48 1331 229 1386 gaudens
261 1345 336 1387 per
366 1331 478 1373 filum
513 1333 709 1386 ascendit,
749 1347 958 1388 quousque
991 1333 1041 1376 ad
1074 1337 1234 1389 portam
1268 1334 1468 1389 pervenit,
1499 1333 1614 1376 filum
1647 1334 1727 1377 sol-

48 1403 119 1456 vit,
153 1402 203 1444 ad
235 1416 372 1456 regem
405 1404 589 1458 perrexit
620 1407 661 1446 et
692 1403 816 1446 filiam
851 1418 966 1446 suam
995 1405 1204 1447 dominam
1235 1405 1377 1448 solacii
1399 1406 1441 1447 in
1463 1419 1632 1447 uxorem
1656 1405 1726 1448 ob—

48 1474 184 1528 tinuit,
216 1473 266 1516 de
298 1487 377 1529 quo
409 1474 582 1516 multum
615 1475 831 1529 gaudebat.

165 1544 399 1599 carissimi,
444 1546 521 1588 iste
564 1546 787 1601 imperator
829 1551 892 1589 est
930 1547 1119 1588 dominus
1165 1551 1304 1589 noster
1343 1547 1483 1590 Ihesus
1521 1546 1722 1602 Christus,

47 1615 132 1658 filia
171 1622 253 1659 tam
296 1616 466 1672 pulchra
499 1617 666 1659 domina
697 1617 837 1659 solacii
871 1621 932 1659 est
963 1631 1133 1671 regnum
1168 1622 1367 1660 eternum.
1417 1618 1494 1669 Qui
1527 1632 1620 1661 vero
1653 1633 1723 1661 vo-

46 1687 170 1730 luerit
199 1701 371 1742 regnum
405 1692 591 1730 eternum
624 1688 787 1741 habere,
827 1693 990 1744 oportet
1019 1693 1064 1731 ut
1096 1689 1230 1744 primo
1263 1693 1396 1732 ortum
1430 1690 1549 1744 hujus
1580 1690 1723 1732 mundi

45 1759 172 1801 intret
203 1762 243 1801 et
273 1772 348 1814 per
380 1759 517 1813 aliqua
548 1764 735 1815 tempora
768 1760 961 1814 quamdiu
994 1760 1092 1802 deus
1126 1760 1301 1802 voluerit
1323 1761 1475 1804 ibidem
1497 1765 1719 1817 exspectet.

46 1829 286 1872 Psalmista:
320 1829 580 1872 Constituisti
612 1831 808 1873 terminos
832 1831 917 1885 ejus
942 1832 1011 1886 qui
1039 1831 1229 1887 preteriri
1259 1845 1339 1873 non
1363 1835 1567 1888 poterunt.
1607 1831 1720 1874 Job.:

46 1900 159 1943 Unus
192 1905 254 1943 est
284 1901 477 1943 introitus
510 1901 719 1943 hominum
755 1906 795 1944 et
820 1902 1114 1955 jumentorum.
1165 1902 1245 1945 Sed
1276 1903 1318 1944 in
1349 1904 1501 1945 mundo
1534 1907 1595 1946 tot
1626 1907 1722 1946 sunt

45 1972 288 2016 diverticula
325 1972 481 2014 scilicet
519 1973 714 2028 pericula,
748 1974 844 2028 quia
884 1987 961 2028 que
1002 1974 1120 2015 homo
1160 1975 1291 2016 nescit
1321 1974 1441 2017 finem
1475 1988 1606 2028 suum,
1646 1987 1721 2017 nec

46 2043 129 2098 ubi,
161 2057 235 2086 nec
267 2044 468 2098 quomedo
501 2044 606 2085 mori
638 2044 769 2101 debet.
821 2043 903 2086 Leo
936 2058 1031 2086 vero
1064 2049 1126 2087 est
1146 2045 1346 2099 diabolus,
1379 2046 1524 2088 circuit
1546 2059 1720 2100 querens

46 2128 167 2169 quem
199 2115 380 2168 devoret,
412 2115 519 2156 unde
551 2115 667 2169 quasi
699 2114 849 2157 infiniti
883 2129 954 2171 per
986 2129 1077 2158 eum
1111 2121 1208 2158 sunt
1229 2116 1363 2159 occisi.
1412 2115 1517 2167 Quid
1541 2130 1635 2170 ergo
1658 2119 1720 2158 est

44 2185 302 2228 faciendum?
351 2185 393 2228 Si
427 2185 613 2227 volumus
646 2199 814 2240 regnum
845 2186 993 2228 celeste
1024 2186 1220 2241 obtinere,
1254 2192 1363 2230 certe
1385 2187 1578 2230 debemus
1602 2187 1718 2229 bonis

46 2257 267 2300 virtutibus
307 2258 480 2310 armari,
522 2257 580 2298 ita
619 2257 725 2311 quod
765 2271 879 2299 arma
918 2262 1058 2299 nostra
1096 2259 1179 2300 sint
1215 2262 1438 2312 gummata.
1487 2257 1565 2300 Per
1602 2271 1718 2311 gum-

45 2341 153 2369 mam
195 2327 460 2370 elemosinam
499 2327 728 2382 intelligere
767 2328 983 2382 debemus,
1024 2329 1120 2383 quia
1158 2330 1264 2372 sicut
1293 2343 1460 2384 gumma
1491 2329 1570 2371 duo
1603 2328 1718 2370 adin-

46 2399 174 2440 vicem
207 2399 358 2453 jungit,
401 2400 459 2441 sic
491 2403 531 2440 et
562 2398 783 2441 elemosina
815 2412 905 2441 cum
940 2400 1028 2453 deo,
1068 2400 1173 2442 unde
1211 2400 1412 2456 propheta
1444 2400 1563 2442 dicit:
1606 2398 1720 2441 Sicut

46 2482 153 2524 aqua
183 2470 409 2524 exstinguit
430 2471 581 2524 ignem,
614 2470 673 2511 ita
695 2470 918 2512 elemosina
938 2475 1165 2526 peccatum.
1207 2471 1365 2514 Deinde
1388 2471 1510 2514 debes
1533 2471 1718 2526 accipere

44 2540 210 2594 globum
250 2540 307 2583 fili
347 2545 422 2583 etc.
471 2540 625 2583 Globus
664 2541 742 2583 iste
780 2545 842 2583 est
881 2542 1131 2597 baptismus3
1171 2543 1278 2585 unde
1319 2543 1362 2584 in
1400 2542 1603 2598 principio
1637 2542 1718 2583 vite

45 2615 112 2654 tue
152 2616 315 2667 oportet
351 2613 394 2654 in
433 2612 652 2668 baptismo,
692 2612 838 2655 deinde
877 2613 920 2655 in
958 2612 1273 2656 confirmacione
1313 2617 1354 2656 et
1390 2614 1448 2656 sic
1480 2627 1552 2668 per
1584 2617 1719 2655 cetera

45 2686 302 2726 sacramenta
340 2684 382 2725 in
423 2684 619 2725 mundum
657 2683 780 2725 istum
822 2684 1080 2726 descendere.
1129 2684 1207 2726 Sed
1245 2684 1308 2726 leo
1341 2685 1409 2727 ie.
1439 2684 1625 2727 diabolus
1657 2688 1720 2727 est

46 2758 213 2809 paratus
254 2757 396 2796 contra
435 2759 475 2797 te
518 2767 712 2810 pugnare.
766 2754 920 2797 Contra
958 2769 1050 2797 eum
1092 2755 1265 2798 viriliter
1297 2770 1478 2811 pugnare
1511 2755 1645 2809 debeS,
1679 2759 1720 2798 et

45 2829 169 2880 caput
208 2825 294 2880 ejus
332 2825 417 2868 scil.
458 2829 704 2881 potestatem
745 2839 815 2881 per
855 2826 962 2868 bona
1000 2838 1124 2881 opera
1163 2827 1334 2868 auferre.
1385 2826 1463 2869 Sed
1496 2840 1592 2882 sepe
1623 2840 1718 2869 con-

139 2918 156 2951 7
182 2916 292 2962 filum]
321 2923 406 2964 oriy.
432 2917 552 2952 filium.
652 2919 692 2952 11
720 2918 814 2961 eum]
841 2924 924 2964 ori-q.
967 2919 1070 2953 enim.
1168 2921 1212 2954 23
1237 2920 1433 2964 exspectet]
1462 2926 1546 2965 oriy.
1572 2930 1717 2965 exspec-

44 2979 131 3010 tare.
227 2976 272 3011 30
297 2976 438 3020 armari]
465 2982 550 3022 oriy.
576 2976 713 3011 armati.

1756 846 1798 879 10

1754 1202 1796 1236 15

1749 1559 1794 1593 20

1746 1914 1790 1947 25

1745 2268 1789 2302 30

1744 2621 1788 2656 35
