1919 3131
110 300 148 341 9.

85 444 150 484 10.

83 586 149 627 11.

82 727 148 770 12.

83 871 148 912 13.

83 1014 147 1055 14.

82 1156 148 1198 15.

82 1300 146 1341 16.-

81 1441 146 1483 17.

80 1584 145 1626 18.

2 1780 9 1786 ,
78 1728 143 1770 19.

75 1871 143 1914 20.

75 2014 142 2056 21.

75 2156 143 2198 22.

75 2299 142 2340 23.

75 2441 142 2482 24.

75 2583 142 2625 25.

74 2725 142 2767 26.

24 2911 27 2915 ,
74 2866 142 2908 27.

898 55 952 98 83

199 157 261 200 De
299 159 456 201 ciconia
496 159 738 202 adulterata.
795 160 967 211 Quidam
1009 161 1127 204 miles
1164 162 1243 203 fuit
1275 163 1342 216 qui
1376 162 1554 205 habebat
1584 168 1764 206 castrum

199 229 428 284 pulchrum.
479 230 720 282 (Storchin.)
768 231 839 273 lat.
866 234 933 274 82.

197 299 259 342 De
291 301 545 356 sarcophago
577 302 756 344 invento.
806 302 974 357 Legitur
1007 303 1057 346 de
1089 303 1266 358 quodam
1299 317 1562 346 romanorum
1586 305 1766 361 impera—

198 376 299 414 tore.
348 371 624 428 (Sarkophag,
660 373 794 423 kurz.)
843 374 914 416 lat.
945 376 1009 415 115.

198 442 260 485 De
297 444 483 499 principe
516 443 584 497 qui
618 445 806 486 inimicos
839 458 934 486 suos
967 444 1127 487 occidit.
1184 445 1245 487 De
1279 446 1456 500 quodam
1490 447 1676 502 principe
1709 448 1766 489 sic

197 518 402 556 narratur.
453 514 587 566 (Wein
621 515 845 569 vergiftet.)
893 515 964 557 lat.
993 519 1060 557 88.

197 584 259 627 De
290 586 585 628 consuetudine
618 590 658 628 et
691 587 776 628 vita
808 591 960 629 nostra.
1011 586 1098 630 Rex
1121 587 1289 642 quidam
1313 592 1402 630 erat
1423 589 1492 643 qui
1515 588 1659 631 habuit
1682 593 1766 632 tres

195 656 312 698 filios.
362 656 479 707 (Drei
511 658 660 710 ringe.)
708 657 778 699 lat.
805 658 870 699 89.

196 727 258 770 De
298 732 469 784 optenta
506 729 790 771 misericordia
831 733 871 771 et
911 730 1070 783 virgine
1103 730 1234 772 beata.
1299 730 1452 772 Narrat
1482 730 1690 773 Euzebius
1722 731 1766 772 in

198 800 417 841 canonicis.
468 799 708 851 (Coriolan.)
758 800 828 842 lat.
858 801 950 842 137.

198 870 393 925 Sequitur
414 871 463 913 de
485 872 702 926 peregrino
727 875 767 914 et
788 875 963 927 tyranno
986 871 1056 914 XI.
1105 872 1289 923 Quedam
1310 872 1461 915 nobilis
1483 872 1608 915 vidua
1630 873 1767 928 pacie-

196 942 328 985 batur.
380 942 496 993 (Stab
529 943 615 985 und
646 942 817 991 tasche.)
866 942 936 985 lat.
962 944 1028 984 25.

197 1012 404 1068 Sequitur.
452 1014 514 1056 De
552 1028 649 1068 rege
689 1018 729 1057 et
760 1014 992 1056 senescalco
1026 1019 1066 1057 et
1098 1016 1229 1057 amico
1262 1015 1350 1057 XII.
1384 1018 1424 1057 et
1455 1018 1602 1057 cetera.
1661 1015 1767 1058 Nar-

194 1089 308 1127 rator
340 1085 447 1139 quod
480 1086 660 1140 quidam.
710 1085 1048 1139 (Kaisertochter,
1082 1086 1324 1139 seneschal.)
1370 1100 1497 1140 germ.
1526 1088 1591 1128 11.

198 1155 290 1212 Seq.
332 1156 394 1199 De
426 1157 566 1211 iniquo
599 1157 741 1211 judice
773 1161 813 1199 et
844 1157 1002 1211 judicio
1034 1157 1142 1200 XIII.
1200 1158 1305 1200 Erat
1337 1158 1505 1213 quidam
1537 1157 1766 1214 imperator

197 1228 267 1282 qui
299 1228 455 1270 statuit.
506 1227 763 1280 (Schinden.)
814 1228 884 1270 lat.
911 1229 979 1270 29.

193 1297 286 1354 8611.
333 1298 397 1341 De
429 1299 651 1341 honoribus
685 1303 725 1341 et
757 1300 940 1341 victoriis
973 1303 1014 1342 et
1043 1299 1244 1342 molestiis
1276 1299 1404 1342 XIIII.
1460 1299 1565 1342 Erat
1596 1299 1762 1355 quidam

194 1370 433 1426 imperator.
482 1370 733 1426 (Triumph.)
782 1370 852 1412 lat.
879 1372 947 1412 30.

195 1440 288 1496 8611.
329 1441 392 1484 De
425 1445 556 1484 morte
589 1441 819 1484 allexandri
847 1442 969 1496 regis.
1020 1441 1081 1484 De
1103 1446 1236 1484 morte
1259 1441 1489 1484 allexandri
1511 1455 1605 1485 cum
1627 1442 1764 1499 sepul-

194 1517 288 1556 tura
319 1514 405 1568 ejus
439 1527 574 1556 aurea.
625 1513 899 1565 (Alexanders
932 1513 1183 1567 begrabnis.)
1229 1512 1300 1555 lat.
1326 1514 1394 1555 31.

195 1583 286 1640 Seq.
327 1585 390 1627 De
420 1585 567 1628 arbore
598 1588 638 1627 et
659 1584 857 1627 uxoribus
880 1585 1106 1640 suspensis.
1152 1584 1318 1627 Referet
1338 1584 1517 1627 valerius
1542 1585 1650 1640 quod
1673 1586 1764 1640 qui-

193 1656 285 1698 dam
321 1670 458 1699 senex.
508 1655 827 1710 (Hangebaum.)
873 1656 944 1698 lat.
969 1658 1038 1698 33.

193 1727 286 1783 8611.
327 1727 390 1770 Ι)6
422 1741 518 1781 rege
550 1731 592 1770 et
622 1727 781 1770 duobus
812 1727 908 1770 filiis
940 1727 1066 1770 XVII.
1115 1726 1291 1783 Lipinus
1320 1727 1364 1769 in
1386 1727 1554 1770 civitate
1575 1741 1760 1770 romana.

192 1799 421 1851 (Stiefkind
454 1799 537 1840 und
569 1799 741 1852 eignes.)
791 1799 862 1841 lat.
889 1800 985 1841 116.

191 1870 255 1913 De
286 1871 459 1925 diogene
490 1874 531 1912 et
560 1870 799 1912 allexandro
827 1884 924 1924 rege
955 1869 1102 1912 XVIII.
1152 1869 1294 1912 Refert
1316 1869 1519 1912 Saturnus
1543 1870 1651 1925 quod
1674 1871 1762 1913 dio-

191 1955 314 1997 genes
345 1942 417 1984 ita.
465 1941 688 1995 (Diogenes
720 1941 804 1983 und
835 1941 1105 1992 Alexander.)
1153 1941 1375 1995 germ-15.

190 2013 254 2056 De
285 2013 486 2056 sacrificio
520 2012 751 2055 allexandri
784 2017 825 2055 et
855 2026 982 2068 puero
1015 2012 1123 2055 XIX.
1172 2012 1314 2055 Refert
1335 2012 1526 2055 Valerius
1559 2013 1602 2054 in
1633 2013 1761 2055 tercio

191 2084 309 2128 libro.
360 2083 538 2134 (Kohle.)
585 2097 713 2138 germ.
742 2085 808 2125 16.

190 2155 254 2198 De
286 2155 431 2198 arbore
462 2155 616 2198 infecta
647 2159 688 2197 et
718 2156 878 2209 virgine
910 2156 1031 2198 beata
1062 2154 1152 2197 XX.
1204 2154 1320 2197 Sicut
1351 2155 1410 2197 ait
1441 2154 1621 2211 polinius
1654 2155 1762 2210 quod

192 2230 266 2270 est.
316 2227 544 2278 (Theriak.)
591 2240 719 2280 germ.
747 2227 812 2268 17.

192 2297 285 2353 Seq.
327 2297 390 2340 De
412 2298 605 2354 ymagine
628 2301 668 2339 et
688 2311 814 2351 regno
836 2297 980 2339 mundi
1003 2303 1044 2339 et
1065 2310 1200 2352 pomo.
1250 2296 1391 2339 Refert
1412 2295 1601 2339 Valerius
1627 2296 1760 2353 philo-

191 2369 358 2425 sophus.
407 2369 577 2422 (Virgils
609 2368 724 2420 bild.)
773 2382 901 2423 germ.
930 2369 994 2410 18.

193 2440 286 2495 Seq.
325 2440 388 2483 De
422 2440 561 2482 anima
592 2439 825 2482 adulterata
848 2444 889 2481 et
910 2440 1151 2482 austeritate
1173 2439 1317 2494 patris
1366 2438 1472 2480 Erat
1492 2438 1659 2493 quidam
1681 2439 1759 2480 im-

190 2515 370 2568 perator.
420 2510 549 2563 (Sohn
583 2511 715 2553 todtet
746 2514 899 2553 mutter
930 2510 1074 2562 nicht.)
1122 2510 1195 2552 lat.
1222 2511 1317 2552 100.

191 2582 284 2637 Seq.
323 2582 386 2625 De
417 2582 665 2638 pedissequa
695 2585 736 2624 et
759 2581 909 2636 puella.
957 2580 1062 2623 Erat
1083 2581 1250 2636 quidam
1273 2582 1501 2636 imperator
1523 2580 1593 2634 qui
1614 2580 1759 2623 habuit

189 2653 330 2696 filiam.
381 2642 718 2706 (Kaisertochter,
751 2652 932 2708 pallast.)
983 2665 1110 2706 germ.
1135 2653 1203 2694 22.

191 2724 254 2767 De
292 2725 436 2779 regina
476 2724 545 2779 qui
586 2724 628 2776 (i.
653 2737 686 2766 e.
720 2725 814 2778 que)
847 2727 931 2766 tres
962 2722 1068 2765 filios
1102 2723 1257 2765 habuit.
1321 2722 1409 2764 Rex
1441 2721 1608 2777 quidam
1642 2722 1756 2765 dives

191 2799 314 2851 atque
346 2796 524 2851 sapiens.
575 2794 835 2848 (Schiessen.)
883 2794 954 2836 lat.
980 2794 1049 2836 45.

190 2866 253 2910 De
290 2867 381 2909 fure
422 2871 464 2909 et
501 2880 628 2909 uxore
665 2870 706 2909 et
736 2866 898 2922 hospite
930 2865 1139 2919 vigilante.
1196 2863 1373 2915 Quidam
1404 2863 1470 2906 fur
1503 2864 1555 2906 ad
1587 2863 1753 2906 domum
1812 2922 1816 2926 ῃ

190 2938 416 2993 cujusdam.
466 2936 770 2990 (Mondstrahl.)
818 2936 888 2978 lat.
916 2937 1011 2978 136.

1421 3008 1474 3042 a*
