<?xml version="1.0" encoding="UTF-8"?>
<!DOCTYPE html PUBLIC "-//W3C//DTD XHTML 1.0 Transitional//EN"
    "http://www.w3.org/TR/xhtml1/DTD/xhtml1-transitional.dtd">
<html xmlns="http://www.w3.org/1999/xhtml" xml:lang="en" lang="en">
 <head>
  <title>
</title>
<meta http-equiv="Content-Type" content="text/html;charset=utf-8" />
  <meta name='ocr-system' content='tesseract 3.04.00' />
  <meta name='ocr-capabilities' content='ocr_page ocr_carea ocr_par ocr_line ocrx_word'/>
</head>
<body>
  <div class='ocr_page' id='page_1' title='image "./gestaromanorum00oestuoft_0374.png"; bbox 0 0 1949 3162; ppageno 0'>
   <div class='ocr_carea' id='block_1_1' title="bbox 115 789 158 823">
    <p class='ocr_par' dir='ltr' id='par_1_1' title="bbox 115 789 158 823">
     <span class='ocr_line' id='line_1_1' title="bbox 115 789 158 823; baseline -0.023 0"><span class='ocrx_word' id='word_1_1' title='bbox 115 789 158 823; x_wconf 90' lang='lat'>10</span> 
     </span>
    </p>
   </div>
   <div class='ocr_carea' id='block_1_2' title="bbox 114 1144 158 1177">
    <p class='ocr_par' dir='ltr' id='par_1_2' title="bbox 114 1144 158 1177">
     <span class='ocr_line' id='line_1_2' title="bbox 114 1144 158 1177; baseline 0 0"><span class='ocrx_word' id='word_1_2' title='bbox 114 1144 158 1177; x_wconf 81' lang='lat'>15</span> 
     </span>
    </p>
   </div>
   <div class='ocr_carea' id='block_1_3' title="bbox 113 1503 158 1537">
    <p class='ocr_par' dir='ltr' id='par_1_3' title="bbox 113 1503 158 1537">
     <span class='ocr_line' id='line_1_3' title="bbox 113 1503 158 1537; baseline -0.022 0"><span class='ocrx_word' id='word_1_3' title='bbox 113 1503 158 1537; x_wconf 90' lang='grc'>20</span> 
     </span>
    </p>
   </div>
   <div class='ocr_carea' id='block_1_4' title="bbox 114 1858 158 1892">
    <p class='ocr_par' dir='ltr' id='par_1_4' title="bbox 114 1858 158 1892">
     <span class='ocr_line' id='line_1_4' title="bbox 114 1858 158 1892; baseline 0 0"><span class='ocrx_word' id='word_1_4' title='bbox 114 1858 158 1892; x_wconf 83' lang='grc'>25</span> 
     </span>
    </p>
   </div>
   <div class='ocr_carea' id='block_1_5' title="bbox 114 2214 158 2248">
    <p class='ocr_par' dir='ltr' id='par_1_5' title="bbox 114 2214 158 2248">
     <span class='ocr_line' id='line_1_5' title="bbox 114 2214 158 2248; baseline 0 0"><span class='ocrx_word' id='word_1_5' title='bbox 114 2214 158 2248; x_wconf 89' lang='lat'>30</span> 
     </span>
    </p>
   </div>
   <div class='ocr_carea' id='block_1_6' title="bbox 115 2571 160 2605">
    <p class='ocr_par' dir='ltr' id='par_1_6' title="bbox 115 2571 160 2605">
     <span class='ocr_line' id='line_1_6' title="bbox 115 2571 160 2605; baseline 0 0"><span class='ocrx_word' id='word_1_6' title='bbox 115 2571 160 2605; x_wconf 83' lang='lat'>35</span> 
     </span>
    </p>
   </div>
   <div class='ocr_carea' id='block_1_7' title="bbox 982 39 1066 82">
    <p class='ocr_par' dir='ltr' id='par_1_7' title="bbox 982 39 1066 82">
     <span class='ocr_line' id='line_1_7' title="bbox 982 39 1066 82; baseline 0 -1"><span class='ocrx_word' id='word_1_7' title='bbox 982 39 1066 82; x_wconf 80' lang='lat'>352</span> 
     </span>
    </p>
   </div>
   <div class='ocr_carea' id='block_1_8' title="bbox 180 144 1913 2902">
    <p class='ocr_par' dir='ltr' id='par_1_8' title="bbox 182 144 1868 1978">
     <span class='ocr_line' id='line_1_8' title="bbox 185 144 1863 200; baseline 0 -13"><span class='ocrx_word' id='word_1_8' title='bbox 185 145 433 200; x_wconf 83' lang='lat' dir='ltr'>peccatrice,</span> <span class='ocrx_word' id='word_1_9' title='bbox 474 157 551 197; x_wconf 89' lang='lat' dir='ltr'>que</span> <span class='ocrx_word' id='word_1_10' title='bbox 584 144 776 198; x_wconf 82' lang='lat' dir='ltr'>deliquit,</span> <span class='ocrx_word' id='word_1_11' title='bbox 818 146 914 199; x_wconf 89' lang='lat' dir='ltr'>quia</span> <span class='ocrx_word' id='word_1_12' title='bbox 953 158 1026 200; x_wconf 88' lang='lat' dir='ltr'>pro</span> <span class='ocrx_word' id='word_1_13' title='bbox 1060 146 1277 186; x_wconf 85' lang='lat' dir='ltr'>commisso</span> <span class='ocrx_word' id='word_1_14' title='bbox 1311 145 1485 187; x_wconf 90' lang='lat' dir='ltr'>multum</span> <span class='ocrx_word' id='word_1_15' title='bbox 1519 145 1647 199; x_wconf 90' lang='lat' dir='ltr'>dolet,</span> <span class='ocrx_word' id='word_1_16' title='bbox 1689 148 1730 187; x_wconf 90' lang='lat' dir='ltr'>et</span> <span class='ocrx_word' id='word_1_17' title='bbox 1760 145 1795 187; x_wconf 88' lang='lat' dir='ltr'>si</span> <span class='ocrx_word' id='word_1_18' title='bbox 1827 146 1863 188; x_wconf 92' lang='lat' dir='ltr'>ei</span> 
     </span>
     <span class='ocr_line' id='line_1_9' title="bbox 182 214 1865 269; baseline 0.001 -12"><span class='ocrx_word' id='word_1_19' title='bbox 182 214 508 257; x_wconf 84' lang='lat' dir='ltr'>misericordiam</span> <span class='ocrx_word' id='word_1_20' title='bbox 558 227 640 256; x_wconf 90' lang='lat' dir='ltr'>non</span> <span class='ocrx_word' id='word_1_21' title='bbox 677 215 844 269; x_wconf 85' lang='lat' dir='ltr'>feceris,</span> <span class='ocrx_word' id='word_1_22' title='bbox 891 229 970 257; x_wconf 90' lang='lat' dir='ltr'>non</span> <span class='ocrx_word' id='word_1_23' title='bbox 1013 228 1081 257; x_wconf 89' lang='lat' dir='ltr'>ero</span> <span class='ocrx_word' id='word_1_24' title='bbox 1119 214 1403 258; x_wconf 80' lang='lat' dir='ltr'>Misericordia</span> <span class='ocrx_word' id='word_1_25' title='bbox 1450 214 1534 257; x_wconf 86' lang='lat' dir='ltr'>filia</span> <span class='ocrx_word' id='word_1_26' title='bbox 1572 220 1654 258; x_wconf 87' lang='lat' dir='ltr'>tua.</span> <span class='ocrx_word' id='word_1_27' title='bbox 1710 215 1865 266; x_wconf 83' lang='lat' dir='ltr'>Quarta</span> 
     </span>
     <span class='ocr_line' id='line_1_10' title="bbox 184 284 1863 341; baseline 0 -13"><span class='ocrx_word' id='word_1_28' title='bbox 184 300 318 339; x_wconf 82' lang='lat' dir='ltr'>soror,</span> <span class='ocrx_word' id='word_1_29' title='bbox 358 285 514 327; x_wconf 90' lang='lat' dir='ltr'>scilicet</span> <span class='ocrx_word' id='word_1_30' title='bbox 555 284 661 339; x_wconf 83' lang='lat' dir='ltr'>Pax,</span> <span class='ocrx_word' id='word_1_31' title='bbox 701 299 793 328; x_wconf 90' lang='lat' dir='ltr'>cum</span> <span class='ocrx_word' id='word_1_32' title='bbox 835 287 1018 328; x_wconf 81' lang='lat' dir='ltr'>audisset</span> <span class='ocrx_word' id='word_1_33' title='bbox 1057 290 1215 328; x_wconf 81' lang='lat' dir='ltr'><strong>tantam</strong></span> <span class='ocrx_word' id='word_1_34' title='bbox 1255 287 1502 329; x_wconf 84' lang='lat' dir='ltr'>discordiam</span> <span class='ocrx_word' id='word_1_35' title='bbox 1542 287 1649 329; x_wconf 88' lang='lat' dir='ltr'>inter</span> <span class='ocrx_word' id='word_1_36' title='bbox 1688 300 1863 341; x_wconf 89' lang='lat' dir='ltr'>sorores,</span> 
     </span>
     <span class='ocr_line' id='line_1_11' title="bbox 182 357 1865 414; baseline 0.001 -16"><span class='ocrx_word' id='word_1_37' title='bbox 182 361 310 399; x_wconf 85' lang='lat' dir='ltr'>totam</span> <span class='ocrx_word' id='word_1_38' title='bbox 344 361 497 398; x_wconf 89' lang='lat' dir='ltr'>terram</span> <span class='ocrx_word' id='word_1_39' title='bbox 533 357 663 399; x_wconf 92' lang='lat' dir='ltr'>voluit</span> <span class='ocrx_word' id='word_1_40' title='bbox 695 357 979 412; x_wconf 87' lang='lat' dir='ltr'>derelinquere</span> <span class='ocrx_word' id='word_1_41' title='bbox 1011 361 1051 400; x_wconf 88' lang='lat' dir='ltr'>et</span> <span class='ocrx_word' id='word_1_42' title='bbox 1081 358 1221 411; x_wconf 88' lang='lat' dir='ltr'>fugam</span> <span class='ocrx_word' id='word_1_43' title='bbox 1253 359 1389 414; x_wconf 89' lang='lat' dir='ltr'>peciit.</span> <span class='ocrx_word' id='word_1_44' title='bbox 1439 357 1527 400; x_wconf 87' lang='lat' dir='ltr'>Hoc</span> <span class='ocrx_word' id='word_1_45' title='bbox 1558 358 1665 400; x_wconf 87' lang='lat' dir='ltr'>facto</span> <span class='ocrx_word' id='word_1_46' title='bbox 1690 357 1865 400; x_wconf 85' lang='lat' dir='ltr'>Justieia</span> 
     </span>
     <span class='ocr_line' id='line_1_12' title="bbox 184 427 1864 482; baseline 0.001 -12"><span class='ocrx_word' id='word_1_47' title='bbox 184 431 223 470; x_wconf 92' lang='lat' dir='ltr'>et</span> <span class='ocrx_word' id='word_1_48' title='bbox 254 427 417 470; x_wconf 88' lang='lat' dir='ltr'>Veritas</span> <span class='ocrx_word' id='word_1_49' title='bbox 449 428 724 470; x_wconf 76' lang='lat' dir='ltr'>exhibuerunt</span> <span class='ocrx_word' id='word_1_50' title='bbox 755 429 936 482; x_wconf 83' lang='lat' dir='ltr'>gladium</span> <span class='ocrx_word' id='word_1_51' title='bbox 971 433 1011 471; x_wconf 92' lang='lat' dir='ltr'>et</span> <span class='ocrx_word' id='word_1_52' title='bbox 1041 429 1127 482; x_wconf 90' lang='lat' dir='ltr'>regi</span> <span class='ocrx_word' id='word_1_53' title='bbox 1159 429 1418 470; x_wconf 91' lang='lat' dir='ltr'>tradiderunt</span> <span class='ocrx_word' id='word_1_54' title='bbox 1439 430 1639 471; x_wconf 85' lang='lat' dir='ltr'>dicentes:</span> <span class='ocrx_word' id='word_1_55' title='bbox 1672 428 1864 482; x_wconf 89' lang='lat' dir='ltr'>Domine,</span> 
     </span>
     <span class='ocr_line' id='line_1_13' title="bbox 183 499 1866 555; baseline 0.001 -15"><span class='ocrx_word' id='word_1_56' title='bbox 183 512 275 541; x_wconf 86' lang='lat' dir='ltr'>ecce</span> <span class='ocrx_word' id='word_1_57' title='bbox 314 499 474 552; x_wconf 81' lang='lat' dir='ltr'>gladius</span> <span class='ocrx_word' id='word_1_58' title='bbox 510 500 677 553; x_wconf 88' lang='lat' dir='ltr'>justicie</span> <span class='ocrx_word' id='word_1_59' title='bbox 717 500 767 541; x_wconf 86' lang='lat' dir='ltr'>ad</span> <span class='ocrx_word' id='word_1_60' title='bbox 807 500 1072 542; x_wconf 88' lang='lat' dir='ltr'>occidendum</span> <span class='ocrx_word' id='word_1_61' title='bbox 1113 499 1226 541; x_wconf 83' lang='lat' dir='ltr'>illam</span> <span class='ocrx_word' id='word_1_62' title='bbox 1266 501 1545 554; x_wconf 78' lang='lat' dir='ltr'>meretricem,</span> <span class='ocrx_word' id='word_1_63' title='bbox 1595 514 1673 555; x_wconf 89' lang='lat' dir='ltr'>que</span> <span class='ocrx_word' id='word_1_64' title='bbox 1710 513 1785 542; x_wconf 92' lang='lat' dir='ltr'>nos</span> <span class='ocrx_word' id='word_1_65' title='bbox 1825 504 1866 542; x_wconf 92' lang='lat' dir='ltr'>et</span> 
     </span>
     <span class='ocr_line' id='line_1_14' title="bbox 182 570 1864 624; baseline 0.002 -14"><span class='ocrx_word' id='word_1_66' title='bbox 182 570 352 612; x_wconf 86' lang='lat' dir='ltr'>fratrem</span> <span class='ocrx_word' id='word_1_67' title='bbox 376 573 561 611; x_wconf 89' lang='lat' dir='ltr'>nostrum</span> <span class='ocrx_word' id='word_1_68' title='bbox 585 571 810 612; x_wconf 86' lang='lat' dir='ltr'>confundit.</span> <span class='ocrx_word' id='word_1_69' title='bbox 854 570 1139 612; x_wconf 83' lang='lat' dir='ltr'>Misericordia</span> <span class='ocrx_word' id='word_1_70' title='bbox 1162 571 1235 612; x_wconf 91' lang='lat' dir='ltr'>hoc</span> <span class='ocrx_word' id='word_1_71' title='bbox 1258 571 1401 613; x_wconf 84' lang='lat' dir='ltr'>videns</span> <span class='ocrx_word' id='word_1_72' title='bbox 1424 571 1605 624; x_wconf 86' lang='lat' dir='ltr'>gladium</span> <span class='ocrx_word' id='word_1_73' title='bbox 1630 585 1653 613; x_wconf 92' lang='lat' dir='ltr'>a</span> <span class='ocrx_word' id='word_1_74' title='bbox 1675 570 1864 613; x_wconf 82' lang='lat' dir='ltr'>manibus</span> 
     </span>
     <span class='ocr_line' id='line_1_15' title="bbox 183 641 1866 696; baseline 0.001 -14"><span class='ocrx_word' id='word_1_75' title='bbox 183 654 324 682; x_wconf 90' lang='lat' dir='ltr'>earum</span> <span class='ocrx_word' id='word_1_76' title='bbox 358 641 535 696; x_wconf 86' lang='lat' dir='ltr'>arripuit</span> <span class='ocrx_word' id='word_1_77' title='bbox 567 646 607 683; x_wconf 89' lang='lat' dir='ltr'>et</span> <span class='ocrx_word' id='word_1_78' title='bbox 638 642 713 683; x_wconf 92' lang='lat' dir='ltr'>ait:</span> <span class='ocrx_word' id='word_1_79' title='bbox 752 641 860 683; x_wconf 87' lang='lat' dir='ltr'>Satis</span> <span class='ocrx_word' id='word_1_80' title='bbox 893 642 962 683; x_wconf 90' lang='lat' dir='ltr'>diu</span> <span class='ocrx_word' id='word_1_81' title='bbox 994 642 1198 695; x_wconf 85' lang='lat' dir='ltr'>regnastis</span> <span class='ocrx_word' id='word_1_82' title='bbox 1238 646 1278 684; x_wconf 90' lang='lat' dir='ltr'>et</span> <span class='ocrx_word' id='word_1_83' title='bbox 1309 646 1489 684; x_wconf 90' lang='lat' dir='ltr'>vestram</span> <span class='ocrx_word' id='word_1_84' title='bbox 1517 642 1771 684; x_wconf 87' lang='lat' dir='ltr'>voluntatem</span> <span class='ocrx_word' id='word_1_85' title='bbox 1795 641 1866 684; x_wconf 88' lang='lat' dir='ltr'>ob-</span> 
     </span>
     <span class='ocr_line' id='line_1_16' title="bbox 183 711 1867 768; baseline 0 -15"><span class='ocrx_word' id='word_1_86' title='bbox 183 712 378 754; x_wconf 89' lang='lat' dir='ltr'>tinuistis.</span> <span class='ocrx_word' id='word_1_87' title='bbox 427 711 546 753; x_wconf 91' lang='lat' dir='ltr'>Modo</span> <span class='ocrx_word' id='word_1_88' title='bbox 579 717 742 768; x_wconf 91' lang='lat' dir='ltr'>tempus</span> <span class='ocrx_word' id='word_1_89' title='bbox 775 716 856 765; x_wconf 90' lang='lat' dir='ltr'>est,</span> <span class='ocrx_word' id='word_1_90' title='bbox 890 716 935 754; x_wconf 91' lang='lat' dir='ltr'>ut</span> <span class='ocrx_word' id='word_1_91' title='bbox 967 713 1164 754; x_wconf 78' lang='lat' dir='ltr'>exaudiar</span> <span class='ocrx_word' id='word_1_92' title='bbox 1196 727 1221 754; x_wconf 91' lang='lat' dir='ltr'>a</span> <span class='ocrx_word' id='word_1_93' title='bbox 1253 717 1370 768; x_wconf 87' lang='lat' dir='ltr'>patre</span> <span class='ocrx_word' id='word_1_94' title='bbox 1401 727 1512 765; x_wconf 66' lang='lat' dir='ltr'>meo,</span> <span class='ocrx_word' id='word_1_95' title='bbox 1553 727 1626 767; x_wconf 86' lang='lat' dir='ltr'>ego</span> <span class='ocrx_word' id='word_1_96' title='bbox 1659 726 1749 754; x_wconf 92' lang='lat' dir='ltr'>sum</span> <span class='ocrx_word' id='word_1_97' title='bbox 1781 712 1867 754; x_wconf 86' lang='lat' dir='ltr'>filia</span> 
     </span>
     <span class='ocr_line' id='line_1_17' title="bbox 183 783 1866 839; baseline 0.001 -15"><span class='ocrx_word' id='word_1_98' title='bbox 183 797 256 824; x_wconf 86' lang='lat' dir='ltr'>sua</span> <span class='ocrx_word' id='word_1_99' title='bbox 289 783 395 824; x_wconf 82' lang='lat' dir='ltr'>sicut</span> <span class='ocrx_word' id='word_1_100' title='bbox 427 787 468 824; x_wconf 92' lang='lat' dir='ltr'>et</span> <span class='ocrx_word' id='word_1_101' title='bbox 498 797 582 824; x_wconf 80' lang='lat' dir='ltr'>vos.</span> <span class='ocrx_word' id='word_1_102' title='bbox 632 783 859 839; x_wconf 79' lang='lat' dir='ltr'>Respondit</span> <span class='ocrx_word' id='word_1_103' title='bbox 879 783 1073 825; x_wconf 83' lang='lat' dir='ltr'>Justicia:</span> <span class='ocrx_word' id='word_1_104' title='bbox 1110 784 1260 825; x_wconf 83' lang='lat' dir='ltr'>Verum</span> <span class='ocrx_word' id='word_1_105' title='bbox 1295 788 1369 838; x_wconf 90' lang='lat' dir='ltr'>est,</span> <span class='ocrx_word' id='word_1_106' title='bbox 1402 784 1530 826; x_wconf 89' lang='lat' dir='ltr'>multo</span> <span class='ocrx_word' id='word_1_107' title='bbox 1563 789 1747 839; x_wconf 90' lang='lat' dir='ltr'>tempore</span> <span class='ocrx_word' id='word_1_108' title='bbox 1774 796 1866 837; x_wconf 90' lang='lat' dir='ltr'>reg-</span> 
     </span>
     <span class='ocr_line' id='line_1_18' title="bbox 182 854 1866 910; baseline 0.001 -15"><span class='ocrx_word' id='word_1_109' title='bbox 182 854 371 895; x_wconf 86' lang='lat' dir='ltr'>navimus</span> <span class='ocrx_word' id='word_1_110' title='bbox 412 858 452 896; x_wconf 90' lang='lat' dir='ltr'>et</span> <span class='ocrx_word' id='word_1_111' title='bbox 489 854 621 896; x_wconf 88' lang='lat' dir='ltr'>adhuc</span> <span class='ocrx_word' id='word_1_112' title='bbox 662 855 849 896; x_wconf 91' lang='lat' dir='ltr'>volumus</span> <span class='ocrx_word' id='word_1_113' title='bbox 888 868 1072 908; x_wconf 87' lang='lat' dir='ltr'>regnare.</span> <span class='ocrx_word' id='word_1_114' title='bbox 1122 855 1419 897; x_wconf 88' lang='lat' dir='ltr'>Verumtamen</span> <span class='ocrx_word' id='word_1_115' title='bbox 1459 869 1508 898; x_wconf 80' lang='lat' dir='ltr'>ex</span> <span class='ocrx_word' id='word_1_116' title='bbox 1541 869 1620 910; x_wconf 90' lang='lat' dir='ltr'>quo</span> <span class='ocrx_word' id='word_1_117' title='bbox 1652 855 1760 897; x_wconf 92' lang='lat' dir='ltr'>inter</span> <span class='ocrx_word' id='word_1_118' title='bbox 1791 868 1866 896; x_wconf 90' lang='lat' dir='ltr'>nos</span> 
     </span>
     <span class='ocr_line' id='line_1_19' title="bbox 183 925 1864 980; baseline 0.001 -14"><span class='ocrx_word' id='word_1_119' title='bbox 183 929 245 967; x_wconf 89' lang='lat' dir='ltr'>est</span> <span class='ocrx_word' id='word_1_120' title='bbox 275 929 393 967; x_wconf 83' lang='lat' dir='ltr'>tanta</span> <span class='ocrx_word' id='word_1_121' title='bbox 425 926 641 978; x_wconf 84' lang='lat' dir='ltr'>discordia,</span> <span class='ocrx_word' id='word_1_122' title='bbox 676 930 844 968; x_wconf 83' lang='lat' dir='ltr'>vocetur</span> <span class='ocrx_word' id='word_1_123' title='bbox 874 927 1002 968; x_wconf 85' lang='lat' dir='ltr'>frater</span> <span class='ocrx_word' id='word_1_124' title='bbox 1034 931 1193 978; x_wconf 88' lang='lat' dir='ltr'>noster,</span> <span class='ocrx_word' id='word_1_125' title='bbox 1229 927 1297 980; x_wconf 87' lang='lat' dir='ltr'>qui</span> <span class='ocrx_word' id='word_1_126' title='bbox 1331 941 1459 980; x_wconf 77' lang='lat' dir='ltr'>sagax</span> <span class='ocrx_word' id='word_1_127' title='bbox 1491 930 1554 969; x_wconf 90' lang='lat' dir='ltr'>est</span> <span class='ocrx_word' id='word_1_128' title='bbox 1584 927 1626 968; x_wconf 89' lang='lat' dir='ltr'>in</span> <span class='ocrx_word' id='word_1_129' title='bbox 1661 925 1864 980; x_wconf 90' lang='lat' dir='ltr'>omnibus,</span> 
     </span>
     <span class='ocr_line' id='line_1_20' title="bbox 183 997 1867 1050; baseline -0.001 -11"><span class='ocrx_word' id='word_1_130' title='bbox 183 1001 224 1039; x_wconf 90' lang='lat' dir='ltr'>et</span> <span class='ocrx_word' id='word_1_131' title='bbox 254 997 362 1038; x_wconf 91' lang='lat' dir='ltr'>inter</span> <span class='ocrx_word' id='word_1_132' title='bbox 393 1010 466 1038; x_wconf 89' lang='lat' dir='ltr'>nos</span> <span class='ocrx_word' id='word_1_133' title='bbox 493 997 662 1050; x_wconf 85' lang='lat' dir='ltr'>judicet.</span> <span class='ocrx_word' id='word_1_134' title='bbox 710 997 765 1039; x_wconf 91' lang='lat' dir='ltr'>Et</span> <span class='ocrx_word' id='word_1_135' title='bbox 796 998 854 1039; x_wconf 86' lang='lat' dir='ltr'>sic</span> <span class='ocrx_word' id='word_1_136' title='bbox 885 998 1037 1039; x_wconf 88' lang='lat' dir='ltr'>factum</span> <span class='ocrx_word' id='word_1_137' title='bbox 1072 1001 1144 1039; x_wconf 86' lang='lat' dir='ltr'>est.</span> <span class='ocrx_word' id='word_1_138' title='bbox 1198 997 1328 1039; x_wconf 89' lang='lat' dir='ltr'>Filius</span> <span class='ocrx_word' id='word_1_139' title='bbox 1361 1012 1457 1040; x_wconf 83' lang='lat' dir='ltr'>vero</span> <span class='ocrx_word' id='word_1_140' title='bbox 1490 1011 1580 1040; x_wconf 92' lang='lat' dir='ltr'>cum</span> <span class='ocrx_word' id='word_1_141' title='bbox 1614 998 1796 1040; x_wconf 87' lang='lat' dir='ltr'>venisset</span> <span class='ocrx_word' id='word_1_142' title='bbox 1826 1001 1867 1040; x_wconf 89' lang='lat' dir='ltr'>et</span> 
     </span>
     <span class='ocr_line' id='line_1_21' title="bbox 184 1067 1867 1123; baseline 0.001 -14"><span class='ocrx_word' id='word_1_143' title='bbox 184 1068 365 1109; x_wconf 90' lang='lat' dir='ltr'>audisset</span> <span class='ocrx_word' id='word_1_144' title='bbox 398 1067 681 1110; x_wconf 86' lang='lat' dir='ltr'>altricaciones</span> <span class='ocrx_word' id='word_1_145' title='bbox 719 1069 827 1110; x_wconf 88' lang='lat' dir='ltr'>inter</span> <span class='ocrx_word' id='word_1_146' title='bbox 859 1083 948 1122; x_wconf 83' lang='lat' dir='ltr'>eas,</span> <span class='ocrx_word' id='word_1_147' title='bbox 990 1068 1194 1123; x_wconf 89' lang='lat' dir='ltr'>quomodo</span> <span class='ocrx_word' id='word_1_148' title='bbox 1226 1068 1403 1111; x_wconf 79' lang='lat' dir='ltr'>Justicia</span> <span class='ocrx_word' id='word_1_149' title='bbox 1434 1073 1474 1112; x_wconf 89' lang='lat' dir='ltr'>et</span> <span class='ocrx_word' id='word_1_150' title='bbox 1507 1069 1670 1112; x_wconf 89' lang='lat' dir='ltr'>Veritas</span> <span class='ocrx_word' id='word_1_151' title='bbox 1702 1082 1753 1111; x_wconf 83' lang='lat' dir='ltr'>ex</span> <span class='ocrx_word' id='word_1_152' title='bbox 1785 1081 1867 1110; x_wconf 90' lang='lat' dir='ltr'>una</span> 
     </span>
     <span class='ocr_line' id='line_1_22' title="bbox 182 1138 1865 1194; baseline 0.001 -14"><span class='ocrx_word' id='word_1_153' title='bbox 182 1142 301 1194; x_wconf 88' lang='lat' dir='ltr'>parte</span> <span class='ocrx_word' id='word_1_154' title='bbox 324 1138 547 1180; x_wconf 86' lang='lat' dir='ltr'>vindictam</span> <span class='ocrx_word' id='word_1_155' title='bbox 572 1139 798 1194; x_wconf 85' lang='lat' dir='ltr'>pecierunt,</span> <span class='ocrx_word' id='word_1_156' title='bbox 826 1139 1109 1182; x_wconf 75' lang='lat' dir='ltr'>Misericordia</span> <span class='ocrx_word' id='word_1_157' title='bbox 1130 1141 1306 1193; x_wconf 83' lang='lat' dir='ltr'>veniam,</span> <span class='ocrx_word' id='word_1_158' title='bbox 1331 1141 1408 1183; x_wconf 91' lang='lat' dir='ltr'>ait:</span> <span class='ocrx_word' id='word_1_159' title='bbox 1443 1140 1667 1183; x_wconf 90' lang='lat' dir='ltr'>Carissime</span> <span class='ocrx_word' id='word_1_160' title='bbox 1690 1153 1865 1193; x_wconf 90' lang='lat' dir='ltr'>sorores,</span> 
     </span>
     <span class='ocr_line' id='line_1_23' title="bbox 183 1210 1865 1267; baseline 0.001 -16"><span class='ocrx_word' id='word_1_161' title='bbox 183 1213 352 1265; x_wconf 88' lang='lat' dir='ltr'>propter</span> <span class='ocrx_word' id='word_1_162' title='bbox 391 1214 571 1251; x_wconf 88' lang='lat' dir='ltr'>vestram</span> <span class='ocrx_word' id='word_1_163' title='bbox 612 1210 860 1252; x_wconf 85' lang='lat' dir='ltr'>discordiam</span> <span class='ocrx_word' id='word_1_164' title='bbox 900 1225 1016 1253; x_wconf 89' lang='lat' dir='ltr'>soror</span> <span class='ocrx_word' id='word_1_165' title='bbox 1052 1215 1194 1253; x_wconf 88' lang='lat' dir='ltr'>nostra</span> <span class='ocrx_word' id='word_1_166' title='bbox 1234 1225 1257 1253; x_wconf 90' lang='lat' dir='ltr'>a</span> <span class='ocrx_word' id='word_1_167' title='bbox 1295 1215 1413 1267; x_wconf 89' lang='lat' dir='ltr'>patre</span> <span class='ocrx_word' id='word_1_168' title='bbox 1445 1215 1584 1254; x_wconf 91' lang='lat' dir='ltr'>nostro</span> <span class='ocrx_word' id='word_1_169' title='bbox 1626 1210 1865 1267; x_wconf 89' lang='lat' dir='ltr'>predilecta,</span> 
     </span>
     <span class='ocr_line' id='line_1_24' title="bbox 183 1280 1865 1337; baseline 0.001 -15"><span class='ocrx_word' id='word_1_170' title='bbox 183 1281 339 1323; x_wconf 91' lang='lat' dir='ltr'>scilicet</span> <span class='ocrx_word' id='word_1_171' title='bbox 369 1280 471 1334; x_wconf 77' lang='lat' dir='ltr'>Pax,</span> <span class='ocrx_word' id='word_1_172' title='bbox 504 1285 637 1322; x_wconf 87' lang='lat' dir='ltr'>totum</span> <span class='ocrx_word' id='word_1_173' title='bbox 669 1295 842 1335; x_wconf 85' lang='lat' dir='ltr'>regnum</span> <span class='ocrx_word' id='word_1_174' title='bbox 873 1282 1043 1324; x_wconf 87' lang='lat' dir='ltr'>dimisit.</span> <span class='ocrx_word' id='word_1_175' title='bbox 1093 1283 1181 1324; x_wconf 90' lang='lat' dir='ltr'>Hoc</span> <span class='ocrx_word' id='word_1_176' title='bbox 1212 1282 1324 1324; x_wconf 93' lang='lat' dir='ltr'>nullo</span> <span class='ocrx_word' id='word_1_177' title='bbox 1357 1283 1478 1324; x_wconf 91' lang='lat' dir='ltr'>modo</span> <span class='ocrx_word' id='word_1_178' title='bbox 1504 1281 1624 1337; x_wconf 70' lang='lat'>[396]</span> <span class='ocrx_word' id='word_1_179' title='bbox 1650 1282 1741 1324; x_wconf 88' lang='lat' dir='ltr'>volo</span> <span class='ocrx_word' id='word_1_180' title='bbox 1763 1282 1865 1337; x_wconf 90' lang='lat' dir='ltr'>pati,</span> 
     </span>
     <span class='ocr_line' id='line_1_25' title="bbox 184 1352 1868 1409; baseline 0.001 -16"><span class='ocrx_word' id='word_1_181' title='bbox 184 1352 280 1407; x_wconf 88' lang='lat' dir='ltr'>quia</span> <span class='ocrx_word' id='word_1_182' title='bbox 326 1365 400 1407; x_wconf 88' lang='lat' dir='ltr'>pro</span> <span class='ocrx_word' id='word_1_183' title='bbox 448 1365 601 1407; x_wconf 89' lang='lat' dir='ltr'>sponsa</span> <span class='ocrx_word' id='word_1_184' title='bbox 647 1366 739 1394; x_wconf 90' lang='lat' dir='ltr'>mea</span> <span class='ocrx_word' id='word_1_185' title='bbox 786 1353 973 1396; x_wconf 89' lang='lat' dir='ltr'>adultera</span> <span class='ocrx_word' id='word_1_186' title='bbox 1026 1357 1196 1409; x_wconf 87' lang='lat' dir='ltr'>paratus</span> <span class='ocrx_word' id='word_1_187' title='bbox 1244 1367 1334 1396; x_wconf 91' lang='lat' dir='ltr'>sum</span> <span class='ocrx_word' id='word_1_188' title='bbox 1379 1354 1468 1409; x_wconf 88' lang='lat' dir='ltr'>pati</span> <span class='ocrx_word' id='word_1_189' title='bbox 1515 1354 1730 1409; x_wconf 85' lang='lat' dir='ltr'>supplicia.</span> <span class='ocrx_word' id='word_1_190' title='bbox 1794 1353 1868 1395; x_wconf 90' lang='lat' dir='ltr'>Ait</span> 
     </span>
     <span class='ocr_line' id='line_1_26' title="bbox 182 1422 1866 1480; baseline 0.001 -15"><span class='ocrx_word' id='word_1_191' title='bbox 182 1423 377 1466; x_wconf 84' lang='lat' dir='ltr'>Justicia:</span> <span class='ocrx_word' id='word_1_192' title='bbox 421 1422 464 1465; x_wconf 85' lang='lat' dir='ltr'>Si</span> <span class='ocrx_word' id='word_1_193' title='bbox 495 1423 572 1464; x_wconf 86' lang='lat' dir='ltr'>hoc</span> <span class='ocrx_word' id='word_1_194' title='bbox 601 1424 770 1477; x_wconf 87' lang='lat' dir='ltr'>feceris,</span> <span class='ocrx_word' id='word_1_195' title='bbox 805 1424 880 1467; x_wconf 89' lang='lat' dir='ltr'>tibi</span> <span class='ocrx_word' id='word_1_196' title='bbox 911 1425 1193 1467; x_wconf 78' lang='lat' dir='ltr'>contradicere</span> <span class='ocrx_word' id='word_1_197' title='bbox 1225 1439 1307 1467; x_wconf 92' lang='lat' dir='ltr'>non</span> <span class='ocrx_word' id='word_1_198' title='bbox 1339 1438 1572 1480; x_wconf 89' lang='lat' dir='ltr'>possumus.</span> <span class='ocrx_word' id='word_1_199' title='bbox 1619 1425 1738 1467; x_wconf 82' lang='lat' dir='ltr'>Dixit</span> <span class='ocrx_word' id='word_1_200' title='bbox 1769 1437 1866 1478; x_wconf 86' lang='lat' dir='ltr'>ergo</span> 
     </span>
     <span class='ocr_line' id='line_1_27' title="bbox 184 1494 1866 1551; baseline 0.001 -16"><span class='ocrx_word' id='word_1_201' title='bbox 184 1495 234 1536; x_wconf 90' lang='lat' dir='ltr'>ad</span> <span class='ocrx_word' id='word_1_202' title='bbox 265 1494 614 1536; x_wconf 84' lang='lat' dir='ltr'>Misericordiam:</span> <span class='ocrx_word' id='word_1_203' title='bbox 648 1494 709 1536; x_wconf 94' lang='lat' dir='ltr'>Tu</span> <span class='ocrx_word' id='word_1_204' title='bbox 739 1495 903 1537; x_wconf 85' lang='lat' dir='ltr'>laboras</span> <span class='ocrx_word' id='word_1_205' title='bbox 938 1510 1011 1551; x_wconf 89' lang='lat' dir='ltr'>pro</span> <span class='ocrx_word' id='word_1_206' title='bbox 1044 1510 1197 1551; x_wconf 89' lang='lat' dir='ltr'>sponsa</span> <span class='ocrx_word' id='word_1_207' title='bbox 1223 1509 1328 1549; x_wconf 82' lang='lat' dir='ltr'>mea,</span> <span class='ocrx_word' id='word_1_208' title='bbox 1362 1500 1408 1537; x_wconf 91' lang='lat' dir='ltr'>ut</span> <span class='ocrx_word' id='word_1_209' title='bbox 1434 1496 1669 1549; x_wconf 74' lang='lat' dir='ltr'>reducatur,</span> <span class='ocrx_word' id='word_1_210' title='bbox 1702 1495 1737 1537; x_wconf 93' lang='lat' dir='ltr'>si</span> <span class='ocrx_word' id='word_1_211' title='bbox 1770 1508 1866 1537; x_wconf 86' lang='lat' dir='ltr'>vero</span> 
     </span>
     <span class='ocr_line' id='line_1_28' title="bbox 183 1566 1866 1622; baseline 0 -14"><span class='ocrx_word' id='word_1_212' title='bbox 183 1579 271 1608; x_wconf 87' lang='lat' dir='ltr'>eam</span> <span class='ocrx_word' id='word_1_213' title='bbox 305 1566 513 1618; x_wconf 72' lang='lat' dir='ltr'>reducam,</span> <span class='ocrx_word' id='word_1_214' title='bbox 547 1569 587 1607; x_wconf 92' lang='lat' dir='ltr'>et</span> <span class='ocrx_word' id='word_1_215' title='bbox 617 1566 767 1607; x_wconf 87' lang='lat' dir='ltr'>iterum</span> <span class='ocrx_word' id='word_1_216' title='bbox 798 1567 1001 1608; x_wconf 88' lang='lat' dir='ltr'>fornicata</span> <span class='ocrx_word' id='word_1_217' title='bbox 1032 1567 1169 1620; x_wconf 82' lang='lat' dir='ltr'>fuerit,</span> <span class='ocrx_word' id='word_1_218' title='bbox 1202 1567 1382 1609; x_wconf 90' lang='lat' dir='ltr'>intendis</span> <span class='ocrx_word' id='word_1_219' title='bbox 1404 1567 1551 1609; x_wconf 88' lang='lat' dir='ltr'>iterato</span> <span class='ocrx_word' id='word_1_220' title='bbox 1573 1581 1648 1622; x_wconf 90' lang='lat' dir='ltr'>pro</span> <span class='ocrx_word' id='word_1_221' title='bbox 1671 1580 1718 1609; x_wconf 84' lang='lat' dir='ltr'>ea</span> <span class='ocrx_word' id='word_1_222' title='bbox 1738 1567 1866 1608; x_wconf 89' lang='lat' dir='ltr'>inter-</span> 
     </span>
     <span class='ocr_line' id='line_1_29' title="bbox 183 1637 1867 1693; baseline 0 -14"><span class='ocrx_word' id='word_1_223' title='bbox 183 1637 354 1679; x_wconf 82' lang='lat' dir='ltr'>cedere?</span> <span class='ocrx_word' id='word_1_224' title='bbox 415 1637 472 1678; x_wconf 86' lang='lat' dir='ltr'>At</span> <span class='ocrx_word' id='word_1_225' title='bbox 510 1637 601 1678; x_wconf 86' lang='lat' dir='ltr'>illa:</span> <span class='ocrx_word' id='word_1_226' title='bbox 649 1637 763 1691; x_wconf 82' lang='lat' dir='ltr'>Non,</span> <span class='ocrx_word' id='word_1_227' title='bbox 803 1638 884 1679; x_wconf 90' lang='lat' dir='ltr'>nisi</span> <span class='ocrx_word' id='word_1_228' title='bbox 925 1638 1161 1693; x_wconf 85' lang='lat' dir='ltr'>penituerit.</span> <span class='ocrx_word' id='word_1_229' title='bbox 1210 1638 1396 1680; x_wconf 86' lang='lat' dir='ltr'>Audiens</span> <span class='ocrx_word' id='word_1_230' title='bbox 1442 1638 1518 1681; x_wconf 89' lang='lat' dir='ltr'>hec</span> <span class='ocrx_word' id='word_1_231' title='bbox 1562 1637 1670 1680; x_wconf 89' lang='lat' dir='ltr'>filius</span> <span class='ocrx_word' id='word_1_232' title='bbox 1717 1637 1867 1680; x_wconf 88' lang='lat' dir='ltr'>Pacem</span> 
     </span>
     <span class='ocr_line' id='line_1_30' title="bbox 184 1708 1868 1761; baseline -0.001 -10"><span class='ocrx_word' id='word_1_233' title='bbox 184 1722 365 1751; x_wconf 89' lang='lat' dir='ltr'>sororem</span> <span class='ocrx_word' id='word_1_234' title='bbox 407 1721 523 1750; x_wconf 90' lang='lat' dir='ltr'>suam</span> <span class='ocrx_word' id='word_1_235' title='bbox 562 1708 746 1761; x_wconf 80' lang='lat' dir='ltr'>reduxit,</span> <span class='ocrx_word' id='word_1_236' title='bbox 795 1715 834 1751; x_wconf 91' lang='lat' dir='ltr'>et</span> <span class='ocrx_word' id='word_1_237' title='bbox 878 1709 976 1751; x_wconf 89' lang='lat' dir='ltr'>fecit</span> <span class='ocrx_word' id='word_1_238' title='bbox 1013 1723 1173 1751; x_wconf 89' lang='lat' dir='ltr'>sorores</span> <span class='ocrx_word' id='word_1_239' title='bbox 1221 1710 1449 1752; x_wconf 89' lang='lat' dir='ltr'>adinvicem</span> <span class='ocrx_word' id='word_1_240' title='bbox 1493 1709 1683 1751; x_wconf 90' lang='lat' dir='ltr'>osculari.</span> <span class='ocrx_word' id='word_1_241' title='bbox 1739 1708 1868 1751; x_wconf 89' lang='lat' dir='ltr'>Facta</span> 
     </span>
     <span class='ocr_line' id='line_1_31' title="bbox 184 1778 1865 1836; baseline -0.001 -13"><span class='ocrx_word' id='word_1_242' title='bbox 184 1780 403 1823; x_wconf 88' lang='lat' dir='ltr'>concordia</span> <span class='ocrx_word' id='word_1_243' title='bbox 432 1778 541 1821; x_wconf 89' lang='lat' dir='ltr'>filius</span> <span class='ocrx_word' id='word_1_244' title='bbox 573 1779 623 1821; x_wconf 89' lang='lat' dir='ltr'>de</span> <span class='ocrx_word' id='word_1_245' title='bbox 654 1794 780 1833; x_wconf 87' lang='lat' dir='ltr'>regno</span> <span class='ocrx_word' id='word_1_246' title='bbox 815 1780 1027 1822; x_wconf 89' lang='lat' dir='ltr'>descendit</span> <span class='ocrx_word' id='word_1_247' title='bbox 1059 1785 1099 1822; x_wconf 92' lang='lat' dir='ltr'>et</span> <span class='ocrx_word' id='word_1_248' title='bbox 1127 1781 1277 1822; x_wconf 90' lang='lat' dir='ltr'>bellum</span> <span class='ocrx_word' id='word_1_249' title='bbox 1308 1795 1382 1836; x_wconf 90' lang='lat' dir='ltr'>pro</span> <span class='ocrx_word' id='word_1_250' title='bbox 1407 1794 1560 1836; x_wconf 89' lang='lat' dir='ltr'>sponsa</span> <span class='ocrx_word' id='word_1_251' title='bbox 1580 1780 1694 1823; x_wconf 90' lang='lat' dir='ltr'>dedit</span> <span class='ocrx_word' id='word_1_252' title='bbox 1714 1784 1755 1822; x_wconf 91' lang='lat' dir='ltr'>et</span> <span class='ocrx_word' id='word_1_253' title='bbox 1775 1793 1865 1822; x_wconf 90' lang='lat' dir='ltr'>eam</span> 
     </span>
     <span class='ocr_line' id='line_1_32' title="bbox 184 1850 1865 1907; baseline 0.001 -15"><span class='ocrx_word' id='word_1_254' title='bbox 184 1865 274 1893; x_wconf 90' lang='lat' dir='ltr'>cum</span> <span class='ocrx_word' id='word_1_255' title='bbox 309 1851 420 1893; x_wconf 90' lang='lat' dir='ltr'>omni</span> <span class='ocrx_word' id='word_1_256' title='bbox 453 1850 606 1892; x_wconf 88' lang='lat' dir='ltr'>honore</span> <span class='ocrx_word' id='word_1_257' title='bbox 638 1851 689 1892; x_wconf 90' lang='lat' dir='ltr'>ad</span> <span class='ocrx_word' id='word_1_258' title='bbox 721 1865 892 1905; x_wconf 88' lang='lat' dir='ltr'>regnum</span> <span class='ocrx_word' id='word_1_259' title='bbox 926 1852 1057 1907; x_wconf 86' lang='lat' dir='ltr'>patris</span> <span class='ocrx_word' id='word_1_260' title='bbox 1089 1852 1154 1894; x_wconf 87' lang='lat' dir='ltr'>sui</span> <span class='ocrx_word' id='word_1_261' title='bbox 1184 1852 1361 1895; x_wconf 75' lang='lat' dir='ltr'>reduxit.</span> <span class='ocrx_word' id='word_1_262' title='bbox 1409 1852 1465 1894; x_wconf 91' lang='lat' dir='ltr'>Et</span> <span class='ocrx_word' id='word_1_263' title='bbox 1495 1852 1554 1894; x_wconf 89' lang='lat' dir='ltr'>sic</span> <span class='ocrx_word' id='word_1_264' title='bbox 1585 1851 1705 1894; x_wconf 90' lang='lat' dir='ltr'>ambo</span> <span class='ocrx_word' id='word_1_265' title='bbox 1738 1851 1865 1893; x_wconf 85' lang='lat' dir='ltr'>vitam</span> 
     </span>
     <span class='ocr_line' id='line_1_33' title="bbox 184 1921 622 1978; baseline -0.002 -14"><span class='ocrx_word' id='word_1_266' title='bbox 184 1923 226 1964; x_wconf 91' lang='lat' dir='ltr'>in</span> <span class='ocrx_word' id='word_1_267' title='bbox 257 1936 357 1978; x_wconf 88' lang='lat' dir='ltr'>pace</span> <span class='ocrx_word' id='word_1_268' title='bbox 389 1921 622 1964; x_wconf 86' lang='lat' dir='ltr'>finiverunt.</span> 
     </span>
    </p>

    <p class='ocr_par' dir='ltr' id='par_1_9' title="bbox 180 1993 1913 2902">
     <span class='ocr_line' id='line_1_34' title="bbox 302 1993 1865 2049; baseline -0.001 -13"><span class='ocrx_word' id='word_1_269' title='bbox 302 1993 538 2045; x_wconf 89' lang='lat' dir='ltr'>Carissimi,</span> <span class='ocrx_word' id='word_1_270' title='bbox 570 2006 643 2035; x_wconf 80' lang='lat' dir='ltr'>rex</span> <span class='ocrx_word' id='word_1_271' title='bbox 676 1993 753 2035; x_wconf 90' lang='lat' dir='ltr'>iste</span> <span class='ocrx_word' id='word_1_272' title='bbox 787 1999 849 2035; x_wconf 89' lang='lat' dir='ltr'>est</span> <span class='ocrx_word' id='word_1_273' title='bbox 880 1998 997 2048; x_wconf 90' lang='lat' dir='ltr'>pater</span> <span class='ocrx_word' id='word_1_274' title='bbox 1029 1995 1213 2047; x_wconf 90' lang='lat' dir='ltr'>celestis,</span> <span class='ocrx_word' id='word_1_275' title='bbox 1246 1995 1354 2036; x_wconf 87' lang='lat' dir='ltr'>filius</span> <span class='ocrx_word' id='word_1_276' title='bbox 1388 1999 1472 2036; x_wconf 89' lang='lat' dir='ltr'>tam</span> <span class='ocrx_word' id='word_1_277' title='bbox 1505 1995 1669 2049; x_wconf 87' lang='lat' dir='ltr'>sapiens</span> <span class='ocrx_word' id='word_1_278' title='bbox 1701 1996 1764 2035; x_wconf 91' lang='lat' dir='ltr'>est</span> <span class='ocrx_word' id='word_1_279' title='bbox 1794 1993 1865 2035; x_wconf 91' lang='lat' dir='ltr'>do-</span> 
     </span>
     <span class='ocr_line' id='line_1_35' title="bbox 184 2063 1866 2122; baseline -0.001 -15"><span class='ocrx_word' id='word_1_280' title='bbox 184 2066 320 2107; x_wconf 92' lang='lat' dir='ltr'>minus</span> <span class='ocrx_word' id='word_1_281' title='bbox 352 2068 491 2106; x_wconf 88' lang='lat' dir='ltr'>noster</span> <span class='ocrx_word' id='word_1_282' title='bbox 525 2063 664 2105; x_wconf 78' lang='lat' dir='ltr'>ihesus</span> <span class='ocrx_word' id='word_1_283' title='bbox 697 2064 906 2119; x_wconf 85' lang='lat' dir='ltr'>Christus,</span> <span class='ocrx_word' id='word_1_284' title='bbox 945 2080 1099 2121; x_wconf 89' lang='lat' dir='ltr'>sponsa</span> <span class='ocrx_word' id='word_1_285' title='bbox 1131 2071 1214 2108; x_wconf 90' lang='lat' dir='ltr'>tam</span> <span class='ocrx_word' id='word_1_286' title='bbox 1248 2065 1420 2122; x_wconf 85' lang='lat' dir='ltr'>pulchra</span> <span class='ocrx_word' id='word_1_287' title='bbox 1452 2069 1514 2107; x_wconf 90' lang='lat' dir='ltr'>est</span> <span class='ocrx_word' id='word_1_288' title='bbox 1546 2065 1684 2106; x_wconf 88' lang='lat' dir='ltr'>anima</span> <span class='ocrx_word' id='word_1_289' title='bbox 1716 2064 1767 2106; x_wconf 89' lang='lat' dir='ltr'>ad</span> <span class='ocrx_word' id='word_1_290' title='bbox 1800 2063 1866 2106; x_wconf 90' lang='lat' dir='ltr'>dei</span> 
     </span>
     <span class='ocr_line' id='line_1_36' title="bbox 185 2135 1868 2192; baseline -0.001 -14"><span class='ocrx_word' id='word_1_291' title='bbox 185 2135 498 2178; x_wconf 88' lang='lat' dir='ltr'>similitudinem</span> <span class='ocrx_word' id='word_1_292' title='bbox 529 2140 679 2189; x_wconf 88' lang='lat' dir='ltr'>creata,</span> <span class='ocrx_word' id='word_1_293' title='bbox 713 2140 890 2190; x_wconf 87' lang='lat' dir='ltr'>quatuor</span> <span class='ocrx_word' id='word_1_294' title='bbox 911 2150 1072 2179; x_wconf 87' lang='lat' dir='ltr'>sorores</span> <span class='ocrx_word' id='word_1_295' title='bbox 1098 2138 1281 2192; x_wconf 79' lang='lat' dir='ltr'>justicia,</span> <span class='ocrx_word' id='word_1_296' title='bbox 1315 2137 1480 2190; x_wconf 85' lang='lat' dir='ltr'>veritas,</span> <span class='ocrx_word' id='word_1_297' title='bbox 1513 2135 1796 2178; x_wconf 86' lang='lat' dir='ltr'>misericordia</span> <span class='ocrx_word' id='word_1_298' title='bbox 1827 2138 1868 2177; x_wconf 94' lang='lat' dir='ltr'>et</span> 
     </span>
     <span class='ocr_line' id='line_1_37' title="bbox 184 2206 1865 2263; baseline -0.001 -15"><span class='ocrx_word' id='word_1_299' title='bbox 184 2221 279 2263; x_wconf 75' lang='lat' dir='ltr'>pax.</span> <span class='ocrx_word' id='word_1_300' title='bbox 313 2206 466 2248; x_wconf 86' lang='lat' dir='ltr'>Anima</span> <span class='ocrx_word' id='word_1_301' title='bbox 494 2220 586 2249; x_wconf 90' lang='lat' dir='ltr'>cum</span> <span class='ocrx_word' id='word_1_302' title='bbox 610 2221 727 2249; x_wconf 91' lang='lat' dir='ltr'>servo</span> <span class='ocrx_word' id='word_1_303' title='bbox 751 2208 907 2249; x_wconf 89' lang='lat' dir='ltr'>domini</span> <span class='ocrx_word' id='word_1_304' title='bbox 939 2209 964 2249; x_wconf 87' lang='lat' dir='ltr'>i.</span> <span class='ocrx_word' id='word_1_305' title='bbox 990 2222 1022 2250; x_wconf 90' lang='lat' dir='ltr'>e.</span> <span class='ocrx_word' id='word_1_306' title='bbox 1047 2222 1139 2250; x_wconf 90' lang='lat' dir='ltr'>cum</span> <span class='ocrx_word' id='word_1_307' title='bbox 1163 2209 1325 2251; x_wconf 87' lang='lat' dir='ltr'>diabolo</span> <span class='ocrx_word' id='word_1_308' title='bbox 1349 2209 1582 2251; x_wconf 87' lang='lat' dir='ltr'>adulterata</span> <span class='ocrx_word' id='word_1_309' title='bbox 1603 2210 1678 2261; x_wconf 92' lang='lat' dir='ltr'>est,</span> <span class='ocrx_word' id='word_1_310' title='bbox 1703 2206 1865 2261; x_wconf 86' lang='lat' dir='ltr'>quando</span> 
     </span>
     <span class='ocr_line' id='line_1_38' title="bbox 185 2278 1865 2334; baseline -0.001 -14"><span class='ocrx_word' id='word_1_311' title='bbox 185 2279 221 2321; x_wconf 91' lang='lat' dir='ltr'>ei</span> <span class='ocrx_word' id='word_1_312' title='bbox 250 2278 469 2331; x_wconf 85' lang='lat' dir='ltr'>consensit,</span> <span class='ocrx_word' id='word_1_313' title='bbox 504 2282 544 2320; x_wconf 93' lang='lat' dir='ltr'>et</span> <span class='ocrx_word' id='word_1_314' title='bbox 572 2278 662 2320; x_wconf 88' lang='lat' dir='ltr'>ideo</span> <span class='ocrx_word' id='word_1_315' title='bbox 693 2292 781 2320; x_wconf 89' lang='lat' dir='ltr'>eam</span> <span class='ocrx_word' id='word_1_316' title='bbox 806 2278 997 2321; x_wconf 91' lang='lat' dir='ltr'>dominus</span> <span class='ocrx_word' id='word_1_317' title='bbox 1021 2293 1118 2321; x_wconf 84' lang='lat' dir='ltr'>suus</span> <span class='ocrx_word' id='word_1_318' title='bbox 1142 2280 1310 2322; x_wconf 90' lang='lat' dir='ltr'>dimisit.</span> <span class='ocrx_word' id='word_1_319' title='bbox 1359 2280 1458 2322; x_wconf 89' lang='lat' dir='ltr'>Post</span> <span class='ocrx_word' id='word_1_320' title='bbox 1478 2279 1552 2322; x_wconf 90' lang='lat' dir='ltr'>hec</span> <span class='ocrx_word' id='word_1_321' title='bbox 1573 2279 1667 2334; x_wconf 88' lang='lat' dir='ltr'>pius</span> <span class='ocrx_word' id='word_1_322' title='bbox 1689 2290 1865 2334; x_wconf 90' lang='lat' dir='ltr'>sponsus</span> 
     </span>
     <span class='ocr_line' id='line_1_39' title="bbox 185 2348 1866 2407; baseline 0 -17"><span class='ocrx_word' id='word_1_323' title='bbox 185 2349 298 2391; x_wconf 84' lang='lat' dir='ltr'>dedit</span> <span class='ocrx_word' id='word_1_324' title='bbox 329 2349 366 2391; x_wconf 88' lang='lat' dir='ltr'>ei</span> <span class='ocrx_word' id='word_1_325' title='bbox 397 2348 581 2391; x_wconf 89' lang='lat' dir='ltr'>libellum</span> <span class='ocrx_word' id='word_1_326' title='bbox 614 2349 775 2404; x_wconf 87' lang='lat' dir='ltr'>repudii</span> <span class='ocrx_word' id='word_1_327' title='bbox 809 2354 848 2392; x_wconf 93' lang='lat' dir='ltr'>et</span> <span class='ocrx_word' id='word_1_328' title='bbox 880 2351 1038 2393; x_wconf 89' lang='lat' dir='ltr'>dimisit</span> <span class='ocrx_word' id='word_1_329' title='bbox 1070 2365 1158 2393; x_wconf 88' lang='lat' dir='ltr'>eam</span> <span class='ocrx_word' id='word_1_330' title='bbox 1193 2356 1233 2394; x_wconf 93' lang='lat' dir='ltr'>et</span> <span class='ocrx_word' id='word_1_331' title='bbox 1265 2351 1446 2407; x_wconf 86' lang='lat' dir='ltr'>privavit</span> <span class='ocrx_word' id='word_1_332' title='bbox 1467 2364 1556 2393; x_wconf 90' lang='lat' dir='ltr'>eam</span> <span class='ocrx_word' id='word_1_333' title='bbox 1580 2349 1691 2392; x_wconf 88' lang='lat' dir='ltr'>omni</span> <span class='ocrx_word' id='word_1_334' title='bbox 1712 2349 1866 2391; x_wconf 89' lang='lat' dir='ltr'>honore</span> 
     </span>
     <span class='ocr_line' id='line_1_40' title="bbox 185 2419 1865 2476; baseline 0 -15"><span class='ocrx_word' id='word_1_335' title='bbox 185 2434 270 2473; x_wconf 91' lang='lat' dir='ltr'>suo,</span> <span class='ocrx_word' id='word_1_336' title='bbox 305 2434 383 2474; x_wconf 91' lang='lat' dir='ltr'>quo</span> <span class='ocrx_word' id='word_1_337' title='bbox 416 2424 505 2462; x_wconf 87' lang='lat' dir='ltr'>erat</span> <span class='ocrx_word' id='word_1_338' title='bbox 536 2421 761 2462; x_wconf 88' lang='lat' dir='ltr'>constituta</span> <span class='ocrx_word' id='word_1_339' title='bbox 792 2435 915 2476; x_wconf 88' lang='lat' dir='ltr'>super</span> <span class='ocrx_word' id='word_1_340' title='bbox 946 2435 1072 2476; x_wconf 90' lang='lat' dir='ltr'>opera</span> <span class='ocrx_word' id='word_1_341' title='bbox 1104 2436 1300 2464; x_wconf 87' lang='lat' dir='ltr'>manuum</span> <span class='ocrx_word' id='word_1_342' title='bbox 1333 2422 1502 2475; x_wconf 91' lang='lat' dir='ltr'>domini,</span> <span class='ocrx_word' id='word_1_343' title='bbox 1535 2422 1642 2463; x_wconf 89' lang='lat' dir='ltr'>sicut</span> <span class='ocrx_word' id='word_1_344' title='bbox 1671 2420 1728 2462; x_wconf 89' lang='lat' dir='ltr'>ait</span> <span class='ocrx_word' id='word_1_345' title='bbox 1748 2419 1865 2462; x_wconf 87' lang='lat' dir='ltr'>Psal-</span> 
     </span>
     <span class='ocr_line' id='line_1_41' title="bbox 184 2490 1864 2548; baseline 0 -16"><span class='ocrx_word' id='word_1_346' title='bbox 184 2492 329 2533; x_wconf 89' lang='lat' dir='ltr'>mista:</span> <span class='ocrx_word' id='word_1_347' title='bbox 378 2490 528 2533; x_wconf 82' lang='lat' dir='ltr'>Omnia</span> <span class='ocrx_word' id='word_1_348' title='bbox 567 2491 778 2546; x_wconf 89' lang='lat' dir='ltr'>subjecisti</span> <span class='ocrx_word' id='word_1_349' title='bbox 817 2493 890 2534; x_wconf 89' lang='lat' dir='ltr'>sub</span> <span class='ocrx_word' id='word_1_350' title='bbox 924 2493 1097 2548; x_wconf 88' lang='lat' dir='ltr'>pedibus</span> <span class='ocrx_word' id='word_1_351' title='bbox 1130 2494 1229 2548; x_wconf 88' lang='lat' dir='ltr'>ejus.</span> <span class='ocrx_word' id='word_1_352' title='bbox 1284 2493 1410 2535; x_wconf 91' lang='lat' dir='ltr'>Dedit</span> <span class='ocrx_word' id='word_1_353' title='bbox 1441 2493 1570 2535; x_wconf 89' lang='lat' dir='ltr'>eciam</span> <span class='ocrx_word' id='word_1_354' title='bbox 1603 2492 1640 2534; x_wconf 91' lang='lat' dir='ltr'>ei</span> <span class='ocrx_word' id='word_1_355' title='bbox 1672 2491 1864 2533; x_wconf 87' lang='lat' dir='ltr'>ducatum</span> 
     </span>
     <span class='ocr_line' id='line_1_42' title="bbox 184 2553 1913 2618; baseline -0.001 -14"><span class='ocrx_word' id='word_1_356' title='bbox 184 2563 210 2604; x_wconf 89' lang='lat' dir='ltr'>i.</span> <span class='ocrx_word' id='word_1_357' title='bbox 235 2576 269 2605; x_wconf 87' lang='lat' dir='ltr'>e.</span> <span class='ocrx_word' id='word_1_358' title='bbox 294 2561 533 2618; x_wconf 89' lang='lat' dir='ltr'>paradisum</span> <span class='ocrx_word' id='word_1_359' title='bbox 574 2567 614 2605; x_wconf 92' lang='lat' dir='ltr'>et</span> <span class='ocrx_word' id='word_1_360' title='bbox 651 2563 768 2605; x_wconf 85' lang='lat' dir='ltr'>illum</span> <span class='ocrx_word' id='word_1_361' title='bbox 809 2564 937 2605; x_wconf 89' lang='lat' dir='ltr'>eciam</span> <span class='ocrx_word' id='word_1_362' title='bbox 979 2564 1028 2606; x_wconf 89' lang='lat' dir='ltr'>ab</span> <span class='ocrx_word' id='word_1_363' title='bbox 1062 2578 1110 2606; x_wconf 82' lang='lat' dir='ltr'>ea</span> <span class='ocrx_word' id='word_1_364' title='bbox 1141 2564 1312 2606; x_wconf 88' lang='lat' dir='ltr'>abstulit</span> <span class='ocrx_word' id='word_1_365' title='bbox 1351 2567 1391 2606; x_wconf 90' lang='lat' dir='ltr'>et</span> <span class='ocrx_word' id='word_1_366' title='bbox 1428 2564 1470 2605; x_wconf 92' lang='lat' dir='ltr'>in</span> <span class='ocrx_word' id='word_1_367' title='bbox 1502 2563 1713 2605; x_wconf 90' lang='lat' dir='ltr'>miseriam</span> <span class='ocrx_word' id='word_1_368' title='bbox 1744 2561 1865 2616; x_wconf 87' lang='lat' dir='ltr'>hujus</span> <span class='ocrx_word' id='word_1_369' title='bbox 1909 2553 1913 2556; x_wconf 47' lang='grc'><strong>”</strong></span> 
     </span>
     <span class='ocr_line' id='line_1_43' title="bbox 185 2632 1867 2690; baseline -0.001 -15"><span class='ocrx_word' id='word_1_370' title='bbox 185 2633 328 2676; x_wconf 88' lang='lat' dir='ltr'>mundi</span> <span class='ocrx_word' id='word_1_371' title='bbox 359 2634 517 2689; x_wconf 86' lang='lat' dir='ltr'>posuit,</span> <span class='ocrx_word' id='word_1_372' title='bbox 558 2634 686 2676; x_wconf 89' lang='lat' dir='ltr'>unde:</span> <span class='ocrx_word' id='word_1_373' title='bbox 736 2634 780 2675; x_wconf 92' lang='lat' dir='ltr'>In</span> <span class='ocrx_word' id='word_1_374' title='bbox 813 2635 961 2677; x_wconf 91' lang='lat' dir='ltr'>sudore</span> <span class='ocrx_word' id='word_1_375' title='bbox 1000 2635 1137 2677; x_wconf 88' lang='lat' dir='ltr'>vultus</span> <span class='ocrx_word' id='word_1_376' title='bbox 1176 2635 1238 2677; x_wconf 90' lang='lat' dir='ltr'>tui</span> <span class='ocrx_word' id='word_1_377' title='bbox 1271 2635 1446 2677; x_wconf 89' lang='lat' dir='ltr'>vesceris</span> <span class='ocrx_word' id='word_1_378' title='bbox 1478 2647 1586 2690; x_wconf 91' lang='lat' dir='ltr'>pane</span> <span class='ocrx_word' id='word_1_379' title='bbox 1617 2637 1699 2675; x_wconf 91' lang='lat' dir='ltr'>tuo.</span> <span class='ocrx_word' id='word_1_380' title='bbox 1749 2632 1867 2675; x_wconf 91' lang='lat' dir='ltr'>Unde</span> 
     </span>
     <span class='ocr_line' id='line_1_44' title="bbox 184 2703 1866 2760; baseline -0.001 -13"><span class='ocrx_word' id='word_1_381' title='bbox 184 2704 419 2747; x_wconf 88' lang='lat' dir='ltr'>Bernardus</span> <span class='ocrx_word' id='word_1_382' title='bbox 451 2705 716 2760; x_wconf 90' lang='lat' dir='ltr'>conqueritur</span> <span class='ocrx_word' id='word_1_383' title='bbox 755 2709 796 2747; x_wconf 92' lang='lat' dir='ltr'>et</span> <span class='ocrx_word' id='word_1_384' title='bbox 827 2705 944 2747; x_wconf 85' lang='lat' dir='ltr'>dicit:</span> <span class='ocrx_word' id='word_1_385' title='bbox 991 2705 1197 2749; x_wconf 89' lang='lat' dir='ltr'>Memento</span> <span class='ocrx_word' id='word_1_386' title='bbox 1229 2705 1457 2748; x_wconf 89' lang='lat' dir='ltr'>nobilitatis</span> <span class='ocrx_word' id='word_1_387' title='bbox 1489 2709 1579 2758; x_wconf 85' lang='lat' dir='ltr'>tue,</span> <span class='ocrx_word' id='word_1_388' title='bbox 1612 2704 1766 2760; x_wconf 87' lang='lat' dir='ltr'>pudeat</span> <span class='ocrx_word' id='word_1_389' title='bbox 1796 2703 1866 2746; x_wconf 88' lang='lat' dir='ltr'>de-</span> 
     </span>
     <span class='ocr_line' id='line_1_45' title="bbox 180 2774 1864 2832; baseline -0.002 -14"><span class='ocrx_word' id='word_1_390' title='bbox 180 2776 376 2830; x_wconf 85' lang='lat' dir='ltr'>jeccionis</span> <span class='ocrx_word' id='word_1_391' title='bbox 408 2780 489 2818; x_wconf 92' lang='lat' dir='ltr'>tue.</span> <span class='ocrx_word' id='word_1_392' title='bbox 537 2775 630 2831; x_wconf 88' lang='lat' dir='ltr'>Ipse</span> <span class='ocrx_word' id='word_1_393' title='bbox 669 2789 765 2817; x_wconf 92' lang='lat' dir='ltr'>vero</span> <span class='ocrx_word' id='word_1_394' title='bbox 804 2776 993 2819; x_wconf 90' lang='lat' dir='ltr'>dominus</span> <span class='ocrx_word' id='word_1_395' title='bbox 1032 2777 1225 2819; x_wconf 89' lang='lat' dir='ltr'>misertus</span> <span class='ocrx_word' id='word_1_396' title='bbox 1259 2790 1407 2832; x_wconf 90' lang='lat' dir='ltr'>sponse</span> <span class='ocrx_word' id='word_1_397' title='bbox 1441 2789 1513 2818; x_wconf 92' lang='lat' dir='ltr'>sue</span> <span class='ocrx_word' id='word_1_398' title='bbox 1545 2775 1660 2818; x_wconf 90' lang='lat' dir='ltr'>misit</span> <span class='ocrx_word' id='word_1_399' title='bbox 1690 2774 1742 2816; x_wconf 87' lang='lat' dir='ltr'>ad</span> <span class='ocrx_word' id='word_1_400' title='bbox 1774 2787 1864 2816; x_wconf 87' lang='lat' dir='ltr'>eam</span> 
     </span>
     <span class='ocr_line' id='line_1_46' title="bbox 186 2846 1864 2902; baseline -0.001 -14"><span class='ocrx_word' id='word_1_401' title='bbox 186 2848 401 2901; x_wconf 91' lang='lat' dir='ltr'>nuncium,</span> <span class='ocrx_word' id='word_1_402' title='bbox 441 2847 511 2902; x_wconf 91' lang='lat' dir='ltr'>qui</span> <span class='ocrx_word' id='word_1_403' title='bbox 542 2849 754 2889; x_wconf 83' lang='lat' dir='ltr'>revocaret</span> <span class='ocrx_word' id='word_1_404' title='bbox 785 2860 875 2889; x_wconf 86' lang='lat' dir='ltr'>eam</span> <span class='ocrx_word' id='word_1_405' title='bbox 908 2851 948 2890; x_wconf 91' lang='lat' dir='ltr'>et</span> <span class='ocrx_word' id='word_1_406' title='bbox 981 2848 1154 2890; x_wconf 88' lang='lat' dir='ltr'>diceret:</span> <span class='ocrx_word' id='word_1_407' title='bbox 1201 2847 1396 2900; x_wconf 88' lang='lat' dir='ltr'>Elevare,</span> <span class='ocrx_word' id='word_1_408' title='bbox 1437 2846 1617 2899; x_wconf 88' lang='lat' dir='ltr'>elevare,</span> <span class='ocrx_word' id='word_1_409' title='bbox 1650 2858 1864 2899; x_wconf 86' lang='lat' dir='ltr'>consurge,</span> 
     </span>
    </p>
   </div>
   <div class='ocr_carea' id='block_1_9' title="bbox 279 2927 732 2974">
    <p class='ocr_par' dir='ltr' id='par_1_10' title="bbox 279 2927 732 2974">
     <span class='ocr_line' id='line_1_47' title="bbox 279 2927 732 2974; baseline -0.002 -12"><span class='ocrx_word' id='word_1_410' title='bbox 279 2928 300 2962; x_wconf 83' lang='lat'>8</span> <span class='ocrx_word' id='word_1_411' title='bbox 326 2927 459 2972; x_wconf 88' lang='lat' dir='ltr'>earum]</span> <span class='ocrx_word' id='word_1_412' title='bbox 487 2934 572 2974; x_wconf 73' lang='lat' dir='ltr'>oriq.</span> <span class='ocrx_word' id='word_1_413' title='bbox 598 2937 732 2962; x_wconf 86' lang='lat' dir='ltr'>eorum.</span> 
     </span>
    </p>
   </div>
  </div>
 </body>
</html>
