1949 3162
161 463 182 496 ιζὶ

141 818 182 850 10

141 1529 184 1562 20

142 1885 187 1919 25

143 2240 188 2274 30

146 2597 190 2632 35

1006 62 1091 104 384

207 183 415 224 nunquam
456 169 590 210 virum
629 168 833 223 acciperet
872 180 1081 221 quousque
1127 168 1205 209 tria
1245 173 1514 224 perpetraret.
1567 168 1751 210 Primum
1791 172 1881 211 erat

208 241 315 295 quod
346 240 546 281 veraciter
577 238 731 280 diceret
761 242 859 292 quot
890 238 1014 293 pedes
1046 238 1087 279 in
1119 238 1374 292 longitudine
1408 244 1448 282 et
1477 240 1695 282 latitudine
1718 253 1764 281 ac
1785 253 1879 295 pro-

206 311 418 353 fundidate
457 313 630 364 quatuor
671 309 963 351 elementorum
1004 313 1153 362 essent,
1191 311 1437 364 secundum,
1476 311 1583 365 quod
1620 314 1786 352 ventum
1829 309 1879 352 ab

209 381 398 436 aquilone
437 385 629 434 mutaret,
668 381 854 433 tercium,
893 380 999 434 quod
1032 381 1165 433 ignem
1200 381 1240 422 in
1273 383 1430 434 gremio
1461 382 1549 424 sine
1579 381 1734 424 lesione
1759 381 1881 435 juxta

208 466 372 494 carnem
415 455 587 507 potaret.
643 451 727 493 Rex
767 464 857 492 cum
898 450 971 492 hec
1010 451 1211 505 audisset,
1261 453 1355 494 fecit
1393 453 1472 494 ista
1516 453 1597 494 tria
1636 466 1709 507 per
1748 455 1877 493 totum

208 537 376 576 regnum
412 522 685 578 promulgari,
727 526 766 564 et
806 522 839 563 si
872 522 963 576 quis
1002 522 1088 564 sine
1122 522 1281 564 defectu
1316 528 1594 579 perpetraret,
1633 523 1760 564 filiam
1793 522 1880 576 ejus

207 595 249 635 in
296 607 464 635 uxorem
513 593 692 635 haberet.
749 591 867 634 Multi
915 597 1115 634 venerunt
1161 594 1231 635 sed
1271 595 1517 637 defecerunt.
1573 593 1676 636 Erat
1714 593 1880 648 quidam

207 665 325 706 miles
356 665 398 706 in
431 665 618 720 partibus
649 664 897 717 longinquis,
931 663 999 718 qui
1032 676 1121 705 cum
1157 665 1205 706 de
1237 669 1330 707 voto
1363 665 1498 721 puelle
1531 666 1703 719 audiret,
1737 665 1785 707 ad
1809 678 1882 720 pa-

206 736 356 777 lacium
387 736 495 789 regis
528 736 641 777 venit
671 735 903 789 ducensque
935 748 1073 776 secum
1111 735 1309 777 famulum
1344 750 1469 778 unum
1503 740 1543 778 et
1573 750 1698 778 unum
1732 749 1881 790 equum

207 807 471 848 furibundum
506 820 642 848 coram
676 819 771 859 rege
803 806 974 847 intravit
1005 810 1046 847 et
1078 806 1153 848 ait:
1195 806 1371 849 Domine
1402 808 1459 849 mi
1491 821 1577 860 rex,
1609 806 1735 849 filiam
1768 810 1880 848 tuam

208 882 302 933 peto
336 878 377 919 in
410 891 594 931 uxorem,
628 878 724 931 quia
756 881 923 932 paratus
956 891 1046 918 sum
1078 878 1160 919 ista
1191 879 1272 920 tria
1304 879 1565 934 promulgata
1595 878 1765 920 solvere.
1811 877 1884 919 Ait

208 963 302 991 rex:
337 948 459 990 Michi
494 949 595 990 bene
626 948 773 1004 placet.
822 948 939 991 Miles
973 963 1067 990 vero
1098 949 1297 991 famulum
1331 964 1449 992 suum
1482 950 1644 991 vocavit
1674 953 1715 991 et
1746 948 1804 990 ait
1825 948 1881 990 ei:

208 1020 254 1062 111
286 1025 396 1061 16116
421 1020 582 1074 jaceas!
616 1019 719 1061 Cum
753 1033 848 1061 vero
881 1020 938 1061 sic
963 1020 1133 1074 jaceret,
1168 1021 1285 1062 miles
1317 1035 1340 1063 a
1372 1021 1507 1076 capite
1535 1034 1664 1075 usque
1686 1020 1738 1062 ad
1759 1019 1882 1075 pedes

208 1091 475 1133 mensuravit.
524 1090 611 1132 Hoc
647 1091 755 1132 facto
799 1091 856 1132 ait
886 1091 993 1144 regi:
1041 1090 1147 1133 Ecce
1184 1091 1347 1134 domine
1386 1093 1428 1134 in
1462 1095 1636 1146 quatuor
1669 1090 1882 1133 elementis

208 1163 278 1204 vix
310 1162 418 1204 ultra
450 1165 608 1217 septem
648 1162 772 1216 pedes
803 1161 981 1203 invenio.
1030 1161 1103 1202 Ait
1134 1176 1225 1204 rex:
1267 1163 1373 1213 Quid
1404 1163 1480 1205 hoc
1512 1163 1564 1205 ad
1597 1166 1771 1217 quatuor
1802 1161 1883 1203 ele-

210 1233 373 1276 menta?
419 1232 474 1275 Et
504 1233 593 1274 ille:
632 1232 829 1286 Domine,
863 1232 1035 1287 quilibet
1064 1232 1186 1274 homo
1219 1238 1259 1276 et
1290 1248 1410 1276 omne
1442 1233 1595 1276 animal
1627 1247 1679 1275 ex
1710 1238 1884 1287 quatuor

210 1305 422 1347 elementis
460 1302 546 1358 [57]
583 1304 854 1358 componitur,
888 1307 928 1346 et
951 1304 1009 1345 sic
1031 1317 1104 1359 per
1125 1305 1323 1346 famulum
1349 1310 1523 1359 quatuor
1546 1305 1749 1348 elementa
1770 1317 1884 1346 men·

210 1376 360 1418 suravi.
407 1375 480 1417 Ait
510 1388 602 1417 rex:
636 1374 770 1416 Amen
802 1375 890 1416 dico
924 1374 999 1416 tibi
1031 1376 1130 1416 satis
1164 1375 1272 1417 clare
1306 1376 1500 1430 probasti.
1548 1375 1644 1418 Jam
1667 1375 1718 1418 ad
1740 1388 1884 1417 secun—

210 1448 306 1489 dum
339 1446 629 1502 procedamus,
671 1450 785 1488 muta
823 1450 989 1488 ventum
1031 1449 1106 1488 etc.
1156 1446 1227 1488 Ille
1266 1447 1405 1489 statim
1438 1461 1588 1502 equum
1618 1446 1883 1489 furibundum

210 1518 355 1560 adduci
393 1518 511 1571 feeit,
552 1517 616 1559 0111
657 1518 870 1572 pocionem
913 1517 964 1558 ad
1002 1517 1249 1570 gustandum
1290 1518 1421 1571 dedit3
1471 1519 1519 1560 de
1559 1518 1673 1572 cujus
1713 1517 1884 1573 pocione

209 1590 342 1631 factus
375 1593 437 1631 est
468 1589 649 1631 totaliter
681 1601 824 1639 sanus3
857 1587 933 1629 hoc
964 1588 1071 1635 facto
1105 1593 1229 1644 caput
1259 1590 1352 1644 equi
1384 1590 1425 1631 in
1448 1590 1604 1632 oriente
1636 1589 1814 1644 ponebat
1845 1591 1886 1631 et

211 1661 288 1702 ait:
320 1660 440 1714 Ecce,
474 1660 658 1713 domine,
691 1663 834 1701 ventus
868 1663 930 1701 est
960 1664 1141 1702 mutatus
1175 1661 1224 1703 ab
1257 1660 1446 1715 aquilone
1477 1661 1520 1702 in
1552 1661 1765 1703 orientem.
1811 1660 1886 1702 Ait

210 1746 303 1774 rex:
352 1731 458 1781 Quid
490 1734 551 1772 est
586 1731 662 1772 1100
693 1730 744 1772 611
776 1732 969 1773 ventum?
1015 1732 1089 1774 Ait
1119 1732 1208 1775 ille:
1253 1732 1398 1774 Nonne
1430 1736 1592 1774 constat
1622 1735 1757 1774 vestre
1789 1745 1884 1786 pru-

212 1803 351 1845 dencie
391 1803 498 1857 quod
535 1803 621 1844 vita
658 1802 874 1856 cujuslibet
915 1803 1104 1845 animalis
1143 1818 1224 1846 11011
1264 1808 1325 1846 est
1364 1803 1443 1845 nisi
1476 1803 1648 1845 ventus?
1688 1802 1884 1857 quamdiu

212 1890 339 1930 equus
373 1874 612 1930 paciebatur
643 1873 811 1927 malum,
844 1874 1002 1915 tamdiu
1034 1878 1123 1917 erat
1152 1874 1195 1916 in
1226 1874 1432 1929 aquilone,
1464 1874 1535 1917 sed
1550 1874 1638 1928 jam
1661 1887 1712 1916 ex
1734 1874 1886 1916 virtute

212 1947 398 2002 pocionis
431 1959 553 1987 sanus
585 1946 717 1987 factus
750 1948 812 1987 est
844 1948 884 1986 et
915 1949 1039 2000 caput
1071 1946 1157 1999 ejus
1191 1946 1242 1987 ad
1275 1946 1471 1988 orientem
1505 1946 1638 2001 posui,
1671 1948 1717 1987 ut
1737 1945 1792 1986 sit
1812 1958 1885 2000 pa-

212 2023 327 2060 ratus
360 2031 461 2059 onus
500 2020 676 2072 portare.
724 2016 797 2058 Ait
834 2030 928 2058 rex:
972 2016 1081 2059 Satis
1114 2017 1222 2059 clare
1260 2017 1456 2072 probasti.
1503 2016 1599 2059 Jam
1631 2009 1683 2058 ad
1713 2016 1886 2058 tercium

213 2090 496 2145 procedamus.
545 2089 601 2130 At
630 2088 718 2129 ille:
752 2087 929 2129 Domine
961 2092 1130 2142 paratus
1153 2102 1240 2130 sum
1266 2102 1402 2130 coram
1426 2089 1615 2130 omnibus
1639 2087 1885 2143 adimplere3

213 2175 358 2202 manus
391 2174 485 2202 suas
518 2159 661 2215 prunis
694 2159 933 2201 ardentibus
965 2159 1139 2214 replevit
1170 2164 1210 2201 et
1240 2159 1281 2200 in
1316 2160 1408 2202 sinu
1438 2160 1589 2215 posuit,
1622 2162 1663 2201 et
1683 2171 1777 2200 caro
1800 2158 1886 2212 ejus

213 2245 472 2287 nequaquam
506 2234 568 2273 est
598 2230 695 2272 lesa.
743 2230 817 2272 Ait
847 2244 942 2272 rex:
984 2230 1092 2272 Satis
1125 2231 1226 2273 bene
1258 2231 1337 2272 duo
1370 2231 1451 2273 alia
1482 2230 1686 2286 probasti,
1719 2229 1792 2271 sed
1822 2228 1888 2270 dic

214 2303 339 2346 michi
371 2302 573 2357 quomodo
607 2301 769 2344 verlebe
799 2314 881 2343 non
913 2301 1056 2344 ledunt
1086 2305 1138 2343 16.
1186 2301 1260 2343 Α11
1289 2302 1376 2343 ille:
1410 2302 1501 2343 Non
1533 2305 1595 2344 est
1625 2301 1701 2343 hoc
1733 2314 1783 2342 ex
1806 2300 1886 2341 vir-

214 2378 301 2417 tute
333 2387 445 2427 mea,
486 2373 557 2415 sed
589 2387 638 2415 ex
670 2373 821 2414 virtute
852 2372 1023 2428 lapidis,
1062 2386 1180 2427 quem
1215 2386 1373 2415 mecum
1405 2373 1597 2415 continue
1627 2375 1766 2427 porto3
1798 2371 1886 2425 qui-

215 2460 388 2501 cumque
426 2445 541 2487 illum
582 2443 762 2499 lapidem
802 2456 939 2485 secum
979 2445 1021 2485 in
1059 2444 1147 2486 loco
1189 2443 1342 2485 mundo
1374 2443 1620 2499 portaverit,
1662 2455 1886 2497 numquam

216 2518 266 2560 ab
298 2518 393 2571 igne
422 2515 505 2558 ledi
537 2514 708 2570 pote1·it;
742 2527 834 2556 ecce
864 2514 991 2570 lapis!
1025 2515 1079 2557 Et
1109 2515 1290 2570 lapidem
1323 2528 1459 2556 coram
1483 2514 1671 2556 omnibus
1694 2512 1885 2555 ostendit.

216 2588 290 2630 Ait
326 2601 419 2629 rex:
471 2585 744 2628 Probabiliter
782 2586 862 2627 ista
900 2586 981 2627 tria
1017 2586 1214 2641 probasti.
1274 2585 1455 2640 Nupcias
1494 2584 1720 2638 ordinavit,
1759 2583 1884 2625 filiam
1915 2575 1919 2578 ”

217 2673 330 2701 suam
365 2671 458 2701 cum
489 2657 647 2699 diviciis
680 2656 820 2698 multis
854 2656 890 2698 ei
921 2656 1036 2699 dedit
1066 2657 1108 2698 in
1141 2657 1355 2711 conjugem
1388 2660 1428 2698 et
1459 2655 1577 2698 ambo
1609 2656 1651 2696 in
1673 2655 1760 2696 vita
1781 2654 1887 2697 bona

217 2730 304 2772 dies
336 2743 430 2771 suas
461 2727 666 2770 finierunt.

335 2801 620 2842 Moralz‘zacz'o.
688 2798 920 2852 Carissimi,
975 2813 1046 2840 rex
1093 2799 1171 2841 iste
1218 2802 1280 2840 est
1325 2797 1513 2839 dominus
1559 2799 1698 2838 noster
1745 2795 1885 2838 Ihesus

219 2870 426 2925 Christus,
465 2870 551 2912 filia
588 2874 672 2911 tam
707 2868 877 2924 pulchra
917 2870 1054 2911 anima
1094 2870 1146 2912 ad
1179 2870 1243 2911 dei
1276 2867 1589 2911 similitudinem
1620 2869 1777 2921 creata,
1810 2878 1887 2920 que

311 2953 447 2986 26-27
473 2951 632 2996 paratus]
658 2956 744 2996 orig).
761 2955 907 2994 paratus
934 2960 1027 2985 esse.
