1949 3162
982 78 1067 117 46ss

183 184 396 237 crucifigit.
452 183 532 225 Sed
573 183 635 225 leo
675 184 701 225 i.
727 197 759 225 e.
802 183 901 224 deus
943 182 1056 223 dedit
1087 182 1249 223 Christo
1293 183 1533 236 inquantum
1573 182 1694 224 homo
1727 182 1867 224 decem

185 256 322 297 asinos
364 258 554 296 oneratos
594 255 619 295 i.
645 268 678 296 e.
713 253 852 295 omnia
892 257 1087 308 precepta
1126 252 1201 294 sub
1234 253 1320 306 ejus
1353 257 1578 308 potestate,
1620 253 1790 307 antiqua
1829 256 1869 294 et

182 340 301 379 nova,
326 325 604 380 dispensando
628 338 718 366 cum
743 324 921 377 homine,
946 327 986 365 et
1009 324 1041 365 si
1066 323 1136 365 illa
1159 327 1354 379 precepta
1376 324 1607 377 fecerimus,
1632 324 1682 365 ad
1705 327 1868 366 eternas

184 397 353 438 divicias
388 397 687 451 perveniemus.
733 395 866 437 Guido
898 394 1011 448 ligna
1043 394 1257 436 scindebat
1288 395 1313 436 i.
1339 408 1372 437 e.
1407 395 1663 436 consciencia
1694 398 1766 436 tua
1798 394 1871 436 sti-

184 468 315 510 mulat
355 471 615 523 perpetrare,
658 481 732 522 per
773 480 850 520 que
890 479 1038 520 corpus
1079 469 1119 507 et
1151 466 1328 507 animam
1364 467 1404 507 in
1438 466 1503 508 die
1529 466 1674 519 judicii
1708 465 1870 520 operari

185 540 361 594 poteris,
398 542 566 594 propter
600 551 677 592 que
711 538 890 591 requiem
926 541 1109 578 eternam
1145 536 1366 587 obtinebis3
1407 537 1503 591 quia
1536 537 1569 578 si
1602 540 1746 578 contra
1776 549 1871 578 con-

185 611 403 653 scienciam
447 624 565 664 agas,
608 609 658 651 ad
690 608 918 661 gehennam
961 608 1188 650 deduceris.
1247 607 1425 663 Serpens
1469 608 1581 650 dedit
1619 608 1654 649 ei
1691 606 1870 662 lapidem

184 682 338 737 triplici
370 681 504 723 colore
537 681 784 730 coloratum3
820 680 878 721 sic
911 678 1093 734 prelatus
1127 683 1167 721 et
1201 680 1410 720 confessor
1442 692 1514 734 per
1536 678 1873 720 informacionem

186 765 301 794 sacre
343 753 545 808 scripture
585 755 748 807 poterat
787 750 966 805 lapidem
1010 750 1036 791 i.
1065 763 1098 791 e.
1139 749 1348 792 Christum
1398 750 1592 792 obtinere.
1658 749 1727 791 [lle
1767 748 1874 804 lapis

119 833 160 865 10
187 827 276 866 erat
306 824 435 876 niger,
468 823 734 874 rubicundus,
769 821 938 877 pulcher
971 825 1011 862 et
1043 821 1179 873 albus3
1214 822 1272 862 sic
1294 820 1481 863 Christus
1512 821 1722 876 speciosus
1743 820 1876 861 forma

189 908 261 950 pre
292 894 387 935 filiis
421 895 655 945 hominum3
698 895 793 935 item
838 893 954 946 niger
987 896 1076 933 erat
1108 906 1181 947 per
1216 892 1471 947 passionem,
1511 891 1762 934 rubicundus
1803 903 1876 946 per

188 967 400 1019 sanguinis
435 965 687 1007 effusionem.
745 964 821 1014 Qui
856 977 950 1017 ergo
985 964 1107 1004 istum
1143 963 1321 1018 lapidem
1355 968 1512 1019 portat,
1550 963 1618 1005 ille
1649 962 1773 1004 habet
1805 961 1876 1003 ha-

188 1037 461 1080 bundanciam
506 1038 592 1078 sine
632 1037 812 1086 defectu,
853 1049 928 1076 nec
967 1034 1080 1075 illum
1122 1034 1301 1089 lapidem
1341 1034 1463 1076 debes
1495 1034 1673 1076 vendere
1706 1030 1876 1087 [101b],

189 1109 267 1150 nisi
315 1109 384 1150 det
429 1111 589 1149 tantum
641 1107 844 1162 precium,
901 1110 1098 1160 quantum
1147 1106 1355 1159 Christus,
1404 1105 1561 1147 scilicet
1607 1118 1680 1160 per
1726 1104 1878 1146 contri-

121 1190 162 1223 15
190 1181 372 1232 cionem,
412 1179 708 1221 consessionem
751 1182 790 1220 et
830 1177 1176 1229 satisfactionen13
1220 1177 1290 1219 sed
1333 1177 1483 1230 ingrati
1526 1177 1567 1218 in
1600 1176 1783 1232 patibulo
1816 1175 1878 1217 in-

188 1251 336 1293 fernali
380 1256 501 1292 erunt
540 1250 749 1305 suspensi,
793 1249 911 1291 electi
951 1262 1047 1291 vero
1090 1249 1214 1291 vitam
1250 1253 1432 1291 eternam
1467 1247 1731 1301 obtinebunt,
1771 1246 1878 1301 quod

188 1323 306 1364 nobis
340 1326 413 1364 etc.

137 480 157 512 ωε

833 1550 935 1592 CAP.
966 1552 1059 1592 1⁶20.
1096 1552 1228 1601 (112.)

610 1639 684 1682 De
719 1638 956 1682 'mulierum
991 1637 1146 1683 subtili·
1184 1638 1458 1697 decepcione.

122 1761 167 1794 20
310 1748 462 1789 Darius
484 1747 674 1800 regnavit
696 1746 876 1801 prudens
900 1746 1031 1800 valde,
1065 1747 1134 1801 qui
1157 1750 1240 1788 tres
1263 1746 1368 1787 filios
1391 1745 1548 1799 habuit,
1581 1758 1681 1799 quos
1703 1743 1878 1786 multum

194 1819 350 1860 dilexit.
409 1817 510 1859 Cum
543 1831 639 1859 vero
672 1818 777 1858 mori
810 1817 997 1871 deberet,
1039 1821 1165 1859 totam
1206 1817 1477 1859 hereditatem
1518 1816 1792 1872 primogenito
1823 1814 1881 1857 le-

193 1890 318 1944 gavit,
353 1889 530 1931 secundo
553 1888 636 1929 filio
670 1888 784 1930 dedit
815 1889 966 1941 omnia,
1001 1902 1079 1942 que
1110 1889 1151 1929 in
1175 1892 1362 1944 tempore
1385 1902 1457 1930 suo
1491 1887 1721 1943 acquisivit,
1754 1887 1881 1928 tercio

192 1961 276 2002 filio
301 1961 457 2002 scilicet
478 1960 629 2001 minori
652 1960 731 2001 tria
747 1960 900 2012 jocalia
922 1960 1108 2015 preciosa
1139 1960 1264 2013 dedit,
1299 1960 1455 2001 scilicet
1477 1959 1674 2001 annulum
1698 1971 1881 2011 aureum,

195 2032 346 2074 monile
379 2035 419 2074 et
452 2045 633 2086 pannum
668 2031 910 2086 preciosum.
967 2031 1157 2073 Annulus
1190 2031 1301 2073 illam
1335 2031 1530 2073 virtutem
1569 2030 1734 2084 habuit,
1775 2028 1883 2084 quod

125 2114 170 2148 25
196 2104 265 2159 qui
297 2104 434 2158 ipsum
467 2103 510 2143 in
533 2103 660 2156 digito
693 2102 895 2155 gestabat,
928 2103 1108 2155 graciam
1140 2103 1324 2144 omnium
1357 2101 1513 2155 habuit,
1546 2102 1752 2143 intantum
1776 2099 1884 2156 quod

197 2175 391 2230 quicquid
425 2174 475 2216 ab
499 2174 556 2215 eis
586 2177 745 2228 peteret
777 2172 1001 2225 obtineret,
1035 2173 1188 2216 monile
1219 2173 1332 2215 illam
1358 2174 1552 2216 virtutem
1586 2172 1742 2225 habuit,
1777 2171 1884 2227 quod

198 2247 266 2301 qui
314 2259 406 2287 eum
458 2245 499 2286 in
540 2249 706 2300 pectore
747 2244 940 2299 portabat
984 2245 1169 2299 quicquit
1208 2257 1278 2286 cor
1317 2259 1433 2286 suum
1477 2243 1739 2286 desiderabat
1776 2242 1884 2298 quod

198 2316 393 2373 possibile
432 2320 541 2358 esset
580 2316 796 2357 obtineret.
851 2315 1018 2357 Pannus
1060 2316 1172 2358 illam
1207 2317 1402 2358 virtutem
1443 2315 1605 2368 habuit,
1647 2313 1752 2369 quod
1797 2313 1886 2368 qui-

200 2401 374 2442 cumque
407 2401 531 2442 super
555 2401 647 2428 eum
680 2387 841 2429 sederet
873 2391 913 2428 et
944 2387 1055 2428 intra
1077 2401 1120 2428 se
1152 2387 1352 2441 cogitaret
1383 2387 1630 2441 ubicumque
1652 2398 1740 2427 esse
1764 2384 1888 2427 vellet

131 2470 176 2503 30
202 2460 336 2501 subito
369 2458 425 2500 ibi
459 2462 578 2500 esset.
629 2458 712 2499 Ista
733 2459 813 2500 tria
829 2457 983 2511 jocalia
1014 2458 1127 2500 dedit
1151 2458 1235 2499 filio
1261 2472 1334 2500 suo
1350 2458 1520 2512 juniori,
1553 2465 1599 2499 ut
1630 2456 1682 2498 ad
1704 2456 1886 2499 studium

202 2534 393 2586 pergeret
427 2534 466 2572 et
498 2533 631 2570 mater
663 2543 710 2570 ea
742 2529 968 2571 custodiret
999 2532 1040 2570 et
1070 2533 1255 2584 tempore
1288 2533 1519 2584 opportuno
1552 2528 1588 2570 ei
1627 2528 1764 2579 daret3
1804 2530 1910 2568 sta:

204 2601 362 2655 timque
395 2614 466 2642 rex
501 2600 693 2655 spiritum
726 2601 881 2653 emisit,
923 2600 990 2654 qui
1023 2600 1243 2642 honorifice
1277 2603 1339 2642 est
1377 2599 1574 2655 sepultus.
1631 2598 1724 2640 Duo
1763 2597 1889 2653 primi

203 2671 278 2713 filii
310 2672 396 2725 ejus
428 2671 565 2724 legata
597 2671 865 2725 occupabant,
898 2671 1049 2713 tercius
1071 2670 1179 2712 filius
1213 2670 1408 2712 annulum
1437 2684 1460 2712 a
1481 2673 1613 2712 matre
1643 2669 1812 2724 recepit,
1843 2671 1890 2710 ut

207 2743 257 2784 ad
291 2743 470 2784 studium
506 2745 715 2797 pergeret,
758 2743 822 2783 cui
855 2746 987 2783 mater
1019 2741 1143 2783 dixit:
1184 2741 1284 2794 Fili,
1325 2741 1543 2783 scienciam
1584 2741 1749 2794 acquire
1789 2742 1830 2782 et
1867 2752 1890 2780 a

136 2825 180 2858 35
207 2813 378 2855 muliere
411 2826 570 2865 caveas,
605 2826 654 2854 ne
685 2812 791 2853 forte
825 2812 1020 2854 annulum
1054 2812 1215 2867 perdas.
1263 2811 1464 2854 Jonathas
1497 2811 1694 2853 annulum
1717 2810 1889 2865 accepit,

209 2885 260 2925 ad
292 2885 473 2926 studium
515 2883 688 2925 accessit
728 2887 769 2924 et
807 2884 849 2924 in
883 2883 1060 2926 sciencia
1098 2884 1284 2938 profecit.
1339 2882 1438 2924 Post
1475 2882 1550 2925 hoc
1588 2882 1668 2925 cito
1713 2881 1888 2936 quadam

208 2955 274 2997 die
312 2956 354 2997 in
387 2955 525 3010 platea
558 2955 593 2997 ei
626 2953 801 3009 quedam
834 2955 971 3009 puella
1003 2955 1245 2997 occurrebat
1283 2954 1383 2996 satis
1420 2954 1620 3006 formosa,
1661 2957 1702 2995 et
1745 2955 1890 3008 captus
