1949 3162
953 70 1039 111 436

159 174 313 228 requiri
344 173 453 226 fecit,
486 173 556 214 sed
588 186 669 215 non
702 178 763 216 est
794 175 1008 225 inventus3
1040 173 1218 228 lapidem
1242 186 1378 216 secum
1401 174 1621 217 custodivit
1641 178 1682 217 et
1702 175 1827 217 vitam

159 245 200 286 in
234 257 333 300 pace
364 243 508 285 finivit.

276 315 561 357 Moralizacz'o.
625 314 850 369 Car-issimi,
884 329 955 357 rex
987 316 1064 358 iste
1097 318 1232 370 potest
1262 315 1342 357 dici
1374 315 1545 370 quilibet
1568 315 1688 357 homo
1711 329 1829 358 mun-

159 386 302 439 danus,
337 385 406 439 qui
437 388 598 427 tenetur
629 400 769 439 regere
801 400 844 428 se
876 386 1031 441 ipsum,
1065 390 1105 428 et
1135 390 1273 428 tamen
1306 399 1423 428 cecus
1456 390 1518 428 est
1549 390 1746 441 quantum
1779 386 1829 428 ad

113 464 134 498 5
159 456 411 512 spiritualia,
451 456 521 498 sed
554 457 695 499 videns
727 457 835 499 clare
867 461 1063 511 quantum
1101 457 1153 498 ad
1183 457 1438 512 temporalia.
1493 456 1705 512 Campana
1741 471 1830 500 sus·

158 540 287 583 pensa
327 530 388 569 est
425 527 565 581 lingua
605 528 894 582 predicatoris,
935 541 1011 582 que
1050 528 1171 571 certis
1211 527 1463 583 temporibus
1503 527 1623 570 debet
1659 527 1827 583 pulsari.

159 598 293 640 Corda
324 611 522 653 campane
555 602 616 640 est
647 612 763 641 sacra
799 599 1022 653 scriptura,
1066 613 1138 654 per
1171 612 1291 653 quam
1324 598 1556 653 predicator
1589 599 1709 642 habet
1740 599 1829 641 des-

158 669 350 722 cendere,
391 673 431 710 et
470 670 641 711 virtutes
682 673 802 724 atque
844 670 949 712 vicia
987 670 1200 723 intimare,
1241 670 1442 723 quomodo
1482 673 1716 725 peccatores
1756 683 1831 725 per

158 741 332 782 virtutes
372 743 563 794 poterunt
605 740 653 782 ad
694 741 825 782 celum
866 741 1104 794 ascendere,
1153 744 1193 782 et
1230 753 1302 795 per
1340 745 1508 795 peccata
1545 741 1588 782 in
1625 740 1830 791 infernum

91 817 134 851 10
157 811 340 853 introire.
400 810 598 865 Serpens,
639 812 707 865 qui
746 812 843 852 fecit
879 811 1021 853 nidum
1062 812 1135 854 sub
1167 811 1290 853 corda
1322 824 1498 867 capane,
1537 815 1598 853 est
1630 811 1830 854 discretus

158 882 379 935 confessor,
413 882 481 935 qui
514 882 636 923 habet
667 896 709 924 se
732 896 883 937 ponere
917 883 991 925 sub
1023 896 1141 924 sacra
1172 882 1377 937 scriptura
1410 887 1450 925 et
1480 883 1522 924 in
1554 882 1649 924 nido
1681 882 1707 924 i.
1732 896 1764 925 e.
1787 882 1830 924 in

158 953 279 994 corde
319 953 546 1007 peccatoris
579 952 712 1008 pullos
746 954 770 995 i.
795 967 828 995 e.
862 953 989 995 bonas
1026 954 1197 995 virtutes
1240 953 1476 1007 producere.
1537 952 1580 995 Si
1620 967 1715 996 vero
1757 952 1831 995 ali-

160 1024 249 1078 quis
288 1037 430 1065 sensus
463 1037 536 1078 per
568 1028 778 1079 peccatum
812 1025 866 1066 sit
896 1024 1133 1077 inviciatus,
1173 1025 1198 1065 i.
1223 1037 1256 1065 e.
1288 1024 1482 1078 infectus,
1516 1023 1638 1067 habet
1667 1024 1830 1066 cordam

159 1108 273 1137 sacre
314 1095 516 1150 scripture
556 1094 739 1149 pulsare,
781 1098 878 1137 tunc
910 1096 1038 1149 judex
1070 1096 1096 1136 i.
1121 1109 1153 1137 e.
1188 1095 1297 1136 racio
1330 1095 1450 1137 debet
1487 1095 1751 1149 descendere,
1791 1098 1832 1137 et

92 1170 134 1204 15
160 1167 298 1208 omnia
329 1180 402 1221 per
435 1179 572 1208 veram
606 1166 902 1208 confessionem
936 1170 1127 1208 excutere
1159 1170 1198 1207 et
1235 1166 1460 1219 corrigere,
1499 1166 1571 1208 sed
1609 1179 1705 1222 sepe
1736 1179 1831 1208 con-

159 1237 294 1290 tingit,
328 1237 435 1291 quod
467 1237 615 1292 prelati
647 1241 687 1279 et
708 1237 960 1279 confessores
991 1240 1087 1278 sunt
1107 1236 1236 1292 tepidi
1260 1241 1299 1279 et
1320 1236 1572 1291 negligentes
1594 1240 1635 1280 et
1655 1240 1832 1292 pergunt

160 1312 277 1350 extra
309 1308 359 1349 ad
391 1308 599 1349 mundana
630 1311 670 1349 et
702 1308 760 1349 sic
791 1308 945 1350 subditi
977 1311 1145 1350 manent
1175 1308 1216 1349 in
1248 1307 1448 1362 periculo,
1491 1308 1587 1362 quia
1617 1307 1713 1350 bufo
1743 1308 1769 1350 i.
1795 1321 1828 1350 e.

159 1378 344 1421 diabolus
382 1379 513 1420 locum
563 1382 745 1433 occupat.
806 1378 910 1428 Quid
959 1392 1054 1433 ergo
1095 1383 1157 1421 est
1195 1379 1455 1421 faciendum?
1496 1377 1585 1433 [85]
1628 1378 1746 1421 Certe
1784 1382 1831 1420 ut

159 1450 367 1492 confessor
408 1450 549 1492 redeat
587 1450 637 1491 ad
675 1453 930 1506 peccatorem
971 1450 1154 1492 ducendo
1201 1463 1338 1492 secum
1384 1448 1518 1504 pullos
1564 1450 1590 1492 i.
1620 1463 1654 1492 θ.
1703 1450 1829 1492 bonas

89 1525 133 1558 20
160 1521 344 1562 virtutes
392 1520 569 1576 Serpens
603 1520 725 1563 habet
756 1520 848 1574 duo,
882 1525 1019 1576 portat
1052 1534 1251 1563 venenum
1284 1519 1513 1575 penitencie
1541 1525 1582 1563 et
1602 1520 1829 1563 antidotum

160 1591 431 1634 absolucionis
478 1591 622 1633 salutis
670 1592 804 1633 anime
851 1595 891 1633 et
936 1591 1057 1634 debet
1103 1595 1247 1633 contra
1292 1591 1500 1633 diabolum
1546 1605 1730 1647 pugnare
1767 1591 1830 1634 in-

157 1662 371 1704 formando
410 1667 666 1717 peccatorem
707 1663 909 1717 quomodo
949 1662 1109 1725 diabolo
1150 1666 1211 1704 est
1250 1662 1524 1704 resistendum
1564 1666 1605 1705 et
1643 1663 1701 1705 sic
1738 1675 1829 1705 eum

159 1733 208 1775 de
240 1733 360 1775 corde
400 1734 625 1788 peccatoris
666 1733 858 1789 expelles.
915 1733 1074 1776 Deinde
1112 1747 1280 1789 serpens
1318 1733 1498 1788 lapidem
1540 1733 1719 1788 portavit
1753 1736 1828 1776 etc.

160 1805 218 1845 sic
250 1804 450 1845 discretus
482 1804 689 1846 confessor
721 1818 793 1859 per
816 1818 972 1847 sacram
1007 1804 1253 1859 scripturam
1284 1804 1404 1846 debet
1425 1804 1631 1860 peccatori
1651 1804 1830 1860 lapidem

91 1878 135 1912 25
161 1875 186 1916 i.
212 1888 244 1916 e.
270 1874 477 1916 Christum
512 1875 622 1929 dare,
655 1875 705 1917 de
736 1876 849 1929 cujus
882 1876 1033 1918 virtute
1059 1876 1192 1917 visum
1215 1875 1469 1931 spiritualem
1493 1878 1630 1931 potest
1649 1874 1832 1930 recipere

161 1949 201 1987 et
231 1959 304 2001 per
337 1959 589 2001 consequens
622 1947 749 1988 vitam
782 1951 964 1989 eternam
998 1947 1193 1989 obtinere.

821 2176 923 2218 CAP.
950 2178 1044 2219 106.
1079 2177 1182 2228 (98.)

165 2259 299 2319 Quod
343 2267 404 2305 est
438 2261 715 2320 viyc‘landum
752 2268 908 2308 contra
933 2263 1131 2323 fraudes
1175 2263 1364 2316 diaboli,
1411 2278 1466 2309 ne
1509 2279 1593 2309 nos
1630 2265 1830 2324 decipiat.

281 2367 387 2410 Olim
421 2372 537 2411 erant
568 2373 650 2411 tres
683 2370 796 2424 socii,
830 2371 898 2425 qui
931 2370 982 2412 ad
1007 2371 1351 2426 peregrinandum
1375 2371 1611 2426 pergebant.
1653 2371 1830 2425 Accidit,

93 2443 138 2477 30
164 2439 271 2492 quod
310 2439 464 2481 cibaria
504 2444 640 2494 preter
681 2454 804 2482 unum
845 2455 993 2496 panem
1033 2442 1216 2484 invenire
1254 2455 1336 2483 non
1381 2446 1592 2497 poterant,
1637 2446 1678 2484 et
1715 2444 1833 2484 erant

163 2510 341 2551 famelici
374 2510 505 2563 valde,
539 2510 731 2553 dixerunt
762 2512 1009 2555 adinvicem:
1044 2512 1087 2554 Si
1119 2513 1196 2555 iste
1228 2513 1347 2568 panis
1378 2513 1421 2554 in
1453 2518 1535 2555 tres
1559 2516 1696 2568 partes
1727 2513 1831 2555 divi-

163 2580 305 2634 datur,
360 2581 578 2634 unicuique
631 2595 725 2636 pars
772 2596 853 2624 non
900 2582 1104 2626 sufficeret
1150 2597 1199 2625 ex
1246 2584 1398 2625 nostris
1444 2583 1494 2625 ad
1541 2583 1830 2636 saturandum3

164 2651 386 2693 habeamus
428 2665 522 2704 ergo
563 2665 708 2693 sanum
748 2653 981 2707 consilium,
1022 2654 1224 2709 quomodo
1264 2654 1483 2697 debeamus
1523 2654 1572 2696 de
1610 2654 1690 2696 isto
1726 2666 1832 2709 pane

165 2721 393 2777 disponere.
448 2722 521 2763 Ait
559 2736 684 2764 unus:
723 2722 800 2765 Hic
837 2724 879 2765 in
918 2725 984 2766 via
1022 2724 1270 2766 dormiemus
1311 2729 1351 2767 et
1391 2723 1562 2779 quilibet
1597 2725 1832 2780 sompnium

96 2797 140 2831 35
165 2791 324 2846 habeat,
358 2796 399 2835 et
430 2794 499 2847 qui
530 2794 662 2847 majus
695 2793 880 2837 mirabile
912 2795 1073 2848 viderit,
1105 2794 1174 2836 ille
1204 2799 1334 2837 totum
1367 2808 1515 2850 panem
1547 2795 1706 2838 habeat.
1754 2794 1831 2838 Re-

167 2863 424 2917 sponderunt
442 2863 511 2905 alii
533 2864 632 2905 duo:
656 2863 812 2906 Bonum
837 2870 899 2907 est
919 2865 1148 2907 consilium.
1189 2865 1244 2907 Et
1258 2866 1500 2921 inceperunt
1515 2866 1705 2908 dormire.
1744 2865 1830 2920 Ille,

168 2934 237 2988 qui
267 2935 481 2976 consilium
515 2935 696 2988 dederat,
729 2936 908 2978 surrexit
938 2940 978 2978 et
1008 2936 1110 2991 ipsis
1142 2935 1437 2979 dormientibus
1468 2950 1618 2992 panem
1651 2935 1832 2979 totaliter
