<?xml version="1.0" encoding="UTF-8"?>
<!DOCTYPE html PUBLIC "-//W3C//DTD XHTML 1.0 Transitional//EN"
    "http://www.w3.org/TR/xhtml1/DTD/xhtml1-transitional.dtd">
<html xmlns="http://www.w3.org/1999/xhtml" xml:lang="en" lang="en">
 <head>
  <title>
</title>
<meta http-equiv="Content-Type" content="text/html;charset=utf-8" />
  <meta name='ocr-system' content='tesseract 3.04.00' />
  <meta name='ocr-capabilities' content='ocr_page ocr_carea ocr_par ocr_line ocrx_word'/>
</head>
<body>
  <div class='ocr_page' id='page_1' title='image "./gestaromanorum00oestuoft_0442.png"; bbox 0 0 1949 3162; ppageno 0'>
   <div class='ocr_carea' id='block_1_1' title="bbox 977 50 1063 92">
    <p class='ocr_par' dir='ltr' id='par_1_1' title="bbox 977 50 1063 92">
     <span class='ocr_line' id='line_1_1' title="bbox 977 50 1063 92; baseline 0.012 -1"><span class='ocrx_word' id='word_1_1' title='bbox 977 50 1063 92; x_wconf 82' lang='lat'><strong>420</strong></span> 
     </span>
    </p>
   </div>
   <div class='ocr_carea' id='block_1_2' title="bbox 116 155 1867 1558">
    <p class='ocr_par' dir='ltr' id='par_1_2' title="bbox 116 155 1867 1558">
     <span class='ocr_line' id='line_1_2' title="bbox 183 155 1855 211; baseline 0.001 -15"><span class='ocrx_word' id='word_1_2' title='bbox 183 155 341 197; x_wconf 90' lang='lat' dir='ltr'><strong>modico</strong></span> <span class='ocrx_word' id='word_1_3' title='bbox 381 158 566 210; x_wconf 88' lang='lat' dir='ltr'><strong>tempore</strong></span> <span class='ocrx_word' id='word_1_4' title='bbox 604 156 717 198; x_wconf 82' lang='lat' dir='ltr'><strong>misit</strong></span> <span class='ocrx_word' id='word_1_5' title='bbox 756 156 813 198; x_wconf 88' lang='lat' dir='ltr'><strong>eis</strong></span> <span class='ocrx_word' id='word_1_6' title='bbox 856 158 974 210; x_wconf 90' lang='lat' dir='ltr'><strong>pater</strong></span> <span class='ocrx_word' id='word_1_7' title='bbox 1012 155 1192 209; x_wconf 73' lang='lat' dir='ltr'>litteras,</span> <span class='ocrx_word' id='word_1_8' title='bbox 1233 160 1278 197; x_wconf 92' lang='lat' dir='ltr'><strong>ut</strong></span> <span class='ocrx_word' id='word_1_9' title='bbox 1317 156 1368 197; x_wconf 89' lang='lat' dir='ltr'><strong>ad</strong></span> <span class='ocrx_word' id='word_1_10' title='bbox 1407 156 1575 211; x_wconf 85' lang='lat' dir='ltr'><strong>propria</strong></span> <span class='ocrx_word' id='word_1_11' title='bbox 1612 159 1855 198; x_wconf 81' lang='lat' dir='ltr'><strong>remearent.</strong></span> 
     </span>
     <span class='ocr_line' id='line_1_3' title="bbox 182 225 1858 282; baseline 0.001 -15"><span class='ocrx_word' id='word_1_12' title='bbox 182 225 348 268; x_wconf 79' lang='lat' dir='ltr'><strong>Fratres</strong></span> <span class='ocrx_word' id='word_1_13' title='bbox 379 225 459 267; x_wconf 89' lang='lat' dir='ltr'><strong>hiis</strong></span> <span class='ocrx_word' id='word_1_14' title='bbox 492 226 642 268; x_wconf 91' lang='lat' dir='ltr'><strong>auditis</strong></span> <span class='ocrx_word' id='word_1_15' title='bbox 675 226 725 268; x_wconf 89' lang='lat' dir='ltr'><strong>ad</strong></span> <span class='ocrx_word' id='word_1_16' title='bbox 758 227 933 282; x_wconf 88' lang='lat' dir='ltr'><strong>patriam</strong></span> <span class='ocrx_word' id='word_1_17' title='bbox 975 230 1313 281; x_wconf 87' lang='lat' dir='ltr'><strong>properaverunt.</strong></span> <span class='ocrx_word' id='word_1_18' title='bbox 1383 225 1496 268; x_wconf 91' lang='lat' dir='ltr'><strong>Unus</strong></span> <span class='ocrx_word' id='word_1_19' title='bbox 1535 227 1709 268; x_wconf 82' lang='lat' dir='ltr'><strong>fratrum</strong></span> <span class='ocrx_word' id='word_1_20' title='bbox 1741 225 1858 269; x_wconf 85' lang='lat' dir='ltr'><strong>valde</strong></span> 
     </span>
     <span class='ocr_line' id='line_1_4' title="bbox 182 296 1860 353; baseline 0.001 -15"><span class='ocrx_word' id='word_1_21' title='bbox 182 296 289 339; x_wconf 88' lang='lat' dir='ltr'><strong>letus</strong></span> <span class='ocrx_word' id='word_1_22' title='bbox 335 300 396 338; x_wconf 91' lang='lat' dir='ltr'><strong>est</strong></span> <span class='ocrx_word' id='word_1_23' title='bbox 441 296 490 339; x_wconf 91' lang='lat' dir='ltr'><strong>de</strong></span> <span class='ocrx_word' id='word_1_24' title='bbox 530 298 765 339; x_wconf 87' lang='lat' dir='ltr'><strong>reversione</strong></span> <span class='ocrx_word' id='word_1_25' title='bbox 815 301 856 339; x_wconf 87' lang='lat' dir='ltr'><strong>et</strong></span> <span class='ocrx_word' id='word_1_26' title='bbox 894 310 985 338; x_wconf 88' lang='lat' dir='ltr'><strong>cum</strong></span> <span class='ocrx_word' id='word_1_27' title='bbox 1024 298 1148 339; x_wconf 88' lang='lat' dir='ltr'><strong>rediit</strong></span> <span class='ocrx_word' id='word_1_28' title='bbox 1186 311 1277 340; x_wconf 89' lang='lat' dir='ltr'><strong>cum</strong></span> <span class='ocrx_word' id='word_1_29' title='bbox 1319 297 1457 340; x_wconf 90' lang='lat' dir='ltr'><strong>leticia</strong></span> <span class='ocrx_word' id='word_1_30' title='bbox 1494 302 1682 353; x_wconf 86' lang='lat' dir='ltr'><strong>receptus</strong></span> <span class='ocrx_word' id='word_1_31' title='bbox 1721 301 1783 340; x_wconf 85' lang='lat' dir='ltr'><strong>est</strong></span> <span class='ocrx_word' id='word_1_32' title='bbox 1819 301 1860 340; x_wconf 85' lang='lat' dir='ltr'><strong>et</strong></span> 
     </span>
     <span class='ocr_line' id='line_1_5' title="bbox 182 367 1859 411; baseline 0.001 -2"><span class='ocrx_word' id='word_1_33' title='bbox 182 367 224 409; x_wconf 92' lang='lat' dir='ltr'><strong>in</strong></span> <span class='ocrx_word' id='word_1_34' title='bbox 257 367 528 410; x_wconf 82' lang='lat' dir='ltr'><strong>hereditatem</strong></span> <span class='ocrx_word' id='word_1_35' title='bbox 571 368 817 410; x_wconf 88' lang='lat' dir='ltr'><strong>constitutus</strong></span> <span class='ocrx_word' id='word_1_36' title='bbox 857 372 931 410; x_wconf 91' lang='lat' dir='ltr'><strong>est.</strong></span> <span class='ocrx_word' id='word_1_37' title='bbox 999 369 1117 410; x_wconf 86' lang='lat' dir='ltr'><strong>Alter</strong></span> <span class='ocrx_word' id='word_1_38' title='bbox 1154 369 1281 411; x_wconf 86' lang='lat' dir='ltr'><strong>frater</strong></span> <span class='ocrx_word' id='word_1_39' title='bbox 1320 368 1369 410; x_wconf 91' lang='lat' dir='ltr'><strong>de</strong></span> <span class='ocrx_word' id='word_1_40' title='bbox 1399 370 1633 411; x_wconf 83' lang='lat' dir='ltr'><strong>reversione</strong></span> <span class='ocrx_word' id='word_1_41' title='bbox 1671 368 1859 411; x_wconf 87' lang='lat' dir='ltr'><strong>turbatus</strong></span> 
     </span>
     <span class='ocr_line' id='line_1_6' title="bbox 136 437 1858 494; baseline 0.002 -15"><span class='ocrx_word' id='word_1_42' title='bbox 136 446 157 480; x_wconf 99' lang='grc'>5</span> <span class='ocrx_word' id='word_1_43' title='bbox 184 442 244 480; x_wconf 87' lang='lat' dir='ltr'><strong>est</strong></span> <span class='ocrx_word' id='word_1_44' title='bbox 282 438 412 480; x_wconf 89' lang='lat' dir='ltr'><strong>valde.</strong></span> <span class='ocrx_word' id='word_1_45' title='bbox 483 437 559 488; x_wconf 85' lang='lat' dir='ltr'><strong>Qui</strong></span> <span class='ocrx_word' id='word_1_46' title='bbox 600 439 695 481; x_wconf 90' lang='lat' dir='ltr'><strong>dum</strong></span> <span class='ocrx_word' id='word_1_47' title='bbox 729 439 870 492; x_wconf 80' lang='lat' dir='ltr'><strong>rediit,</strong></span> <span class='ocrx_word' id='word_1_48' title='bbox 913 443 1043 481; x_wconf 87' lang='lat' dir='ltr'><strong>mater</strong></span> <span class='ocrx_word' id='word_1_49' title='bbox 1076 441 1161 494; x_wconf 91' lang='lat' dir='ltr'><strong>ejus</strong></span> <span class='ocrx_word' id='word_1_50' title='bbox 1194 453 1410 481; x_wconf 86' lang='lat' dir='ltr'><strong>occurrens</strong></span> <span class='ocrx_word' id='word_1_51' title='bbox 1443 440 1627 482; x_wconf 87' lang='lat' dir='ltr'><strong>osculata</strong></span> <span class='ocrx_word' id='word_1_52' title='bbox 1659 444 1721 482; x_wconf 89' lang='lat' dir='ltr'><strong>est</strong></span> <span class='ocrx_word' id='word_1_53' title='bbox 1751 453 1858 493; x_wconf 78' lang='lat' dir='ltr'><strong>eum,</strong></span> 
     </span>
     <span class='ocr_line' id='line_1_7' title="bbox 183 509 1859 565; baseline 0.001 -15"><span class='ocrx_word' id='word_1_54' title='bbox 183 514 223 551; x_wconf 89' lang='lat' dir='ltr'><strong>et</strong></span> <span class='ocrx_word' id='word_1_55' title='bbox 262 509 482 551; x_wconf 90' lang='lat' dir='ltr'><strong>osculando</strong></span> <span class='ocrx_word' id='word_1_56' title='bbox 523 523 566 552; x_wconf 88' lang='lat' dir='ltr'><strong>os</strong></span> <span class='ocrx_word' id='word_1_57' title='bbox 610 511 695 564; x_wconf 89' lang='lat' dir='ltr'><strong>ejus</strong></span> <span class='ocrx_word' id='word_1_58' title='bbox 736 511 821 564; x_wconf 87' lang='lat' dir='ltr'><strong>ejus</strong></span> <span class='ocrx_word' id='word_1_59' title='bbox 860 510 1050 552; x_wconf 89' lang='lat' dir='ltr'><strong>dentibus</strong></span> <span class='ocrx_word' id='word_1_60' title='bbox 1098 511 1268 553; x_wconf 87' lang='lat' dir='ltr'><strong>abstulit</strong></span> <span class='ocrx_word' id='word_1_61' title='bbox 1306 524 1420 552; x_wconf 86' lang='lat' dir='ltr'><strong>soror</strong></span> <span class='ocrx_word' id='word_1_62' title='bbox 1451 510 1632 565; x_wconf 85' lang='lat' dir='ltr'><strong>&#39;sequens</strong></span> <span class='ocrx_word' id='word_1_63' title='bbox 1671 514 1859 564; x_wconf 79' lang='lat' dir='ltr'><strong>matrem,</strong></span> 
     </span>
     <span class='ocr_line' id='line_1_8' title="bbox 182 580 1860 636; baseline 0 -14"><span class='ocrx_word' id='word_1_64' title='bbox 182 580 323 623; x_wconf 91' lang='lat' dir='ltr'><strong>volens</strong></span> <span class='ocrx_word' id='word_1_65' title='bbox 364 580 539 622; x_wconf 88' lang='lat' dir='ltr'><strong>osculari</strong></span> <span class='ocrx_word' id='word_1_66' title='bbox 581 595 694 635; x_wconf 73' lang='lat' dir='ltr'><strong>eum,</strong></span> <span class='ocrx_word' id='word_1_67' title='bbox 735 581 905 624; x_wconf 89' lang='lat' dir='ltr'><strong>abstulit</strong></span> <span class='ocrx_word' id='word_1_68' title='bbox 944 582 980 623; x_wconf 92' lang='lat' dir='ltr'><strong>ei</strong></span> <span class='ocrx_word' id='word_1_69' title='bbox 1021 596 1188 635; x_wconf 73' lang='lat' dir='ltr'><strong>nasum,</strong></span> <span class='ocrx_word' id='word_1_70' title='bbox 1235 582 1362 623; x_wconf 87' lang='lat' dir='ltr'><strong>frater</strong></span> <span class='ocrx_word' id='word_1_71' title='bbox 1400 595 1573 636; x_wconf 77' lang='lat' dir='ltr'><strong>sequens</strong></span> <span class='ocrx_word' id='word_1_72' title='bbox 1615 581 1785 624; x_wconf 89' lang='lat' dir='ltr'><strong>abstulit</strong></span> <span class='ocrx_word' id='word_1_73' title='bbox 1824 581 1860 623; x_wconf 93' lang='lat' dir='ltr'><strong>ei</strong></span> 
     </span>
     <span class='ocr_line' id='line_1_9' title="bbox 184 651 1829 708; baseline 0.001 -15"><span class='ocrx_word' id='word_1_74' title='bbox 184 651 335 705; x_wconf 79' lang='lat' dir='ltr'><strong>oculos,</strong></span> <span class='ocrx_word' id='word_1_75' title='bbox 368 656 487 706; x_wconf 87' lang='lat' dir='ltr'><strong>pater</strong></span> <span class='ocrx_word' id='word_1_76' title='bbox 519 652 739 694; x_wconf 86' lang='lat' dir='ltr'><strong>adveniens</strong></span> <span class='ocrx_word' id='word_1_77' title='bbox 772 652 910 707; x_wconf 84' lang='lat' dir='ltr'><strong>rapuit</strong></span> <span class='ocrx_word' id='word_1_78' title='bbox 942 666 1034 694; x_wconf 89' lang='lat' dir='ltr'><strong>eum</strong></span> <span class='ocrx_word' id='word_1_79' title='bbox 1067 666 1140 708; x_wconf 88' lang='lat' dir='ltr'><strong>per</strong></span> <span class='ocrx_word' id='word_1_80' title='bbox 1170 652 1340 707; x_wconf 86' lang='lat' dir='ltr'><strong>capillos</strong></span> <span class='ocrx_word' id='word_1_81' title='bbox 1373 657 1413 695; x_wconf 94' lang='lat' dir='ltr'><strong>et</strong></span> <span class='ocrx_word' id='word_1_82' title='bbox 1444 652 1592 708; x_wconf 89' lang='lat' dir='ltr'><strong>pellem</strong></span> <span class='ocrx_word' id='word_1_83' title='bbox 1616 652 1829 695; x_wconf 80' lang='lat' dir='ltr'><strong>abstraxit.</strong></span> 
     </span>
     <span class='ocr_line' id='line_1_10' title="bbox 301 721 1860 778; baseline 0 -14"><span class='ocrx_word' id='word_1_84' title='bbox 301 721 536 776; x_wconf 76' lang='lat' dir='ltr'><strong>Carissimi‚</strong></span> <span class='ocrx_word' id='word_1_85' title='bbox 570 723 648 765; x_wconf 91' lang='lat' dir='ltr'><strong>iste</strong></span> <span class='ocrx_word' id='word_1_86' title='bbox 681 723 793 765; x_wconf 89' lang='lat' dir='ltr'><strong>dives</strong></span> <span class='ocrx_word' id='word_1_87' title='bbox 827 727 888 765; x_wconf 90' lang='lat' dir='ltr'><strong>est</strong></span> <span class='ocrx_word' id='word_1_88' title='bbox 920 723 1031 777; x_wconf 61' lang='lat' dir='ltr'><strong>dem,</strong></span> <span class='ocrx_word' id='word_1_89' title='bbox 1067 724 1135 778; x_wconf 80' lang='lat' dir='ltr'><strong>qui</strong></span> <span class='ocrx_word' id='word_1_90' title='bbox 1169 724 1269 765; x_wconf 86' lang='lat' dir='ltr'><strong>duos</strong></span> <span class='ocrx_word' id='word_1_91' title='bbox 1301 723 1405 765; x_wconf 89' lang='lat' dir='ltr'><strong>filios</strong></span> <span class='ocrx_word' id='word_1_92' title='bbox 1438 724 1551 765; x_wconf 89' lang='lat' dir='ltr'><strong>misit</strong></span> <span class='ocrx_word' id='word_1_93' title='bbox 1583 723 1633 765; x_wconf 90' lang='lat' dir='ltr'><strong>ad</strong></span> <span class='ocrx_word' id='word_1_94' title='bbox 1665 723 1860 777; x_wconf 83' lang='lat' dir='ltr'><strong>studium,</strong></span> 
     </span>
     <span class='ocr_line' id='line_1_11' title="bbox 116 792 1861 849; baseline 0.002 -16"><span class='ocrx_word' id='word_1_95' title='bbox 116 798 158 832; x_wconf 90' lang='lat'><strong>10</strong></span> <span class='ocrx_word' id='word_1_96' title='bbox 184 792 341 835; x_wconf 89' lang='lat' dir='ltr'><strong>scilicet</strong></span> <span class='ocrx_word' id='word_1_97' title='bbox 372 806 519 848; x_wconf 88' lang='lat' dir='ltr'><strong>corpus</strong></span> <span class='ocrx_word' id='word_1_98' title='bbox 553 799 592 836; x_wconf 93' lang='lat' dir='ltr'><strong>et</strong></span> <span class='ocrx_word' id='word_1_99' title='bbox 631 795 832 848; x_wconf 78' lang='lat' dir='ltr'><strong>animam,</strong></span> <span class='ocrx_word' id='word_1_100' title='bbox 873 799 918 836; x_wconf 90' lang='lat' dir='ltr'><strong>ut</strong></span> <span class='ocrx_word' id='word_1_101' title='bbox 955 795 1167 837; x_wconf 87' lang='lat' dir='ltr'><strong>studerent</strong></span> <span class='ocrx_word' id='word_1_102' title='bbox 1198 795 1238 836; x_wconf 91' lang='lat' dir='ltr'><strong>in</strong></span> <span class='ocrx_word' id='word_1_103' title='bbox 1272 794 1392 836; x_wconf 84' lang='lat' dir='ltr'><strong>scolis</strong></span> <span class='ocrx_word' id='word_1_104' title='bbox 1424 794 1543 849; x_wconf 87' lang='lat' dir='ltr'><strong>hujus</strong></span> <span class='ocrx_word' id='word_1_105' title='bbox 1575 794 1717 837; x_wconf 89' lang='lat' dir='ltr'><strong>mundi</strong></span> <span class='ocrx_word' id='word_1_106' title='bbox 1749 799 1789 836; x_wconf 91' lang='lat' dir='ltr'><strong>et</strong></span> <span class='ocrx_word' id='word_1_107' title='bbox 1819 795 1861 836; x_wconf 88' lang='lat' dir='ltr'><strong>in</strong></span> 
     </span>
     <span class='ocr_line' id='line_1_12' title="bbox 184 863 1861 920; baseline 0.002 -16"><span class='ocrx_word' id='word_1_108' title='bbox 184 863 301 905; x_wconf 90' lang='lat' dir='ltr'><strong>bonis</strong></span> <span class='ocrx_word' id='word_1_109' title='bbox 335 864 526 919; x_wconf 85' lang='lat' dir='ltr'><strong>operibus</strong></span> <span class='ocrx_word' id='word_1_110' title='bbox 567 865 831 920; x_wconf 74' lang='lat' dir='ltr'><strong>proficerent,</strong></span> <span class='ocrx_word' id='word_1_111' title='bbox 874 870 914 908; x_wconf 89' lang='lat' dir='ltr'><strong>et</strong></span> <span class='ocrx_word' id='word_1_112' title='bbox 945 866 1003 907; x_wconf 86' lang='lat' dir='ltr'><strong>sic</strong></span> <span class='ocrx_word' id='word_1_113' title='bbox 1036 870 1219 908; x_wconf 88' lang='lat' dir='ltr'><strong>eternam</strong></span> <span class='ocrx_word' id='word_1_114' title='bbox 1255 866 1378 907; x_wconf 86' lang='lat' dir='ltr'><strong>vitam</strong></span> <span class='ocrx_word' id='word_1_115' title='bbox 1413 866 1569 908; x_wconf 85' lang='lat' dir='ltr'><strong>scilicet</strong></span> <span class='ocrx_word' id='word_1_116' title='bbox 1599 866 1861 908; x_wconf 84' lang='lat' dir='ltr'><strong>heriditatem</strong></span> 
     </span>
     <span class='ocr_line' id='line_1_13' title="bbox 182 935 1860 991; baseline 0.001 -15"><span class='ocrx_word' id='word_1_117' title='bbox 182 935 453 990; x_wconf 87' lang='lat' dir='ltr'><strong>possiderent.</strong></span> <span class='ocrx_word' id='word_1_118' title='bbox 533 935 688 978; x_wconf 89' lang='lat' dir='ltr'><strong>Littere</strong></span> <span class='ocrx_word' id='word_1_119' title='bbox 734 942 829 979; x_wconf 90' lang='lat' dir='ltr'><strong>sunt</strong></span> <span class='ocrx_word' id='word_1_120' title='bbox 874 950 1004 988; x_wconf 82' lang='lat' dir='ltr'><strong>mors3</strong></span> <span class='ocrx_word' id='word_1_121' title='bbox 1053 937 1125 979; x_wconf 87' lang='lat' dir='ltr'><strong>hec</strong></span> <span class='ocrx_word' id='word_1_122' title='bbox 1170 936 1309 978; x_wconf 82' lang='lat' dir='ltr'><strong>littera</strong></span> <span class='ocrx_word' id='word_1_123' title='bbox 1357 938 1554 991; x_wconf 79' lang='lat' dir='ltr'><strong>mittitur,</strong></span> <span class='ocrx_word' id='word_1_124' title='bbox 1603 937 1699 978; x_wconf 91' lang='lat' dir='ltr'><strong>dum</strong></span> <span class='ocrx_word' id='word_1_125' title='bbox 1739 936 1860 978; x_wconf 91' lang='lat' dir='ltr'><strong>homo</strong></span> 
     </span>
     <span class='ocr_line' id='line_1_14' title="bbox 184 1007 1864 1063; baseline 0.001 -16"><span class='ocrx_word' id='word_1_126' title='bbox 184 1007 371 1048; x_wconf 89' lang='lat' dir='ltr'><strong>moritur.</strong></span> <span class='ocrx_word' id='word_1_127' title='bbox 442 1007 594 1048; x_wconf 89' lang='lat' dir='ltr'><strong>Anima</strong></span> <span class='ocrx_word' id='word_1_128' title='bbox 632 1008 814 1060; x_wconf 90' lang='lat' dir='ltr'><strong>gaudens</strong></span> <span class='ocrx_word' id='word_1_129' title='bbox 855 1008 904 1049; x_wconf 92' lang='lat' dir='ltr'><strong>ad</strong></span> <span class='ocrx_word' id='word_1_130' title='bbox 938 1008 1058 1050; x_wconf 90' lang='lat' dir='ltr'><strong>deum</strong></span> <span class='ocrx_word' id='word_1_131' title='bbox 1101 1008 1226 1060; x_wconf 80' lang='lat' dir='ltr'><strong>redit,</strong></span> <span class='ocrx_word' id='word_1_132' title='bbox 1271 1022 1347 1062; x_wconf 85' lang='lat' dir='ltr'><strong>que</strong></span> <span class='ocrx_word' id='word_1_133' title='bbox 1387 1008 1562 1050; x_wconf 86' lang='lat' dir='ltr'><strong>letanter</strong></span> <span class='ocrx_word' id='word_1_134' title='bbox 1594 1008 1792 1063; x_wconf 70' lang='lat' dir='ltr'><strong>recipitur</strong></span> <span class='ocrx_word' id='word_1_135' title='bbox 1824 1011 1864 1049; x_wconf 86' lang='lat' dir='ltr'><strong>et</strong></span> 
     </span>
     <span class='ocr_line' id='line_1_15' title="bbox 184 1078 1864 1132; baseline 0.001 -13"><span class='ocrx_word' id='word_1_136' title='bbox 184 1078 226 1119; x_wconf 89' lang='lat' dir='ltr'><strong>in</strong></span> <span class='ocrx_word' id='word_1_137' title='bbox 273 1078 542 1120; x_wconf 86' lang='lat' dir='ltr'><strong>hereditatem</strong></span> <span class='ocrx_word' id='word_1_138' title='bbox 590 1079 866 1121; x_wconf 89' lang='lat' dir='ltr'><strong>constituitur.</strong></span> <span class='ocrx_word' id='word_1_139' title='bbox 950 1078 1095 1120; x_wconf 86' lang='lat' dir='ltr'><strong>Frater</strong></span> <span class='ocrx_word' id='word_1_140' title='bbox 1142 1078 1265 1131; x_wconf 64' lang='lat' dir='ltr'><strong>alter7</strong></span> <span class='ocrx_word' id='word_1_141' title='bbox 1315 1079 1382 1132; x_wconf 87' lang='lat' dir='ltr'><strong>qui</strong></span> <span class='ocrx_word' id='word_1_142' title='bbox 1429 1079 1582 1121; x_wconf 89' lang='lat' dir='ltr'><strong>invitus</strong></span> <span class='ocrx_word' id='word_1_143' title='bbox 1630 1079 1754 1132; x_wconf 83' lang='lat' dir='ltr'><strong>redit,</strong></span> <span class='ocrx_word' id='word_1_144' title='bbox 1802 1082 1864 1121; x_wconf 92' lang='lat' dir='ltr'><strong>est</strong></span> 
     </span>
     <span class='ocr_line' id='line_1_16' title="bbox 118 1149 1864 1204; baseline 0.002 -16"><span class='ocrx_word' id='word_1_145' title='bbox 118 1153 159 1187; x_wconf 84' lang='lat'><strong>15</strong></span> <span class='ocrx_word' id='word_1_146' title='bbox 185 1162 346 1204; x_wconf 77' lang='lat' dir='ltr'><strong>corpus,</strong></span> <span class='ocrx_word' id='word_1_147' title='bbox 380 1150 449 1203; x_wconf 88' lang='lat' dir='ltr'><strong>qui</strong></span> <span class='ocrx_word' id='word_1_148' title='bbox 482 1149 531 1192; x_wconf 92' lang='lat' dir='ltr'><strong>de</strong></span> <span class='ocrx_word' id='word_1_149' title='bbox 553 1150 787 1192; x_wconf 85' lang='lat' dir='ltr'><strong>reversione</strong></span> <span class='ocrx_word' id='word_1_150' title='bbox 821 1149 1021 1203; x_wconf 77' lang='lat' dir='ltr'><strong>turbatur,</strong></span> <span class='ocrx_word' id='word_1_151' title='bbox 1054 1163 1127 1192; x_wconf 86' lang='lat' dir='ltr'><strong>nec</strong></span> <span class='ocrx_word' id='word_1_152' title='bbox 1159 1151 1324 1203; x_wconf 72' lang='lat' dir='ltr'><strong>mirum,</strong></span> <span class='ocrx_word' id='word_1_153' title='bbox 1359 1151 1454 1204; x_wconf 88' lang='lat' dir='ltr'><strong>quia</strong></span> <span class='ocrx_word' id='word_1_154' title='bbox 1485 1150 1716 1192; x_wconf 88' lang='lat' dir='ltr'><strong>miserrime</strong></span> <span class='ocrx_word' id='word_1_155' title='bbox 1741 1149 1864 1192; x_wconf 87' lang='lat' dir='ltr'><strong>collo-</strong></span> 
     </span>
     <span class='ocr_line' id='line_1_17' title="bbox 185 1219 1866 1276; baseline 0.001 -14"><span class='ocrx_word' id='word_1_156' title='bbox 185 1224 313 1263; x_wconf 89' lang='lat' dir='ltr'><strong>catur.</strong></span> <span class='ocrx_word' id='word_1_157' title='bbox 392 1219 516 1262; x_wconf 85' lang='lat' dir='ltr'><strong>Soror</strong></span> <span class='ocrx_word' id='word_1_158' title='bbox 557 1224 597 1263; x_wconf 92' lang='lat' dir='ltr'><strong>et</strong></span> <span class='ocrx_word' id='word_1_159' title='bbox 635 1221 784 1263; x_wconf 88' lang='lat' dir='ltr'><strong>fratres</strong></span> <span class='ocrx_word' id='word_1_160' title='bbox 825 1224 920 1262; x_wconf 92' lang='lat' dir='ltr'><strong>sunt</strong></span> <span class='ocrx_word' id='word_1_161' title='bbox 958 1221 1128 1263; x_wconf 87' lang='lat' dir='ltr'><strong>bufones</strong></span> <span class='ocrx_word' id='word_1_162' title='bbox 1169 1226 1209 1263; x_wconf 93' lang='lat' dir='ltr'><strong>et</strong></span> <span class='ocrx_word' id='word_1_163' title='bbox 1255 1225 1486 1276; x_wconf 70' lang='lat' dir='ltr'><strong>serpentes,</strong></span> <span class='ocrx_word' id='word_1_164' title='bbox 1534 1222 1602 1276; x_wconf 89' lang='lat' dir='ltr'><strong>qui</strong></span> <span class='ocrx_word' id='word_1_165' title='bbox 1639 1235 1787 1263; x_wconf 90' lang='lat' dir='ltr'><strong>nasum</strong></span> <span class='ocrx_word' id='word_1_166' title='bbox 1825 1224 1866 1262; x_wconf 85' lang='lat' dir='ltr'><strong>et</strong></span> 
     </span>
     <span class='ocr_line' id='line_1_18' title="bbox 186 1291 1867 1347; baseline -0.001 -13"><span class='ocrx_word' id='word_1_167' title='bbox 186 1291 323 1334; x_wconf 89' lang='lat' dir='ltr'><strong>oculos</strong></span> <span class='ocrx_word' id='word_1_168' title='bbox 356 1291 588 1334; x_wconf 89' lang='lat' dir='ltr'><strong>corrodunt.</strong></span> <span class='ocrx_word' id='word_1_169' title='bbox 659 1291 783 1334; x_wconf 89' lang='lat' dir='ltr'><strong>Pater</strong></span> <span class='ocrx_word' id='word_1_170' title='bbox 815 1297 877 1334; x_wconf 89' lang='lat' dir='ltr'><strong>est</strong></span> <span class='ocrx_word' id='word_1_171' title='bbox 908 1293 1082 1347; x_wconf 88' lang='lat' dir='ltr'><strong>putredo</strong></span> <span class='ocrx_word' id='word_1_172' title='bbox 1115 1296 1237 1345; x_wconf 70' lang='lat' dir='ltr'><strong>terre,</strong></span> <span class='ocrx_word' id='word_1_173' title='bbox 1276 1306 1352 1346; x_wconf 88' lang='lat' dir='ltr'><strong>que</strong></span> <span class='ocrx_word' id='word_1_174' title='bbox 1385 1292 1555 1347; x_wconf 80' lang='lat' dir='ltr'><strong>capillos</strong></span> <span class='ocrx_word' id='word_1_175' title='bbox 1587 1297 1628 1335; x_wconf 92' lang='lat' dir='ltr'><strong>et</strong></span> <span class='ocrx_word' id='word_1_176' title='bbox 1658 1296 1793 1335; x_wconf 89' lang='lat' dir='ltr'><strong>cutem</strong></span> <span class='ocrx_word' id='word_1_177' title='bbox 1826 1296 1867 1334; x_wconf 88' lang='lat' dir='ltr'><strong>et</strong></span> 
     </span>
     <span class='ocr_line' id='line_1_19' title="bbox 185 1362 1865 1418; baseline 0.001 -14"><span class='ocrx_word' id='word_1_178' title='bbox 185 1376 350 1404; x_wconf 88' lang='lat' dir='ltr'><strong>carnem</strong></span> <span class='ocrx_word' id='word_1_179' title='bbox 393 1363 609 1404; x_wconf 88' lang='lat' dir='ltr'><strong>consumit.</strong></span> <span class='ocrx_word' id='word_1_180' title='bbox 682 1362 745 1405; x_wconf 92' lang='lat' dir='ltr'><strong>De</strong></span> <span class='ocrx_word' id='word_1_181' title='bbox 788 1363 879 1405; x_wconf 86' lang='lat' dir='ltr'><strong>istis</strong></span> <span class='ocrx_word' id='word_1_182' title='bbox 918 1363 1158 1418; x_wconf 87' lang='lat' dir='ltr'><strong>parentibus</strong></span> <span class='ocrx_word' id='word_1_183' title='bbox 1197 1364 1367 1417; x_wconf 73' lang='lat' dir='ltr'><strong>dicitur,</strong></span> <span class='ocrx_word' id='word_1_184' title='bbox 1414 1363 1504 1406; x_wconf 84' lang='lat' dir='ltr'><strong>Job.</strong></span> <span class='ocrx_word' id='word_1_185' title='bbox 1530 1377 1610 1406; x_wconf 87' lang='lat' dir='ltr'><strong>vn:</strong></span> <span class='ocrx_word' id='word_1_186' title='bbox 1653 1363 1865 1406; x_wconf 89' lang='lat' dir='ltr'><strong>Putredini</strong></span> 
     </span>
     <span class='ocr_line' id='line_1_20' title="bbox 186 1433 1864 1489; baseline 0.001 -14"><span class='ocrx_word' id='word_1_187' title='bbox 186 1433 272 1475; x_wconf 79' lang='lat' dir='ltr'><strong>dixi</strong></span> <span class='ocrx_word' id='word_1_188' title='bbox 310 1438 428 1489; x_wconf 90' lang='lat' dir='ltr'><strong>pater</strong></span> <span class='ocrx_word' id='word_1_189' title='bbox 466 1447 580 1476; x_wconf 89' lang='lat' dir='ltr'><strong>meus</strong></span> <span class='ocrx_word' id='word_1_190' title='bbox 621 1447 683 1486; x_wconf 76' lang='lat' dir='ltr'><strong>eS,</strong></span> <span class='ocrx_word' id='word_1_191' title='bbox 723 1438 854 1476; x_wconf 91' lang='lat' dir='ltr'><strong>mater</strong></span> <span class='ocrx_word' id='word_1_192' title='bbox 898 1448 987 1476; x_wconf 92' lang='lat' dir='ltr'><strong>mea</strong></span> <span class='ocrx_word' id='word_1_193' title='bbox 1027 1439 1067 1476; x_wconf 89' lang='lat' dir='ltr'><strong>et</strong></span> <span class='ocrx_word' id='word_1_194' title='bbox 1106 1448 1222 1476; x_wconf 89' lang='lat' dir='ltr'><strong>soror</strong></span> <span class='ocrx_word' id='word_1_195' title='bbox 1253 1449 1344 1477; x_wconf 83' lang='lat' dir='ltr'><strong>inea</strong></span> <span class='ocrx_word' id='word_1_196' title='bbox 1377 1435 1596 1477; x_wconf 89' lang='lat' dir='ltr'><strong>vermibus.</strong></span> <span class='ocrx_word' id='word_1_197' title='bbox 1659 1434 1864 1489; x_wconf 87' lang='lat' dir='ltr'><strong>Rogemus</strong></span> 
     </span>
     <span class='ocr_line' id='line_1_21' title="bbox 116 1504 885 1558; baseline 0.005 -15"><span class='ocrx_word' id='word_1_198' title='bbox 116 1510 161 1543; x_wconf 80' lang='lat'><strong>20</strong></span> <span class='ocrx_word' id='word_1_199' title='bbox 185 1504 312 1558; x_wconf 88' lang='lat' dir='ltr'><strong>igitur</strong></span> <span class='ocrx_word' id='word_1_200' title='bbox 344 1505 557 1547; x_wconf 90' lang='lat' dir='ltr'><strong>dominum</strong></span> <span class='ocrx_word' id='word_1_201' title='bbox 589 1508 776 1546; x_wconf 90' lang='lat' dir='ltr'><strong>nostrum</strong></span> <span class='ocrx_word' id='word_1_202' title='bbox 810 1508 885 1547; x_wconf 86' lang='lat' dir='ltr'><strong>etc.</strong></span> 
     </span>
    </p>
   </div>
   <div class='ocr_carea' id='block_1_3' title="bbox 857 1782 1196 1833">
    <p class='ocr_par' dir='ltr' id='par_1_3' title="bbox 857 1782 1196 1833">
     <span class='ocr_line' id='line_1_22' title="bbox 857 1782 1196 1833; baseline 0 -9"><span class='ocrx_word' id='word_1_203' title='bbox 857 1782 958 1824; x_wconf 81' lang='lat' dir='ltr'>CAP.</span> <span class='ocrx_word' id='word_1_204' title='bbox 983 1782 1051 1823; x_wconf 78' lang='lat'><strong>94.</strong></span> <span class='ocrx_word' id='word_1_205' title='bbox 1093 1783 1196 1833; x_wconf 78' lang='lat'>(86.)</span> 
     </span>
    </p>
   </div>
   <div class='ocr_carea' id='block_1_4' title="bbox 192 1867 1867 2095">
    <p class='ocr_par' dir='ltr' id='par_1_4' title="bbox 192 1867 1867 2095">
     <span class='ocr_line' id='line_1_23' title="bbox 192 1867 1867 1930; baseline 0.002 -18"><span class='ocrx_word' id='word_1_206' title='bbox 192 1867 327 1927; x_wconf 75' lang='lat' dir='ltr'><strong>Quod</strong></span> <span class='ocrx_word' id='word_1_207' title='bbox 379 1870 533 1914; x_wconf 71' lang='lat' dir='ltr'><strong>anima</strong></span> <span class='ocrx_word' id='word_1_208' title='bbox 586 1869 777 1929; x_wconf 69' lang='lat' dir='ltr'><strong>pulchra</strong></span> <span class='ocrx_word' id='word_1_209' title='bbox 829 1884 911 1929; x_wconf 76' lang='lat' dir='ltr'><strong>per</strong></span> <span class='ocrx_word' id='word_1_210' title='bbox 956 1871 1135 1929; x_wconf 70' lang='lat' dir='ltr'><strong>peccati</strong></span> <span class='ocrx_word' id='word_1_211' title='bbox 1191 1869 1359 1930; x_wconf 72' lang='lat' dir='ltr'><strong>lepram</strong></span> <span class='ocrx_word' id='word_1_212' title='bbox 1414 1870 1576 1930; x_wconf 73' lang='lat' dir='ltr'><strong>infecta</strong></span> <span class='ocrx_word' id='word_1_213' title='bbox 1623 1871 1867 1930; x_wconf 76' lang='lat' dir='ltr'><strong>pristinam</strong></span> 
     </span>
     <span class='ocr_line' id='line_1_24' title="bbox 263 1951 1791 2013; baseline 0.001 -18"><span class='ocrx_word' id='word_1_214' title='bbox 263 1951 641 2011; x_wconf 70' lang='lat' dir='ltr'><strong>pulchritudinem</strong></span> <span class='ocrx_word' id='word_1_215' title='bbox 678 1951 841 1996; x_wconf 65' lang='lat' dir='ltr'><strong>habere</strong></span> <span class='ocrx_word' id='word_1_216' title='bbox 876 1967 970 1997; x_wconf 72' lang='lat' dir='ltr'><strong>non</strong></span> <span class='ocrx_word' id='word_1_217' title='bbox 998 1954 1175 2012; x_wconf 68' lang='lat' dir='ltr'><strong>poterit,</strong></span> <span class='ocrx_word' id='word_1_218' title='bbox 1214 1955 1305 1997; x_wconf 66' lang='lat' dir='ltr'><strong>nisi</strong></span> <span class='ocrx_word' id='word_1_219' title='bbox 1337 1968 1418 2013; x_wconf 77' lang='lat' dir='ltr'><strong>per</strong></span> <span class='ocrx_word' id='word_1_220' title='bbox 1456 1953 1569 1999; x_wconf 78' lang='lat' dir='ltr'><strong>altos</strong></span> <span class='ocrx_word' id='word_1_221' title='bbox 1602 1954 1791 2013; x_wconf 70' lang='lat' dir='ltr'><strong>yemitus</strong></span> 
     </span>
     <span class='ocr_line' id='line_1_25' title="bbox 758 2035 1308 2095; baseline 0.002 -16"><span class='ocrx_word' id='word_1_222' title='bbox 758 2041 797 2080; x_wconf 78' lang='lat' dir='ltr'><strong>et</strong></span> <span class='ocrx_word' id='word_1_223' title='bbox 828 2035 1062 2095; x_wconf 73' lang='lat' dir='ltr'><strong>profunda</strong></span> <span class='ocrx_word' id='word_1_224' title='bbox 1099 2037 1308 2095; x_wconf 72' lang='lat' dir='ltr'><strong>suspiria.</strong></span> 
     </span>
    </p>
   </div>
   <div class='ocr_carea' id='block_1_5' title="bbox 120 2142 1906 2979">
    <p class='ocr_par' dir='ltr' id='par_1_5' title="bbox 120 2142 1871 2481">
     <span class='ocr_line' id='line_1_26' title="bbox 120 2142 1868 2200; baseline 0.001 -16"><span class='ocrx_word' id='word_1_225' title='bbox 120 2150 165 2184; x_wconf 79' lang='lat'><strong>25</strong></span> <span class='ocrx_word' id='word_1_226' title='bbox 306 2142 410 2184; x_wconf 85' lang='lat' dir='ltr'><strong>Erat</strong></span> <span class='ocrx_word' id='word_1_227' title='bbox 441 2142 606 2197; x_wconf 87' lang='lat' dir='ltr'><strong>quidam</strong></span> <span class='ocrx_word' id='word_1_228' title='bbox 637 2157 710 2185; x_wconf 81' lang='lat' dir='ltr'><strong>rex</strong></span> <span class='ocrx_word' id='word_1_229' title='bbox 734 2144 874 2186; x_wconf 91' lang='lat' dir='ltr'><strong>volens</strong></span> <span class='ocrx_word' id='word_1_230' title='bbox 897 2143 1100 2199; x_wconf 86' lang='lat' dir='ltr'><strong>proficisci</strong></span> <span class='ocrx_word' id='word_1_231' title='bbox 1122 2143 1165 2184; x_wconf 92' lang='lat' dir='ltr'><strong>in</strong></span> <span class='ocrx_word' id='word_1_232' title='bbox 1187 2143 1420 2199; x_wconf 83' lang='lat' dir='ltr'><strong>longinquis</strong></span> <span class='ocrx_word' id='word_1_233' title='bbox 1443 2145 1629 2200; x_wconf 86' lang='lat' dir='ltr'><strong>partibus</strong></span> <span class='ocrx_word' id='word_1_234' title='bbox 1653 2147 1694 2186; x_wconf 89' lang='lat' dir='ltr'><strong>et</strong></span> <span class='ocrx_word' id='word_1_235' title='bbox 1714 2143 1868 2186; x_wconf 87' lang='lat' dir='ltr'><strong>habens</strong></span> 
     </span>
     <span class='ocr_line' id='line_1_27' title="bbox 191 2213 1869 2270; baseline 0.001 -15"><span class='ocrx_word' id='word_1_236' title='bbox 191 2214 353 2256; x_wconf 88' lang='lat' dir='ltr'><strong>unicam</strong></span> <span class='ocrx_word' id='word_1_237' title='bbox 386 2213 512 2256; x_wconf 90' lang='lat' dir='ltr'><strong>filiam</strong></span> <span class='ocrx_word' id='word_1_238' title='bbox 543 2214 765 2256; x_wconf 83' lang='lat' dir='ltr'><strong>formosam</strong></span> <span class='ocrx_word' id='word_1_239' title='bbox 800 2215 884 2257; x_wconf 90' lang='lat' dir='ltr'><strong>sole</strong></span> <span class='ocrx_word' id='word_1_240' title='bbox 917 2214 1252 2270; x_wconf 75' lang='lat' dir='ltr'><strong>splendidiorem7</strong></span> <span class='ocrx_word' id='word_1_241' title='bbox 1285 2216 1471 2258; x_wconf 87' lang='lat' dir='ltr'><strong>nesciens</strong></span> <span class='ocrx_word' id='word_1_242' title='bbox 1504 2216 1569 2258; x_wconf 90' lang='lat' dir='ltr'><strong>cui</strong></span> <span class='ocrx_word' id='word_1_243' title='bbox 1600 2215 1711 2257; x_wconf 89' lang='lat' dir='ltr'><strong>fideli</strong></span> <span class='ocrx_word' id='word_1_244' title='bbox 1733 2218 1869 2257; x_wconf 91' lang='lat' dir='ltr'><strong>mente</strong></span> 
     </span>
     <span class='ocr_line' id='line_1_28' title="bbox 191 2285 1868 2341; baseline 0.001 -14"><span class='ocrx_word' id='word_1_245' title='bbox 191 2286 486 2339; x_wconf 79' lang='lat' dir='ltr'><strong>committeret,</strong></span> <span class='ocrx_word' id='word_1_246' title='bbox 527 2299 615 2327; x_wconf 89' lang='lat' dir='ltr'><strong>eam</strong></span> <span class='ocrx_word' id='word_1_247' title='bbox 656 2286 793 2341; x_wconf 90' lang='lat' dir='ltr'><strong>posuit</strong></span> <span class='ocrx_word' id='word_1_248' title='bbox 824 2287 865 2327; x_wconf 90' lang='lat' dir='ltr'><strong>in</strong></span> <span class='ocrx_word' id='word_1_249' title='bbox 908 2286 1150 2328; x_wconf 76' lang='lat' dir='ltr'><strong>custodiam.</strong></span> <span class='ocrx_word' id='word_1_250' title='bbox 1223 2285 1377 2328; x_wconf 88' lang='lat' dir='ltr'><strong>Tamen</strong></span> <span class='ocrx_word' id='word_1_251' title='bbox 1410 2286 1616 2329; x_wconf 77' lang='lat' dir='ltr'><strong>commisit</strong></span> <span class='ocrx_word' id='word_1_252' title='bbox 1647 2286 1718 2328; x_wconf 92' lang='lat' dir='ltr'><strong>uni</strong></span> <span class='ocrx_word' id='word_1_253' title='bbox 1747 2285 1868 2328; x_wconf 89' lang='lat' dir='ltr'><strong>militi</strong></span> 
     </span>
     <span class='ocr_line' id='line_1_29' title="bbox 192 2357 1871 2413; baseline 0.001 -16"><span class='ocrx_word' id='word_1_254' title='bbox 192 2369 264 2397; x_wconf 91' lang='lat' dir='ltr'><strong>suo</strong></span> <span class='ocrx_word' id='word_1_255' title='bbox 297 2357 537 2410; x_wconf 76' lang='lat' dir='ltr'><strong>secretario,</strong></span> <span class='ocrx_word' id='word_1_256' title='bbox 581 2370 701 2411; x_wconf 89' lang='lat' dir='ltr'><strong>quem</strong></span> <span class='ocrx_word' id='word_1_257' title='bbox 740 2357 961 2399; x_wconf 90' lang='lat' dir='ltr'><strong>tenerrime</strong></span> <span class='ocrx_word' id='word_1_258' title='bbox 994 2357 1159 2410; x_wconf 79' lang='lat' dir='ltr'><strong>dilexit,</strong></span> <span class='ocrx_word' id='word_1_259' title='bbox 1201 2358 1432 2413; x_wconf 76' lang='lat' dir='ltr'><strong>precipiens</strong></span> <span class='ocrx_word' id='word_1_260' title='bbox 1473 2358 1530 2411; x_wconf 80' lang='lat' dir='ltr'><strong>ei,</strong></span> <span class='ocrx_word' id='word_1_261' title='bbox 1570 2361 1616 2400; x_wconf 86' lang='lat' dir='ltr'><strong>ut</strong></span> <span class='ocrx_word' id='word_1_262' title='bbox 1646 2357 1871 2399; x_wconf 83' lang='lat' dir='ltr'><strong>custodiret</strong></span> 
     </span>
     <span class='ocr_line' id='line_1_30' title="bbox 193 2427 1870 2481; baseline 0.001 -13"><span class='ocrx_word' id='word_1_263' title='bbox 193 2440 296 2480; x_wconf 73' lang='lat' dir='ltr'><strong>eam,</strong></span> <span class='ocrx_word' id='word_1_264' title='bbox 330 2441 380 2469; x_wconf 93' lang='lat' dir='ltr'><strong>ne</strong></span> <span class='ocrx_word' id='word_1_265' title='bbox 413 2441 650 2481; x_wconf 84' lang='lat' dir='ltr'><strong>aggressum</strong></span> <span class='ocrx_word' id='word_1_266' title='bbox 683 2427 853 2470; x_wconf 89' lang='lat' dir='ltr'><strong>haberet</strong></span> <span class='ocrx_word' id='word_1_267' title='bbox 885 2428 935 2470; x_wconf 87' lang='lat' dir='ltr'><strong>ad</strong></span> <span class='ocrx_word' id='word_1_268' title='bbox 956 2428 1109 2470; x_wconf 85' lang='lat' dir='ltr'><strong>fontem</strong></span> <span class='ocrx_word' id='word_1_269' title='bbox 1136 2442 1259 2470; x_wconf 90' lang='lat' dir='ltr'><strong>unum</strong></span> <span class='ocrx_word' id='word_1_270' title='bbox 1296 2429 1336 2470; x_wconf 90' lang='lat' dir='ltr'><strong>in</strong></span> <span class='ocrx_word' id='word_1_271' title='bbox 1368 2429 1440 2470; x_wconf 92' lang='lat' dir='ltr'><strong>illa</strong></span> <span class='ocrx_word' id='word_1_272' title='bbox 1470 2433 1581 2471; x_wconf 88' lang='lat' dir='ltr'><strong>terra</strong></span> <span class='ocrx_word' id='word_1_273' title='bbox 1613 2428 1677 2470; x_wconf 89' lang='lat' dir='ltr'><strong>vel</strong></span> <span class='ocrx_word' id='word_1_274' title='bbox 1703 2428 1870 2481; x_wconf 85' lang='lat' dir='ltr'><strong>regione</strong></span> 
     </span>
    </p>

    <p class='ocr_par' dir='ltr' id='par_1_6' title="bbox 123 2496 1906 2839">
     <span class='ocr_line' id='line_1_31' title="bbox 123 2496 1906 2555; baseline 0.003 -18"><span class='ocrx_word' id='word_1_275' title='bbox 123 2503 167 2537; x_wconf 86' lang='lat'><strong>30</strong></span> <span class='ocrx_word' id='word_1_276' title='bbox 194 2496 317 2552; x_wconf 66' lang='lat'>[7632]</span> <span class='ocrx_word' id='word_1_277' title='bbox 354 2498 654 2553; x_wconf 79' lang='lat' dir='ltr'><strong>prosilientem3</strong></span> <span class='ocrx_word' id='word_1_278' title='bbox 688 2499 723 2540; x_wconf 91' lang='lat' dir='ltr'><strong>si</strong></span> <span class='ocrx_word' id='word_1_279' title='bbox 755 2498 913 2541; x_wconf 88' lang='lat' dir='ltr'><strong>biberet</strong></span> <span class='ocrx_word' id='word_1_280' title='bbox 945 2499 994 2541; x_wconf 91' lang='lat' dir='ltr'><strong>de</strong></span> <span class='ocrx_word' id='word_1_281' title='bbox 1026 2513 1085 2552; x_wconf 79' lang='lat' dir='ltr'><strong>ea,</strong></span> <span class='ocrx_word' id='word_1_282' title='bbox 1119 2498 1348 2542; x_wconf 87' lang='lat' dir='ltr'><strong>efficeretur</strong></span> <span class='ocrx_word' id='word_1_283' title='bbox 1378 2499 1561 2555; x_wconf 83' lang='lat' dir='ltr'><strong>leprosa3</strong></span> <span class='ocrx_word' id='word_1_284' title='bbox 1597 2499 1692 2541; x_wconf 89' lang='lat' dir='ltr'><strong>talis</strong></span> <span class='ocrx_word' id='word_1_285' title='bbox 1724 2503 1870 2541; x_wconf 88' lang='lat' dir='ltr'><strong>nature</strong></span> <span class='ocrx_word' id='word_1_286' title='bbox 1900 2540 1906 2543; x_wconf 20' lang='lat' dir='ltr'><strong>r</strong></span> 
     </span>
     <span class='ocr_line' id='line_1_32' title="bbox 192 2568 1869 2624; baseline 0.001 -14"><span class='ocrx_word' id='word_1_287' title='bbox 192 2568 346 2621; x_wconf 80' lang='lat' dir='ltr'><strong>fuerat,</strong></span> <span class='ocrx_word' id='word_1_288' title='bbox 386 2573 524 2611; x_wconf 91' lang='lat' dir='ltr'><strong>tamen</strong></span> <span class='ocrx_word' id='word_1_289' title='bbox 568 2570 830 2612; x_wconf 89' lang='lat' dir='ltr'><strong>amenissime</strong></span> <span class='ocrx_word' id='word_1_290' title='bbox 863 2571 1077 2612; x_wconf 88' lang='lat' dir='ltr'><strong>suavitatis</strong></span> <span class='ocrx_word' id='word_1_291' title='bbox 1118 2575 1217 2612; x_wconf 88' lang='lat' dir='ltr'><strong>erat.</strong></span> <span class='ocrx_word' id='word_1_292' title='bbox 1288 2570 1343 2612; x_wconf 92' lang='lat' dir='ltr'><strong>Ut</strong></span> <span class='ocrx_word' id='word_1_293' title='bbox 1384 2584 1479 2624; x_wconf 88' lang='lat' dir='ltr'><strong>ergo</strong></span> <span class='ocrx_word' id='word_1_294' title='bbox 1512 2584 1602 2612; x_wconf 90' lang='lat' dir='ltr'><strong>eam</strong></span> <span class='ocrx_word' id='word_1_295' title='bbox 1634 2569 1752 2611; x_wconf 90' lang='lat' dir='ltr'><strong>miles</strong></span> <span class='ocrx_word' id='word_1_296' title='bbox 1784 2573 1869 2611; x_wconf 89' lang='lat' dir='ltr'><strong>tam</strong></span> 
     </span>
     <span class='ocr_line' id='line_1_33' title="bbox 192 2639 1868 2697; baseline 0.001 -17"><span class='ocrx_word' id='word_1_297' title='bbox 192 2639 414 2681; x_wconf 84' lang='lat' dir='ltr'><strong>formosam</strong></span> <span class='ocrx_word' id='word_1_298' title='bbox 449 2640 637 2682; x_wconf 86' lang='lat' dir='ltr'><strong>redderet</strong></span> <span class='ocrx_word' id='word_1_299' title='bbox 660 2641 699 2681; x_wconf 91' lang='lat' dir='ltr'><strong>in</strong></span> <span class='ocrx_word' id='word_1_300' title='bbox 723 2654 913 2694; x_wconf 89' lang='lat' dir='ltr'><strong>regressu</strong></span> <span class='ocrx_word' id='word_1_301' title='bbox 934 2641 1284 2697; x_wconf 90' lang='lat' dir='ltr'><strong>peregrinacionis</strong></span> <span class='ocrx_word' id='word_1_302' title='bbox 1306 2641 1428 2695; x_wconf 83' lang='lat' dir='ltr'><strong>regis,</strong></span> <span class='ocrx_word' id='word_1_303' title='bbox 1461 2641 1582 2683; x_wconf 88' lang='lat' dir='ltr'><strong>sicuti</strong></span> <span class='ocrx_word' id='word_1_304' title='bbox 1607 2641 1694 2695; x_wconf 90' lang='lat' dir='ltr'><strong>jam</strong></span> <span class='ocrx_word' id='word_1_305' title='bbox 1718 2640 1868 2683; x_wconf 88' lang='lat' dir='ltr'><strong>dictam</strong></span> 
     </span>
     <span class='ocr_line' id='line_1_34' title="bbox 195 2710 1870 2767; baseline 0.001 -15"><span class='ocrx_word' id='word_1_306' title='bbox 195 2714 500 2766; x_wconf 72' lang='lat' dir='ltr'><strong>acceptaverat,</strong></span> <span class='ocrx_word' id='word_1_307' title='bbox 540 2711 599 2752; x_wconf 89' lang='lat' dir='ltr'><strong>ita</strong></span> <span class='ocrx_word' id='word_1_308' title='bbox 638 2710 857 2764; x_wconf 86' lang='lat' dir='ltr'><strong>diligenter</strong></span> <span class='ocrx_word' id='word_1_309' title='bbox 897 2726 985 2754; x_wconf 89' lang='lat' dir='ltr'><strong>eam</strong></span> <span class='ocrx_word' id='word_1_310' title='bbox 1027 2712 1249 2754; x_wconf 86' lang='lat' dir='ltr'><strong>custodivit</strong></span> <span class='ocrx_word' id='word_1_311' title='bbox 1286 2711 1564 2767; x_wconf 83' lang='lat' dir='ltr'><strong>perpendens,</strong></span> <span class='ocrx_word' id='word_1_312' title='bbox 1605 2711 1638 2753; x_wconf 93' lang='lat' dir='ltr'><strong>si</strong></span> <span class='ocrx_word' id='word_1_313' title='bbox 1677 2712 1756 2753; x_wconf 88' lang='lat' dir='ltr'><strong>ista</strong></span> <span class='ocrx_word' id='word_1_314' title='bbox 1788 2724 1870 2753; x_wconf 89' lang='lat' dir='ltr'><strong>non</strong></span> 
     </span>
     <span class='ocr_line' id='line_1_35' title="bbox 193 2780 1870 2839; baseline 0.001 -17"><span class='ocrx_word' id='word_1_315' title='bbox 193 2780 359 2835; x_wconf 75' lang='lat' dir='ltr'><strong>faceret,</strong></span> <span class='ocrx_word' id='word_1_316' title='bbox 392 2786 490 2824; x_wconf 87' lang='lat' dir='ltr'><strong>tunc</strong></span> <span class='ocrx_word' id='word_1_317' title='bbox 521 2785 653 2823; x_wconf 91' lang='lat' dir='ltr'><strong>totum</strong></span> <span class='ocrx_word' id='word_1_318' title='bbox 686 2782 905 2824; x_wconf 89' lang='lat' dir='ltr'><strong>servicium</strong></span> <span class='ocrx_word' id='word_1_319' title='bbox 938 2797 1056 2825; x_wconf 90' lang='lat' dir='ltr'><strong>suum</strong></span> <span class='ocrx_word' id='word_1_320' title='bbox 1080 2784 1272 2839; x_wconf 90' lang='lat' dir='ltr'><strong>perderet</strong></span> <span class='ocrx_word' id='word_1_321' title='bbox 1293 2796 1496 2837; x_wconf 88' lang='lat' dir='ltr'><strong>aususque</strong></span> <span class='ocrx_word' id='word_1_322' title='bbox 1518 2796 1601 2824; x_wconf 89' lang='lat' dir='ltr'><strong>non</strong></span> <span class='ocrx_word' id='word_1_323' title='bbox 1623 2786 1731 2825; x_wconf 90' lang='lat' dir='ltr'><strong>esset</strong></span> <span class='ocrx_word' id='word_1_324' title='bbox 1752 2795 1870 2824; x_wconf 89' lang='lat' dir='ltr'><strong>suum</strong></span> 
     </span>
    </p>

    <p class='ocr_par' dir='ltr' id='par_1_7' title="bbox 125 2851 1870 2909">
     <span class='ocr_line' id='line_1_36' title="bbox 125 2851 1870 2909; baseline 0.002 -19"><span class='ocrx_word' id='word_1_325' title='bbox 125 2855 170 2889; x_wconf 85' lang='grc'><strong>35</strong></span> <span class='ocrx_word' id='word_1_326' title='bbox 196 2851 406 2894; x_wconf 88' lang='lat' dir='ltr'><strong>dominum</strong></span> <span class='ocrx_word' id='word_1_327' title='bbox 436 2856 688 2908; x_wconf 80' lang='lat' dir='ltr'><strong>exspectare.</strong></span> <span class='ocrx_word' id='word_1_328' title='bbox 737 2852 933 2896; x_wconf 88' lang='lat' dir='ltr'><strong>Custodia</strong></span> <span class='ocrx_word' id='word_1_329' title='bbox 963 2854 1178 2909; x_wconf 86' lang='lat' dir='ltr'><strong>prehabita</strong></span> <span class='ocrx_word' id='word_1_330' title='bbox 1205 2867 1279 2909; x_wconf 88' lang='lat' dir='ltr'><strong>per</strong></span> <span class='ocrx_word' id='word_1_331' title='bbox 1308 2853 1473 2907; x_wconf 88' lang='lat' dir='ltr'><strong>aliquod</strong></span> <span class='ocrx_word' id='word_1_332' title='bbox 1494 2857 1672 2909; x_wconf 78' lang='lat' dir='ltr'><strong>tempus,</strong></span> <span class='ocrx_word' id='word_1_333' title='bbox 1703 2852 1870 2895; x_wconf 88' lang='lat' dir='ltr'><strong>tandem</strong></span> 
     </span>
    </p>

    <p class='ocr_par' dir='ltr' id='par_1_8' title="bbox 289 2933 897 2979">
     <span class='ocr_line' id='line_1_37' title="bbox 289 2933 897 2979; baseline 0 -12"><span class='ocrx_word' id='word_1_334' title='bbox 289 2933 333 2967; x_wconf 82' lang='lat'><strong>33</strong></span> <span class='ocrx_word' id='word_1_335' title='bbox 359 2933 564 2976; x_wconf 80' lang='lat' dir='ltr'><strong>custodivit]</strong></span> <span class='ocrx_word' id='word_1_336' title='bbox 592 2939 675 2979; x_wconf 75' lang='lat' dir='ltr'><strong>oriy.</strong></span> <span class='ocrx_word' id='word_1_337' title='bbox 696 2938 770 2967; x_wconf 82' lang='lat' dir='ltr'><strong>esto</strong></span> <span class='ocrx_word' id='word_1_338' title='bbox 798 2933 897 2968; x_wconf 84' lang='lat' dir='ltr'><strong>divit.</strong></span> 
     </span>
    </p>
   </div>
  </div>
 </body>
</html>
