1919 3157
861 61 944 102 ‘329

69 169 238 220 propter
283 165 450 206 nimiam
491 166 700 208 caritatem
742 180 855 208 suum
900 180 976 220 qua
1019 166 1160 208 dilexit
1202 182 1274 208 nos
1313 168 1412 210 deus
1453 168 1580 211 fllium
1622 183 1737 211 suum

69 236 182 278 misit
222 236 262 277 in
302 235 611 279 similitudinem
662 238 796 279 carnis
836 238 1013 292 peccati,
1062 237 1122 279 Io:
1173 237 1238 280 Sic
1285 239 1383 281 deus
1429 240 1574 282 dilexit
1623 255 1740 283 mun-

68 306 164 348 dum
187 310 261 348 etc.
305 306 379 348 Hic
413 321 507 349 vero
540 308 602 350 dei
635 308 741 350 filius
775 309 985 350 descendit
1016 309 1066 350 ad
1099 308 1276 350 duellum
1311 310 1350 351 in
1385 310 1562 352 humana
1593 316 1741 353 natura

67 381 210 419 contra
241 377 473 433 dyabolum,
508 379 530 420 i.
556 393 588 420 e.
624 380 784 433 quando
818 380 973 422 invenit
1006 381 1162 422 eumin
1185 379 1345 422 deserto
1379 387 1417 422 et
1449 395 1540 423 eum
1564 386 1740 438 tempta-

68 449 127 490 vit
163 449 268 491 sicut
307 450 450 503 patuit.
516 450 594 492 Sed
642 451 734 492 finis
776 452 893 492 istius
939 450 1061 492 duelli
1100 450 1179 492 fuit
1217 451 1258 492 in
1300 465 1538 506 parasseves
1578 453 1740 507 quando

67 519 265 576 dyabolus
298 520 418 562 rediit
451 521 499 562 ad
533 535 623 563 eum
659 527 698 564 et
730 522 833 564 sedit
865 535 989 576 super
1021 521 1230 563 brachium
1262 523 1392 564 crucis
1425 527 1499 565 etc.
1554 523 1741 566 Secunda

69 590 220 633 Christi
261 591 379 633 litera
419 592 514 634 fuit:
563 593 757 634 Amorem
790 596 975 634 nostrum
1013 606 1132 634 nemo
1171 596 1245 635 etc.
1299 592 1402 642 Quia
1440 608 1556 636 amor
1587 594 1740 636 Christi

67 666 229 704 recusat
259 663 354 717 quia
393 676 466 718 pro
506 663 693 704 omnibus
726 664 828 704 mori
863 663 991 705 voluit
1022 663 1127 705 unde
1166 663 1228 706 leo
1261 677 1388 719 papa:
1431 664 1544 706 Sicut
1582 665 1739 707 nullum

68 746 91 775 a
123 737 289 788 peccato
320 733 493 776 liberum
527 735 679 789 reperit
711 734 768 775 ita
800 734 988 776 omnibus
1020 734 1256 777 liberandus
1289 737 1412 778 venit.
1456 736 1601 778 Tereia
1621 735 1741 778 litera

68 803 219 847 Christi
258 805 357 846 suit:
406 819 524 847 verus
565 819 679 847 amor
719 810 794 847 etc.
856 806 986 847 Amor
1024 805 1175 847 Christi
1223 819 1455 860 nuncquam
1494 808 1627 862 tepuit
1665 820 1740 849 nec

68 876 257 932 permisit
279 889 370 917 eum
394 875 542 918 habere
566 876 761 930 requiem,
795 876 922 918 donec
951 877 1226 919 ministerium
1247 878 1376 932 patris
1400 877 1506 931 quod
1529 882 1742 933 acceperat

68 951 383 990 consummaret.
438 947 482 988 ln
515 947 590 989 hoc
629 948 735 988 enim
769 952 897 990 totam
931 962 1046 990 suam
1081 949 1375 1002 cogitacionem
1409 953 1449 991 et
1479 961 1620 990 curam
1652 962 1741 991 esse

69 1018 218 1072 voluit,
256 1031 310 1060 sc.
343 1018 451 1060 circa
483 1018 655 1061 salutem
687 1020 848 1073 generis
881 1019 1061 1061 humani.
1115 1019 1269 1070 Quarta
1306 1019 1427 1062 litera
1459 1018 1611 1061 Christi
1642 1020 1738 1062 fuit:

68 1089 136 1132 ubi
176 1103 290 1131 amor
329 1093 403 1131 etc.
461 1088 527 1131 Sic
559 1103 652 1132 vere
685 1089 836 1132 Christi
875 1104 989 1132 amor
1019 1091 1097 1132 fuit
1129 1091 1225 1145 quia
1255 1091 1459 1133 intantum
1493 1091 1638 1133 dilexit
1669 1090 1741 1132 ho-

69 1161 221 1203 minem
254 1160 360 1215 quod
392 1165 583 1202 constans
617 1162 844 1217 permansit
875 1162 916 1203 in
949 1162 1028 1203 isto
1061 1175 1200 1204 amore
1233 1162 1302 1217 qui
1335 1175 1462 1216 usque
1493 1161 1544 1203 ad
1566 1166 1739 1204 mortem

68 1232 265 1274 deductus
297 1235 372 1284 est,
405 1231 494 1274 ideo
527 1233 721 1286 majorem
757 1233 860 1275 hanc
889 1232 1146 1276 dilectionem
1180 1246 1298 1275 nemo
1331 1233 1453 1275 habet
1485 1237 1529 1274 ut
1561 1233 1739 1275 animam

68 1316 182 1346 suam
216 1307 387 1359 poneret
418 1317 491 1359 pro
525 1304 665 1345 amicis
697 1305 794 1346 suis,

737 1557 838 1611 222,
871 1569 974 1612 app.
998 1557 1071 1600 26.

183 1658 323 1702 Refert
353 1658 535 1700 romulus
568 1658 609 1699 in
634 1657 848 1700 annalibus
864 1658 1082 1713 judeorum
1115 1657 1221 1712 quod
1244 1661 1332 1700 erat
1354 1657 1518 1712 quidam
1541 1660 1740 1712 tyrannus

69 1731 137 1786 qui
178 1731 221 1772 in
261 1743 438 1772 amorem
481 1729 693 1783 cujusdam
732 1729 895 1772 domine
929 1734 1016 1772 erat
1056 1742 1248 1771 accensus
1282 1732 1322 1771 et
1358 1727 1657 1782 inflammatus,
1696 1732 1742 1771 ut

68 1814 237 1855 regnum
271 1815 390 1843 suum
423 1800 473 1842 ad
505 1804 666 1855 tempus
699 1800 857 1842 dimisit
889 1805 929 1842 et
960 1801 1167 1856 profectus
1208 1804 1270 1842 est
1303 1804 1347 1842 ut
1387 1799 1499 1841 illam
1539 1800 1738 1842 visitaret.

70 1872 171 1915 Cum
213 1877 346 1914 autem
396 1876 594 1927 tyrannus
642 1872 822 1914 venisset
862 1872 912 1914 ad
953 1872 1177 1914 dominium
1225 1871 1335 1913 illius
1381 1871 1552 1923 femine,
1600 1871 1660 1912 ita
1696 1874 1742 1913 ut

70 1944 226 1997 decuit,
270 1943 319 1985 ab
368 1956 416 1985 ea
461 1948 523 1985 est
553 1943 822 1998 solempniter
860 1948 1049 1999 receptus
1082 1948 1123 1985 et
1161 1957 1209 1985 ex
1258 1947 1399 1984 mutuo
1445 1955 1583 1984 amore
1629 1941 1740 1984 illius

68 2015 220 2057 femine
257 2015 316 2056 ita
357 2014 446 2070 pius
480 2018 519 2056 et
550 2018 787 2056 mansuetus
820 2019 882 2057 est
917 2028 1128 2067 reversus,
1170 2014 1276 2068 quod
1299 2013 1503 2056 'omnibus
1536 2013 1585 2055 de
1614 2026 1740 2066 regno

71 2099 144 2128 suo
175 2085 407 2128 libertatem
449 2085 572 2139 dedit,
606 2086 663 2127 sic
696 2086 801 2140 quod
833 2086 969 2127 nullus
1002 2085 1051 2128 de
1083 2089 1216 2127 cetero
1250 2085 1386 2140 aliqua
1416 2085 1618 2138 gravitate
1648 2097 1741 2138 gra-

72 2160 249 2199 varetur.
317 2156 487 2212 Insuper
533 2170 623 2199 cum
670 2170 858 2199 reversus
905 2161 1013 2199 esset
1058 2157 1109 2198 ad
1154 2156 1318 2198 domum
1367 2170 1483 2198 suam
1530 2156 1739 2211 propriam

71 2227 202 2270 multa
233 2227 338 2270 dona
376 2228 489 2270 dedit
527 2227 677 2284 populo
710 2242 796 2282 su0,
834 2228 1026 2284 precipue
1059 2228 1165 2282 quod
1197 2227 1354 2270 dimisit
1393 2240 1532 2269 omnes
1570 2226 1740 2281 injurias

72 2298 150 2342 sibi
187 2298 324 2341 illatas
371 2298 421 2341 ab
461 2299 518 2342 eis
557 2304 598 2342 et
635 2300 767 2342 securi
811 2312 900 2342 esse
945 2299 1140 2341 deberent
1178 2299 1227 2341 de
1265 2311 1504 2353 quacunque
1544 2298 1741 2353 petitione

72 2383 193 2425 quam
226 2373 424 2426 peterent.

189 2442 262 2483 Ad
289 2444 560 2498 propositum.
613 2440 694 2484 Iste
725 2445 925 2497 tyrannus
958 2445 1020 2484 est
1050 2441 1149 2483 deus
1180 2443 1296 2496 pater
1328 2440 1396 2495 qui
1429 2443 1522 2482 ante
1553 2440 1740 2481 incarna-

73 2514 226 2556 tionem
258 2517 370 2555 tante
412 2516 500 2555 erat
539 2512 814 2565 crudelitatis,
854 2512 960 2566 quod
999 2512 1164 2565 angelos
1204 2512 1323 2566 ejecit
1361 2512 1409 2553 de
1448 2511 1533 2553 celo
1572 2513 1741 2565 propter

73 2585 202 2627 malas
233 2584 514 2637 cogitationes,
549 2588 589 2625 et
621 2584 679 2625 sic
711 2584 760 2626 de
792 2583 976 2637 singulis.
1019 2583 1098 2625 Iste
1131 2596 1201 2625 rex
1226 2583 1434 2624 adamavit
1455 2595 1575 2623 unam
1610 2581 1740 2622 domi-

73 2669 168 2698 nam
209 2668 263 2697 sc.
296 2655 517 2697 humanam
548 2659 734 2696 naturam
775 2655 978 2696 intantum
1017 2654 1123 2708 quod
1161 2654 1258 2696 fecit
1287 2667 1330 2695 se
1367 2667 1440 2709 pro
1473 2666 1520 2694 ea
1550 2652 1670 2705 ligari
1701 2655 1741 2694 et

76 2726 270 2780 crucifigi,
303 2726 442 2768 occidi.
490 2725 545 2768 Et
575 2739 664 2767 cum
690 2726 867 2768 venisset
899 2726 948 2766 ad
981 2725 1146 2767 domum
1179 2726 1204 2766 i.
1228 2739 1261 2766 e.
1295 2725 1345 2766 ad
1377 2724 1508 2766 celum
1540 2727 1623 2764 tam
1648 2723 1740 2778 pius

77 2802 117 2840 et
147 2802 384 2840 mansuetus
417 2801 491 2850 est,
525 2797 629 2851 quod
663 2796 850 2838 omnibus
882 2795 968 2838 vult
998 2795 1214 2838 subvenire
1245 2809 1335 2837 eum
1368 2794 1665 2836 invocantibus.
