1949 3162
1002 85 1087 125 564

202 189 303 230 bello
344 188 517 244 speciali
555 203 642 229 eam
683 190 858 231 obtinuit
889 198 926 231 et
956 206 1045 231 cum
1077 206 1227 245 maqno
1261 191 1414 231 honore
1451 192 1567 232 illam
1605 193 1878 246 desponsavit.

205 259 353 302 Tereia
382 267 499 301 nocte
522 268 623 316 post
649 261 922 316 9all2'cantum
960 262 1009 302 de
1042 263 1140 303 lecto
1172 264 1373 314 surreaeit,
1413 264 1554 303 intime
1574 263 1883 315 firmamentum

199 331 318 383 vidit,
361 332 406 371 in
438 346 517 386 quo
551 332 662 373 clare
692 332 905 374 dominum
942 341 1128 374 nostrum
1166 333 1330 374 Ilzesum
1364 332 1569 375 Christum
1607 336 1715 376 inter
1745 334 1882 376 stellas

198 403 379 457 respeaeit
418 403 456 442 ei
493 403 712 444 dicentem:
763 402 925 457 Gaulo,
969 402 1129 456 Gaulo,
1176 406 1282 445 sicut
1319 404 1426 445 bella
1467 407 1605 460 sepius
1644 408 1885 447 commisisti

128 478 150 513 5
195 488 276 529 pro
321 488 459 514 amore
494 475 619 515 unius
653 475 813 530 puelle,
860 483 1017 531 tempus
1050 484 1126 528 est,
1176 484 1220 517 nt
1251 491 1334 531 pro
1375 491 1460 517 meo
1508 491 1646 517 amore
1692 477 1880 518 ammodo

199 545 363 586 studeas
394 544 572 586 viriliter
611 554 755 587 contra
786 548 975 588 inimicos
1012 561 1121 588 meos
1153 548 1376 602 pussnare!
1422 547 1518 588 Hiis
1558 548 1678 589 dictis
1717 550 1882 590 evanuit

198 615 341 657 Iliesus
370 614 565 657 Christus.
615 617 693 658 Ille
723 618 934 670 intellexit,
970 619 1083 673 quod
1111 619 1302 659 voluntas
1335 620 1402 659 (lei
1432 627 1544 670 esset,
1578 627 1624 660 ut
1654 620 1711 660 acl
1731 627 1883 660 terram

199 695 382 729 sanctam
421 696 613 744 pe-ryeret
656 697 693 729 et
732 688 938 730 Christum
984 690 1032 730 de
1070 690 1309 748 infidelibus
1348 691 1586 731 vindicaret.
1645 690 1721 731 Ait
1759 692 1885 732 uxori

198 773 290 799 sue:
330 757 480 811 Credo,
516 760 629 814 quod
648 760 742 814 jam
779 777 806 801 a
835 775 898 802 me
929 763 1153 816 concepisti
1181 761 1394 816 infcmtem.
1442 761 1636 814 Nutricis,
1671 776 1883 817 quousque

130 836 173 871 10
197 845 357 883 venero,
392 832 493 885 quia
524 831 581 871 ad
612 838 765 872 terram
795 840 980 873 sanctam
1005 847 1180 888 peryere
1210 833 1314 874 volo.
1366 832 1450 874 Illa
1474 833 1545 874 hec
1566 834 1738 874 audiens
1762 834 1885 888 quasi

186 901 429 956 furibunda
461 903 509 943 de
542 902 640 943 lecto
673 905 866 956 surrevit,
894 906 1121 959 passionem
1153 905 1209 945 ad
1239 913 1364 960 caput
1396 904 1488 945 lecti
1517 906 1676 960 accepit
1696 911 1732 945 et
1753 905 1882 945 diaeit:

202 972 236 1014 O
269 974 432 1014 domine
461 975 540 1025 mi,
579 989 738 1029 semper
770 983 806 1016 te
837 976 967 1016 (lilea’i
997 984 1033 1017 et
1063 984 1221 1018 tantum
1246 991 1329 1031 pro
1363 984 1430 1017 tuo
1463 991 1602 1016 amore
1635 976 1881 1031 ea'spectavi,

200 1059 410 1100 quousque
438 1045 569 1099 fuero
610 1045 686 1086 tibi
724 1047 768 1086 in
807 1048 1071 1088 ‘matrimonio
1113 1049 1329 1103 copulata,
1372 1055 1416 1088 ut
1455 1048 1722 1088 committeres
1751 1047 1882 1088 «niulta

199 1115 324 1168 bella,
366 1124 412 1157 ut
441 1131 522 1172 per
555 1125 682 1158 totum
711 1119 912 1158 ‘mundum
930 1118 1060 1172 fanm
1090 1127 1162 1159 tua
1193 1128 1292 1160 esset
1323 1119 1560 1174 diculqata3
1589 1118 1684 1172 jam
1715 1119 1885 1174 concepi

131 1195 174 1230 15
199 1195 237 1229 et
272 1189 391 1229 modo
431 1188 530 1229 velis
571 1204 598 1229 a
638 1204 700 1230 me
742 1190 962 1244 separari?
1011 1191 1142 1231 Prius
1179 1206 1241 1231 me
1279 1193 1415 1246 ipsam
1457 1206 1547 1231 cum
1584 1192 1666 1231 ista
1698 1191 1884 1245 puqione

198 1258 289 1300 volo
315 1260 507 1300 occidere.
550 1259 627 1300 Ille
649 1262 831 1302 surrevit
853 1269 890 1302 et
907 1263 1133 1317 puyionem
1154 1278 1202 1304 eat
1232 1262 1423 1303 manibus
1455 1262 1540 1316 ejus
1563 1263 1722 1317 accepit
1743 1269 1779 1303 et
1801 1263 1882 1303 ait:

200 1328 441 1383 Carissima,
468 1346 603 1386 paveo
625 1331 774 1381 verba3
806 1341 942 1374 votum
974 1335 1046 1375 deo
1067 1334 1162 1389 feci
1189 1342 1341 1375 terram
1363 1341 1549 1374 sanctam
1571 1335 1750 1375 visitare.
1784 1332 1885 1374 Jam

199 1409 257 1443 est
278 1409 435 1457 tempus
458 1401 593 1458 [plus]
616 1404 866 1460 acceptabile
896 1412 1034 1446 votum
1054 1420 1188 1446 *meum
1217 1406 1402 1461 implere,
1438 1420 1562 1460 (licam
1592 1406 1637 1446 in
1664 1412 1884 1454 senectute3

199 1474 421 1526 sustineas,
462 1475 563 1529 quia
601 1475 674 1515 deo
713 1476 869 1517 volente
909 1478 986 1517 cito
1026 1477 1179 1518 redibo.
1241 1477 1326 1518 Illa
1365 1478 1413 1517 de
1443 1476 1578 1518 verbis
1613 1473 1711 1529 [147
1725 1473 1764 1530 b]
1799 1476 1884 1530 ejus

129 1554 175 1588 20
200 1544 435 1600 confortata
467 1545 638 1586 anulum
669 1548 708 1587 ei
737 1548 914 1588 tradidit
944 1556 981 1589 et
1011 1550 1092 1589 ait:
1134 1549 1289 1604 Accipe
1319 1550 1443 1589 istum
1471 1548 1665 1597 cmulum3
1697 1549 1884 1603 quotiens

198 1615 317 1656 illum
347 1619 576 1672 respeareris
608 1619 653 1658 in
678 1621 1023 1674 peregsrinacione
1054 1628 1138 1671 tua,
1174 1621 1413 1661 memoriam
1439 1621 1521 1661 mei
1539 1619 1720 1672 habebis,
1754 1627 1792 1661 et
1811 1634 1882 1675 eqo

199 1701 328 1742 usque
367 1689 424 1728 ad
453 1689 630 1729 reditum
661 1697 776 1730 tuum
801 1692 1010 1746 patienter
1041 1693 1274 1733 sustineam.
1331 1692 1454 1732 Miles
1485 1691 1676 1746 valefecit
1705 1693 1744 1733 ei
1753 1724 1765 1744 ‚
1804 1692 1883 1732 mi-

201 1758 312 1800 litem
356 1758 532 1814 Tyrium
571 1775 661 1801 cum
700 1775 744 1801 eo
783 1763 960 1817 accepit,
1005 1763 1081 1803 illa
1121 1778 1215 1804 cero
1255 1763 1393 1804 ‘multis
1432 1762 1574 1804 diebus
1605 1763 1779 1819 plana-it
1811 1778 1884 1804 nec

202 1830 413 1871 consolari
441 1839 619 1886 poterat.
670 1830 769 1873 Cum
802 1841 958 1888 tempus
991 1835 1169 1886 ademit,
1196 1835 1339 1892 filium
1365 1835 1694 1890 pulcherrimum
1717 1835 1886 1890 peperit

132 1912 177 1946 25
202 1910 238 1943 et
275 1916 366 1943 eam
397 1904 610 1944 tenerrime
639 1905 823 1944 nutrivit.
883 1902 1020 1946 Guido
1053 1914 1089 1946 et
1124 1905 1280 1961 Tyrius
1311 1906 1441 1948 'multa
1472 1921 1600 1962 reyna
1631 1907 1886 1948 transierunt

203 1981 239 2014 et
272 1973 462 2029 plurima
502 1974 607 2015 bella
638 1989 722 2030 pro
756 1974 909 2016 Christi
945 1991 1085 2018 amore
1123 1979 1422 2018 commiserunt.
1492 1977 1678 2019 Tandem
1713 1991 1886 2032 reqnum

202 2043 337 2086 Dacie
361 2060 443 2100 per
472 2046 658 2104 infideles
690 2055 777 2087 erat
808 2047 1066 2089 destructum.
1114 2049 1190 2090 Ait
1214 2047 1352 2091 Guido
1375 2051 1484 2090 socio
1507 2064 1606 2090 suo:
1648 2047 1882 2101 Carissinze,

204 2116 261 2157 ad
289 2116 397 2157 illud
425 2131 597 2172 reynum
622 2132 798 2173 pergyere
829 2119 946 2160 debes
979 2128 1015 2161 et
1044 2135 1177 2175 reqem
1209 2129 1353 2162 contra
1382 2121 1572 2177 infideles
1603 2121 1697 2162 totis
1726 2119 1885 2161 viribus

194 2187 366 2241 juvare,
417 2189 517 2243 quia
555 2187 814 2230 Christismus
861 2199 938 2240 est;
986 2206 1056 2247 eqo
1095 2206 1189 2232 vero
1235 2200 1388 2233 terram
1425 2200 1610 2233 sanctam
1647 2191 1810 2233 intrabo
1850 2199 1887 2232 et

134 2267 180 2302 30
206 2266 349 2299 contra
380 2257 534 2300 Christi
561 2261 750 2301 inimicos
777 2261 976 2317 puynabo
1010 2270 1046 2303 et
1069 2277 1149 2318 per
1181 2271 1217 2303 te
1247 2263 1403 2315 redibo,
1438 2271 1474 2305 et
1504 2265 1563 2305 sic
1586 2263 1788 2319 Anqliam
1817 2263 1884 2303 in-

205 2329 405 2371 trabimus
427 2345 518 2371 cum
536 2332 704 2386 qaudio.
756 2333 831 2373 Ait
856 2332 1031 2389 Tyrius:
1074 2333 1188 2385 Quid
1208 2334 1295 2386 tibi,
1323 2335 1464 2390 placet
1484 2343 1521 2376 et
1540 2335 1652 2376 milii.
1697 2334 1886 2390 Reqnum

204 2401 314 2443 illud
342 2401 529 2454 intrabo,
569 2411 605 2443 et
635 2404 673 2443 si
706 2405 819 2444 cz'ous
839 2404 1002 2458 fueris,
1028 2420 1109 2460 per
1139 2420 1201 2446 me
1232 2406 1399 2457 redeas,
1434 2414 1479 2447 ut
1511 2407 1568 2446 ad
1594 2407 1780 2461 patriam
1809 2420 1885 2447 no-

207 2481 335 2514 stram
372 2474 529 2514 intrare
565 2476 802 2529 poterimus.
855 2476 914 2516 At
952 2476 1043 2517 ille:
1082 2476 1284 2518 Fideliter
1323 2477 1399 2518 tibi
1429 2478 1640 2532 promitto.
1700 2477 1889 2518 Osculati

207 2553 302 2585 sunt
330 2545 504 2586 invicem
535 2553 572 2586 et
600 2547 646 2586 in
676 2547 944 2601 separacione
975 2562 1115 2588 amare
1133 2547 1302 2602 flebant.
1349 2546 1486 2591 Guiclo
1518 2556 1670 2589 terram
1701 2541 1904 2589 sanctams

137 2622 182 2657 35
206 2617 379 2656 intravit
418 2624 455 2657 et
489 2615 643 2672 Tyrius
679 2617 872 2658 Daciam.
930 2615 1068 2659 Guido
1101 2619 1293 2674 plurima
1332 2618 1438 2660 bella
1476 2627 1619 2660 contra
1652 2618 1886 2661 Saracenos

209 2694 245 2727 et
267 2702 462 2742 payanos
494 2689 695 2729 commisit
725 2696 759 2729 et
789 2689 836 2728 in
867 2690 980 2729 omni
1009 2689 1112 2730 bello
1147 2692 1360 2732 victoriam
1393 2690 1588 2742 obtinuit,
1630 2691 1740 2732 unde
1757 2690 1886 2745 fama

208 2757 292 2810 ejus
317 2773 398 2813 per
428 2766 555 2799 totum
585 2759 784 2800 mundum
814 2759 1002 2809 volabat‚·
1040 2759 1194 2816 Tyrius
1222 2777 1315 2803 vero
1338 2763 1526 2803 similiter
1548 2777 1684 2803 omnes
1703 2762 1885 2815 infideles

209 2829 257 2869 de
294 2844 418 2883 reqno
450 2829 585 2871 Dacie
622 2830 800 2886 expulit,
839 2832 968 2872 multa
1007 2831 1113 2873 bella
1150 2834 1352 2874 commisit
1381 2841 1417 2874 et
1447 2834 1664 2874 victoriam
1693 2835 1783 2889 ipse
1813 2832 1883 2874 ob-

207 2900 352 2950 tinuit5
388 2915 462 2941 rex
497 2916 591 2942 vero
633 2916 724 2942 eum
762 2917 887 2956 super
926 2917 1061 2943 omnes
1101 2904 1245 2945 dileccit
1281 2912 1318 2945 et
1354 2904 1576 2945 honoravit
1613 2912 1649 2945 et
1684 2904 1736 2945 ab
1775 2905 1888 2946 omni

139 2978 184 3011 40
202 2971 363 3026 populo
400 2980 457 3012 est
493 2973 700 3013 intantum
739 2972 929 3024 dilectus,
973 2975 1084 3028 quod
1122 2989 1194 3015 ‘rebe
1232 2990 1322 3016 eum
1359 2976 1518 3016 ditavit.
1574 2975 1683 3016 Erat
1714 2984 1810 3017 tunc
1838 2977 1884 3017 in
