1919 3157
885 104 968 145 509

86 208 292 261 diabolus,
333 208 439 262 quod
473 208 592 249 homo
626 213 713 250 erat
745 209 802 250 sic
833 209 1055 262 formatus,
1098 213 1141 250 ut
1172 209 1304 251 locum
1339 211 1425 264 ejus
1459 213 1498 252 in
1531 212 1615 254 celo
1648 225 1765 254 occu-

84 283 216 335 paret,
252 279 423 321 multum
459 279 493 320 ei
528 279 751 332 invidebat,
785 284 824 321 et
856 279 1026 333 studuit,
1061 281 1262 334 quomodo
1297 282 1383 335 ejus
1416 296 1585 324 uxorem
1610 283 1767 325 scilicet

86 350 264 392 animam
301 350 521 405 deturpare
556 356 704 405 posset.
754 351 886 392 Adam
922 364 1016 392 vero
1050 350 1237 405 cupidus,
1272 352 1339 405 qui
1372 366 1452 393 non
1485 358 1644 395 tantum
1678 358 1766 395 erat

85 425 300 463 contentus
333 421 382 463 de
415 421 478 462 dei
513 421 726 474 beneficio,
761 421 866 475 quod
900 421 976 462 sibi
1011 421 1142 473 dedit,
1176 421 1333 464 scilicet
1366 423 1415 464 de
1449 424 1660 478 paradiso,
1694 424 1763 466 sed

85 492 203 547 quasi
237 492 339 534 alter
372 492 471 534 deus
505 506 592 534 esse
626 492 809 545 volebat,
852 492 1074 546 vidensque
1107 492 1314 545 diabolus,
1348 494 1398 535 ad
1430 493 1558 536 Evam
1594 496 1766 537 accessit

84 563 243 605 dicens:
287 563 329 605 Si
362 563 622 605 comederitis
656 563 704 605 de
737 563 847 616 ligno
879 563 982 615 vite,
1024 564 1137 604 eritis
1178 564 1284 606 sicut
1316 564 1373 605 dii
1405 566 1579 608 scientes
1612 566 1764 608 bonum

84 638 125 676 et
163 634 340 687 malum,
384 633 528 676 Genes.
560 647 585 675 1.
643 634 841 676 Diabolus
882 635 996 689 prius
1035 648 1078 676 se
1118 635 1283 677 miscuit
1323 649 1414 677 cum
1456 636 1572 691 lepra
1610 637 1765 679 scilicet

83 705 324 760 iniquitate,
372 711 413 747 et
459 706 517 746 sic
564 705 614 746 ad
663 706 920 747 innocentem
970 706 1162 759 accessit,
1209 710 1249 748 et
1294 707 1523 749 mortaliter
1566 707 1763 762 peccavit,

83 777 245 831 quando
280 777 463 818 dix-inum
499 781 736 832 preceptum
771 777 959 829 violavit,
1002 781 1041 818 et
1077 777 1135 818 sic
1166 776 1287 818 homo
1319 778 1452 819 factus
1486 782 1547 820 est
1576 778 1764 833 leprosus

83 849 375 904 spiritualiter,
417 853 586 903 propter
625 848 731 903 quod
772 853 888 890 extra
927 861 1097 900 regnum
1139 848 1320 903 paradisi
1360 854 1448 891 erat
1486 849 1681 904 expulsus
1720 850 1762 890 in

81 920 394 962 universitatem
429 918 548 972 hujus
581 919 736 960 mundi.
784 919 913 961 Filius
936 919 1198 974 imperatoris
1227 919 1382 962 scilicet
1402 920 1510 962 filius
1533 920 1597 962 dei
1619 921 1762 962 videns

82 989 310 1043 hominem,
352 1003 474 1044 quam
508 990 758 1032 formaverat
798 990 839 1031 in
871 990 1058 1044 miseria,
1098 1003 1187 1032 cum
1223 995 1371 1033 natura
1407 992 1492 1045 ejus
1524 992 1688 1033 miscuit
1719 1005 1762 1034 se

83 1062 245 1116 quando
284 1062 334 1104 de
371 1061 468 1103 celis
508 1061 719 1103 descendit
758 1065 798 1103 et
838 1074 1002 1103 carnem
1042 1065 1226 1103 nostram
1267 1063 1511 1118 assumpsit,
1554 1063 1761 1104 intantum

81 1133 190 1188 quod
229 1146 303 1175 nos
343 1133 393 1175 ab
434 1134 544 1174 omni
575 1133 692 1189 lepra
731 1133 888 1189 peccati
929 1146 1001 1187 per
1039 1133 1273 1187 passionem
1315 1147 1429 1175 suam
1470 1134 1680 1187 liberavit,
1722 1138 1762 1176 et

79 1205 169 1260 ipse
201 1208 368 1260 peccata
399 1208 541 1246 nostra
572 1204 680 1258 tulit,
713 1205 755 1246 in
777 1218 949 1260 corpore
971 1217 1043 1245 suo
1075 1205 1207 1246 factus
1240 1208 1301 1246 est
1328 1205 1462 1260 turpis
1492 1205 1534 1246 in
1556 1205 1758 1260 passione.

80 1275 347 1318 Ysai.xvn1:
381 1275 570 1317 Vidimus
602 1290 692 1318 eum
727 1289 808 1317 non
841 1275 1058 1317 habentem
1092 1276 1270 1330 speciem
1302 1289 1434 1330 neque
1466 1276 1666 1318 decorem.
1706 1276 1762 1319 Et

79 1348 284 1402 sequitur:
316 1347 612 1403 Reputavimus
645 1361 734 1389 eum
770 1347 886 1401 quasi
917 1346 1123 1401 leprosum
1156 1360 1393 1401 percussum
1423 1361 1446 1389 a
1468 1347 1542 1389 deo
1565 1352 1606 1390 et
1627 1347 1761 1389 humi-

78 1418 237 1461 liatum.
279 1418 363 1460 Nos
392 1433 488 1461 vero
515 1419 572 1460 sic
594 1418 756 1461 liberati
781 1432 852 1473 per
875 1421 1048 1460 mortem
1072 1416 1225 1459 Christi
1258 1419 1484 1473 poterimus
1507 1419 1558 1460 ad
1581 1419 1759 1474 patriam

79 1489 271 1532 celestem
304 1503 465 1543 secure,
505 1490 540 1531 si
581 1489 849 1543 voluerimus,
889 1490 1127 1545 pervenire,
1167 1489 1239 1532 sed
1271 1489 1433 1531 celestis
1466 1488 1653 1532 Christus
1685 1504 1759 1533 nos

79 1561 228 1604 cotidie
259 1565 456 1616 temptat,
497 1561 635 1616 pulsat
673 1561 723 1602 ad
749 1561 921 1614 januam
954 1561 1087 1602 cordis
1120 1561 1272 1615 nostri,
1313 1561 1419 1603 sicut
1449 1562 1537 1617 ipse
1568 1566 1758 1615 testatur,

79 1630 234 1674 Cantic.
260 1646 327 1674 m:
374 1632 462 1685 Ego
502 1637 563 1674 sto
604 1632 653 1673 ad
694 1632 844 1673 ostium
884 1635 926 1674 et
973 1632 1109 1687 pulso;
1158 1633 1192 1674 si
1239 1633 1330 1686 quis
1371 1633 1581 1688 aperuerit
1620 1633 1758 1687 michi,

78 1703 230 1745 cenabo
263 1716 353 1745 cum
389 1717 447 1745 eo,
498 1702 577 1745 Sed
611 1703 828 1757 diligenter
861 1707 923 1746 est
955 1703 1266 1756 advertendum,
1300 1703 1407 1758 quod
1440 1704 1589 1746 ostium
1624 1705 1759 1746 cordis

78 1773 272 1816 debemus
305 1775 341 1816 ei
374 1775 536 1830 aperire
568 1788 640 1830 per
663 1780 820 1830 septem
845 1788 970 1830 opera
1002 1774 1295 1828 misericordie,
1329 1778 1368 1816 et
1401 1789 1493 1817 eum
1526 1789 1615 1817 cum
1648 1776 1759 1817 omni

77 1845 227 1898 gaudio
259 1846 457 1901 recipere,
491 1850 530 1887 et
562 1846 603 1887 in
636 1846 804 1901 speciali
836 1859 999 1888 camera
1032 1850 1150 1888 extra
1172 1845 1357 1888 homines
1391 1860 1481 1888 eum
1517 1861 1681 1902 ponere,
1714 1851 1759 1889 ut

76 1916 288 1958 nobiscum
322 1930 485 1972 semper
517 1922 701 1970 maneat,
739 1922 780 1959 et
811 1918 916 1959 sicut
947 1918 1024 1959 iste
1055 1917 1243 1972 leprosus
1276 1917 1418 1959 sitivit.
1476 1916 1538 1960 Ita
1569 1917 1757 1960 Christus

78 1987 210 2029 sitivit
241 1988 283 2029 in
315 2001 447 2039 cruce,
482 2001 572 2029 cum
607 1988 732 2030 dixit:
767 1987 888 2030 Sicio.
937 1987 1042 2038 Quid
1075 1988 1271 2030 siciebat?
1301 1988 1393 2030 Non
1427 1988 1567 2030 vinum
1600 1989 1669 2031 sed
1693 2003 1757 2031 sa-

77 2057 204 2100 lutem
239 2059 471 2100 animarum
503 2064 752 2101 nostrarum.
808 2059 932 2102 Judei
972 2059 1049 2101 hoc
1089 2059 1302 2101 audientes
1343 2064 1499 2102 acetum
1541 2073 1630 2102 cum
1664 2060 1758 2103 felle

77 2129 252 2171 mixtum
292 2130 329 2172 ei
369 2130 582 2172 dederunt.
636 2131 743 2173 Ecce
782 2135 1014 2186 serpentem
1057 2144 1304 2172 venenosum
1346 2144 1421 2186 pro
1453 2136 1595 2173 nostra
1626 2131 1758 2174 salute

77 2199 181 2242 bibit
213 2205 253 2243 et
284 2206 416 2243 totum
450 2215 651 2244 venenum
685 2202 843 2258 peccati
875 2202 1000 2257 primi
1033 2202 1215 2256 parentis
1254 2202 1448 2257 projecit,
1489 2206 1530 2244 et
1567 2202 1626 2244 sic
1664 2216 1754 2244 cum

77 2270 284 2313 dextrario
324 2272 553 2314 divinitatis
592 2286 684 2315 cum
716 2273 972 2315 humanitate
1008 2273 1052 2314 in
1090 2272 1155 2314 die
1197 2273 1450 2316 ascensionis
1489 2286 1579 2315 cum
1618 2273 1757 2315 multi-

77 2342 219 2385 tudine
249 2343 358 2386 celos
391 2344 588 2386 ascendit.
636 2343 691 2386 Et
723 2345 781 2386 sic
812 2348 875 2387 est
904 2343 1010 2386 finis.

1790 501 1811 535 5

1790 857 1833 890 10

1789 1212 1831 1246 15

1785 1567 1830 1602 20

1783 1923 1828 1957 25

1781 2278 1827 2312 30
