1949 3162
994 59 1080 100 340

315 162 547 216 Carissimi,
588 162 706 206 miles
739 168 801 206 est
833 163 1019 206 Christus
1051 163 1158 206 filius
1191 164 1276 217 dei,
1317 165 1386 219 qui
1418 177 1492 219 pro
1525 164 1642 206 nobis
1673 164 1875 219 pugnavit

196 237 341 275 contra
382 233 588 275 diabolum
633 238 673 276 et
711 235 925 276 victoriam
968 235 1156 277 obtinuit.
1216 233 1329 276 Uxor
1371 238 1433 277 est
1470 235 1607 276 anima.
1648 233 1759 289 [sibi]
1801 248 1875 290 per

196 304 446 359 baptismum
482 305 712 359 conjuncta.
763 305 865 348 Osee
898 307 1097 348 secundo:
1132 305 1346 362 Sponsabo
1378 310 1419 348 te
1450 305 1574 348 michi
1596 306 1638 348 in
1659 304 1751 348 fide.
1793 304 1875 348 Sed

198 388 300 416 uxor
332 375 412 417 ista
444 376 659 432 sepissime
690 376 782 432 plus
815 377 941 418 alium
974 377 1127 431 diligit,
1161 391 1283 432 quam
1316 378 1449 419 virum
1482 390 1600 419 suum
1631 377 1657 418 i.
1682 390 1715 419 e.
1739 376 1874 430 deum,

148 451 169 484 5
196 449 236 488 et
267 445 343 488 hoc
375 447 475 488 satis
510 447 611 490 bene
642 448 796 503 poterit
827 449 1007 503 experiri
1049 452 1088 490 et
1119 449 1286 504 probari
1323 449 1365 490 in
1397 449 1488 490 istis
1520 447 1684 502 diebus,
1716 448 1751 490 si
1782 448 1874 503 quis

194 517 387 571 loquatur
419 519 524 560 sicut
554 519 710 561 faciunt
732 519 808 560 viri
832 518 1098 562 ecclesiastici
1123 520 1291 562 verbum
1315 520 1380 562 dei
1403 519 1664 575 predicando,
1698 518 1873 560 salutem

195 588 330 630 anime
362 590 685 644 pronunciando,
720 591 860 632 statim
895 604 917 632 a
949 590 1090 633 multis
1123 591 1288 633 odiosus
1321 591 1412 645 erit,
1445 594 1486 632 et
1507 589 1699 644 quicquid
1723 589 1876 632 dixerit

194 673 268 715 pro
300 660 409 702 tedio
443 665 483 702 et
514 661 771 703 desolacione
803 661 1022 703 habebunt.
1056 661 1111 703 Et
1142 662 1295 716 quare?
1333 661 1438 712 Quia
1460 661 1600 716 pulsus
1624 660 1758 702 cordis
1781 673 1874 715 pre-

193 731 310 785 ponit
349 745 530 773 amorem
571 732 596 773 i.
629 746 662 774 e.
687 732 975 774 delectacionis
1020 733 1155 775 carnis
1194 737 1234 775 et
1269 733 1412 775 mundi
1453 736 1547 774 ante
1586 731 1651 773 dei
1690 744 1871 773 amorem

125 810 168 843 10
194 807 336 844 contra
368 816 525 845 sacram
550 804 811 858 scripturam,
846 817 923 858 que
945 803 1063 846 dicit:
1096 804 1207 846 Ante
1229 804 1368 846 omnia
1389 803 1510 846 deum
1533 803 1712 857 deligere
1734 801 1870 844 debes.

195 872 275 915 Sed
307 874 341 915 si
374 874 464 928 quis
496 874 545 915 de
578 875 720 916 mundi
753 875 1004 917 vanitatibus
1042 879 1083 917 et
1114 875 1163 917 de
1195 875 1273 917 hiis
1307 888 1384 930 que
1417 875 1594 929 diligunt
1624 872 1779 928 aliquid
1809 873 1873 914 in-

193 945 348 1000 ceperit
380 945 528 998 dicere,
563 946 701 987 statim
729 946 901 999 jucundi
935 951 974 988 et
1003 946 1074 989 leti
1107 951 1203 989 sunt
1233 946 1298 988 vel
1329 947 1488 988 faciunt
1518 949 1564 988 ut
1594 946 1652 988 eis
1684 944 1874 986 videatur

193 1016 235 1057 in
267 1015 416 1058 talibus
450 1019 611 1072 tempus
644 1016 766 1060 breve
799 1018 987 1071 quamvis
1020 1022 1107 1061 tota
1140 1018 1205 1061 die
1238 1018 1420 1060 sedeant.

862 1248 963 1291 OAP.
988 1249 1057 1290 41.
1093 1249 1196 1301 (40.)

124 1344 166 1377 15
473 1333 546 1377 De
580 1335 771 1379 victoria
812 1334 978 1381 Christe·
1013 1341 1054 1381 et
1087 1338 1272 1382 caritate
1309 1335 1401 1395 ejus
1437 1336 1591 1381 nimia.

309 1441 486 1483 Cosdras
532 1443 760 1497 imperator
806 1443 1124 1486 Atheniensium
1173 1448 1315 1487 contra
1361 1443 1567 1486 Dorenses
1615 1445 1870 1498 pugnaturus

192 1512 456 1566 congregavit
495 1514 744 1567 exercitum,
793 1517 833 1556 et
880 1528 1004 1570 super
1044 1520 1192 1557 eventu
1232 1515 1328 1558 belli
1375 1514 1580 1557 consuluit
1619 1513 1869 1569 Apollinem.

192 1582 266 1625 Cui
298 1597 540 1638 responsum
575 1589 649 1639 est,
683 1585 792 1639 quod
823 1585 943 1628 aliter
973 1600 1054 1628 non
1087 1587 1282 1641 vinceret7
1315 1587 1396 1629 nisi
1416 1587 1506 1642 ipse
1527 1585 1663 1639 gladio
1684 1583 1874 1626 interiret

191 1654 343 1696 hostili.
392 1655 598 1698 Dor-enses
639 1656 714 1698 hoc
753 1657 891 1698 audito
932 1657 1145 1712 dixerunt,
1185 1672 1236 1701 ne
1269 1659 1359 1713 quis
1396 1658 1553 1700 lederet
1583 1669 1732 1712 corpus
1762 1655 1872 1709 regis

123 1727 167 1761 20
194 1724 317 1780 [3522]
354 1725 510 1768 Cosdri.
558 1726 673 1777 Quod
704 1732 924 1782 postquam
957 1728 1134 1771 Cosdras
1167 1730 1370 1784 cognovit,
1403 1732 1562 1771 mutato
1594 1728 1701 1782 regis
1729 1726 1873 1769 habitu

194 1810 308 1839 arma
342 1799 501 1853 accepit
532 1802 572 1840 et
604 1799 830 1840 exercitum
854 1801 1100 1854 penetravit.
1149 1801 1264 1851 Quod
1286 1801 1430 1843 videns
1452 1813 1557 1842 unus
1578 1799 1757 1841 militum
1779 1811 1870 1840 cum

192 1867 336 1910 lancea
370 1882 463 1910 eum
495 1883 624 1924 usque
657 1870 706 1912 ad
739 1883 808 1912 cor
839 1872 1072 1926 penetravit
1104 1873 1223 1914 etsie
1244 1886 1318 1927 per
1339 1876 1513 1914 mortem
1536 1884 1652 1914 suam
1674 1869 1871 1927 populum

193 1953 313 1982 suum
355 1940 404 1982 de
444 1941 633 1983 manibus
672 1942 934 1984 inimicorum
975 1957 1142 1985 suorum
1179 1943 1383 1986 liberavit.
1430 1943 1612 1986 Tandem
1652 1942 1702 1986 de
1741 1946 1873 1984 morte

194 2011 279 2064 ejus
310 2011 442 2053 factus
476 2016 538 2054 est
568 2012 758 2067 planctus
791 2027 964 2067 magnus
1001 2028 1051 2056 ex
1083 2018 1257 2070 utraque
1288 2014 1431 2071 populi
1461 2018 1591 2070 parte.

123 2086 166 2120 25
310 2081 545 2136 szrissimi,
586 2084 644 2125 sic
685 2083 858 2126 dilectus
899 2085 1089 2128 dominus
1122 2090 1261 2128 noster
1292 2086 1433 2128 Ihesus
1466 2085 1653 2128 Christus
1685 2083 1871 2127 consulto

194 2153 268 2195 deo
302 2158 431 2208 patre,
466 2154 573 2208 quod
605 2168 732 2208 genus
765 2155 989 2198 humanum
1023 2170 1104 2198 non
1136 2161 1277 2212 posset
1307 2158 1468 2212 redimi,
1500 2157 1581 2199 nisi
1612 2157 1647 2199 si
1674 2156 1764 2212 ipse
1785 2168 1872 2197 mo-

192 2228 365 2278 reretur,
408 2226 522 2267 venit
571 2230 827 2280 pugnaturus
875 2227 916 2268 in
950 2228 1056 2269 bello
1096 2228 1175 2270 isto
1217 2232 1360 2271 contra
1398 2228 1620 2271 diabolum.
1676 2227 1731 2270 Et
1767 2227 1871 2270 scies

194 2296 301 2349 quod
334 2301 636 2350 agnosceretur,
670 2298 846 2339 mutavit
876 2298 1061 2341 habitum
1099 2313 1216 2341 suum
1251 2300 1413 2355 quando
1435 2304 1628 2342 naturam
1649 2298 1872 2341 humanam

194 2367 420 2422 assumpsit
452 2381 478 2408 1.
504 2367 594 2410 Cor.
619 2368 772 2423 primo:
822 2369 862 2410 Si
897 2370 1204 2424 cognovissent,
1244 2385 1467 2426 numquam
1502 2371 1712 2413 dominum
1744 2369 1873 2424 glorie

122 2442 167 2475 30
193 2437 505 2481 crucifixissent.
563 2439 805 2481 imminente
846 2454 941 2483 vero
989 2441 1054 2483 die
1094 2441 1188 2483 belli
1237 2456 1343 2484 unus
1385 2442 1564 2484 militum
1604 2445 1717 2484 stans
1750 2442 1872 2496 juxta

193 2522 354 2551 crucem
388 2522 478 2551 cum
512 2509 654 2552 lancea
687 2523 779 2552 eum
812 2525 940 2566 usque
973 2513 1024 2554 ad
1057 2526 1126 2554 cor
1157 2513 1403 2568 penetravit,
1436 2517 1476 2556 et
1506 2513 1565 2555 sic
1596 2526 1669 2568 per
1696 2516 1872 2555 mortem
1898 2566 1902 2568 ῃ

193 2593 310 2622 suam
342 2584 474 2622 totum
505 2595 633 2634 genus
673 2581 898 2624 humanum
930 2586 1061 2625 morte
1087 2585 1200 2637 juste
1238 2584 1519 2639 adjudicatum
1557 2583 1761 2626 liberavit.
1808 2583 1872 2626 De

193 2652 307 2705 cujus
330 2656 462 2694 morte
494 2651 609 2693 dolor
632 2655 694 2694 est
719 2665 767 2693 ex
790 2655 965 2707 utraque
987 2658 1118 2709 parte,
1150 2655 1227 2697 hoc
1256 2659 1318 2697 est
1347 2655 1540 2698 demones
1563 2654 1738 2697 multum
1760 2654 1871 2697 dole-

193 2722 304 2776 bant,
337 2723 445 2777 quod
477 2736 551 2778 per
583 2723 668 2777 ejus
701 2726 876 2765 mortem
912 2738 1040 2778 genus
1072 2725 1297 2767 humanum
1330 2729 1419 2769 erat
1450 2725 1673 2780 salvatum,
1707 2739 1758 2769 ex
1790 2725 1872 2768 alia.

122 2796 167 2831 35
192 2798 309 2847 parte
341 2794 481 2836 tristes
515 2798 632 2836 erant
664 2793 839 2849 apostoli
871 2795 920 2837 de
953 2809 1051 2838 nece
1084 2797 1147 2838 sui
1181 2796 1347 2839 domini.

289 2874 424 2908 11-12
448 2874 631 2919 inceperit]
659 2879 742 2919 oriy,
769 2874 978 2919 inceperint.
