1919 3131
77 164 147 207 57.

75 307 146 349 58.

77 448 146 491 59.

76 590 144 632 60.

76 731 144 774 61.

75 872 144 915 62.

74 1015 142 1057 63.

74 1157 143 1200 64.

73 1299 142 1341 65.

73 1441 142 1484 66.

74 1583 142 1625 67.

74 1725 142 1768 68.

73 1867 143 1910 69.

73 2009 142 2052 70.

73 2151 142 2193 71.

141 2252 146 2255 -
191 2221 265 2264 des
297 2222 529 2273 eremiten.)

74 2292 143 2334 72.

75 2434 143 2476 73.

75 2575 144 2616 74.

75 2715 144 2757 75.

76 2856 145 2899 76.

902 63 954 103 15

194 164 445 221 Exemplum
480 165 645 209 bonum.
695 166 900 210 Scribitur
932 167 1063 210 nobis.
1123 166 1252 218 (Solm
1285 167 1391 211 ohne
1423 168 1567 212 wissen
1601 170 1671 213 des
1706 184 1774 213 va-

195 240 279 278 ters
313 236 377 278 ins
411 236 599 288 kloster.)

194 306 446 362 Exemplum
487 308 654 350 bonum.
710 307 882 362 Legitur
921 309 971 350 de
1013 308 1190 362 quodam
1234 308 1374 351 divite.
1434 309 1623 359 (Reiclier
1666 312 1774 354 kann

194 378 310 420 nicht
342 378 545 431 beicliten,
581 379 671 420 wcil
706 379 831 422 teufel
865 393 930 421 am
965 379 1108 429 bette.)

194 447 446 504 Exemplum
480 449 529 491 de
562 450 755 504 passione
788 451 955 492 domini.
1006 450 1197 492 Refertur
1219 462 1244 491 a
1264 448 1343 491 fide
1366 450 1514 504 dignis.
1561 451 1775 498 (Entsiihrt

193 519 279 561 und
312 519 569 567 bescheukt.)
618 520 688 562 lat.
718 524 752 562 1.

193 589 460 646 Exemplum.
509 590 681 645 Legitur
713 605 893 647 namque
926 592 1036 646 quod
1069 591 1245 646 quedam
1273 590 1424 632 nobilis
1447 591 1625 634 domina.
1675 592 1774 640 (Dii-

193 673 344 703 monen
377 661 576 704 verehreu
610 662 774 713 hostie.)

191 730 457 788 Exemplum.
514 733 558 774 111
591 733 789 776 Almania
827 733 955 775 frater
987 731 1220 774 Bertoldus.
1278 731 1482 784 (Bekehrt
1521 733 1640 776 einen
1679 738 1773 775 ritu-

193 802 299 854 ber.)

192 873 445 929 Exemplum
478 874 644 916 bonum.
692 873 866 928 Legitur
888 874 938 916 de
960 873 1139 928 quodam
1162 873 1377 916 heremita.
1428 873 1564 926 (Sieht
1586 873 1774 916 Christus

192 944 267 986 das
298 944 427 987 kreuz
461 945 639 997 tragen.)

190 1014 444 1071 Exemplum
476 1016 643 1058 bonum.
692 1014 790 1057 Fuit
822 1015 991 1070 quidam
1027 1019 1173 1071 potens
1206 1019 1247 1057 et
1278 1015 1406 1057 dives.
1456 1013 1642 1070 (Spricht
1669 1016 1772 1058 nach

191 1085 286 1128 dem
318 1086 415 1128 tode
447 1085 556 1129 beim
589 1086 822 1139 Miserere.)
1483 1091 1486 1094 ’

190 1156 444 1213 Exemplum
485 1157 536 1200 de
572 1157 821 1200 humilitate.
877 1157 1054 1208 Quidam
1085 1157 1221 1199 homo.
1278 1155 1585 1208 (Scheintodter
1616 1156 1775 1212 spricht

190 1228 275 1270 und
308 1229 466 1279 weint.)

189 1298 440 1356 Exemplum
476 1299 526 1342 de
557 1299 747 1342 tristicia.
802 1298 974 1352 Legitur
1006 1298 1057 1341 de
1090 1297 1280 1352 quodam.
1336 1297 1481 1349 (Krete
1513 1297 1587 1340 auf
1615 1298 1772 1340 todtem

147 1419 151 1423 ,
192 1372 341 1423 vater.)

190 1440 444 1496 Exemplum
477 1440 587 1495 quod
619 1440 769 1483 divicie
801 1440 1031 1495 dampnare
1063 1438 1286 1481 hominem.
1337 1437 1509 1492 Legitur
1541 1439 1651 1494 quod
1683 1439 1772 1494 qui-

191 1512 286 1554 dam
313 1511 457 1566 judex:
513 1511 662 1565 (Engel
694 1512 806 1565 zeigt
837 1511 930 1553 dem
963 1510 1091 1552 sohne
1123 1509 1190 1552 die
1222 1509 1350 1551 strafe
1381 1509 1453 1552 des
1484 1510 1654 1562 vater-s.)

189 1582 443 1638 Exemplum
467 1582 517 1625 de
539 1582 786 1624 humilitate.
830 1581 1004 1635 Legitur
1025 1581 1157 1624 eciam
1179 1581 1230 1623 de
1253 1584 1317 1623 sta
1337 1580 1578 1636 Elysabeth.
1625 1580 1773 1635 (Pflegt

190 1654 248 1696 im
280 1653 462 1709 hospital
495 1667 546 1695 zu
578 1652 776 1707 Marburg
808 1653 874 1695 die
907 1651 1126 1704 kranken.)

189 1724 444 1780 Exemplum
484 1724 535 1766 de
573 1736 746 1779 corpore
778 1723 946 1766 Christi.
1003 1723 1189 1773 Quedam
1220 1722 1382 1764 mulier.
1440 1721 1516 1773 (St.
1540 1721 1770 1764 Richardus

190 1795 286 1838 hort
317 1795 628 1849 engelsgesang,
662 1808 725 1837 wo
757 1795 892 1837 hostie
923 1794 1207 1848 hingeworfen
1239 1794 1356 1843 war.)

189 1866 442 1922 Exemplum
476 1866 526 1909 de
557 1866 633 1908 ira.
682 1865 859 1916 Quidam
891 1865 1086 1921 princeps
1119 1865 1266 1907 habuit
1291 1864 1435 1906 filium.
1487 1862 1612 1915 (Gute
1633 1863 1772 1906 werke

190 1937 322 1980 durch
354 1950 454 1979 zorn
486 1936 754 1991 vergeblich.)

190 2008 442 2064 Exemplum
466 2008 517 2050 de
538 2007 931 2050 communicacione.
971 2006 1149 2057 Quidam
1171 2005 1567 2049 excommunicatus.
1604 2003 1771 2056 (Sieben

185 2079 307 2134 jahre
338 2079 444 2122 nach
476 2079 571 2122 dem
603 2078 699 2121 tode
729 2078 996 2130 unverwest.)

191 2150 444 2206 Exemplum
475 2151 525 2193 de
555 2150 731 2193 servicio
753 2149 833 2192 dei.
874 2148 986 2192 Utile
1009 2151 1071 2192 est
1091 2148 1165 2190 ire.
1207 2146 1356 2200 (Engel
1379 2146 1492 2188 zahlt
1513 2146 1578 2188 (116
1600 2145 1771 2189 schritte

190 2292 444 2348 Exemplum
487 2291 595 2346 quod
633 2291 830 2333 debemus
869 2289 1104 2344 relinquere
1142 2288 1356 2331 mundum.
1421 2286 1597 2337 Quidam
1637 2286 1768 2329 miles.

193 2361 320 2414 (Welt
351 2362 559 2405 erscheint
589 2375 692 2403 vorn
725 2361 865 2414 sehon,
898 2361 1043 2403 hinten
1075 2359 1348 2410 verwesend.)
1397 2372 1492 2413 app.
1517 2360 1555 2400 6.

190 2432 443 2489 Exemplum
482 2433 533 2475 de
571 2432 858 2475 misericordia
895 2431 974 2474 dei.
1029 2431 1205 2481 Quidam
1245 2429 1364 2472 miles
1395 2429 1486 2471 fuit.
1542 2428 1643 2480 (Der
1675 2430 1771 2481 gute

191 2507 358 2546 vorsatz
389 2504 546 2555 rettet.)

191 2573 256 2617 De
296 2574 611 2630 dampnacione.
667 2573 846 2624 Quidam
876 2573 999 2615 homo
1032 2585 1172 2615 senex.
1229 2571 1398 2623 (Armer
1430 2569 1556 2623 sieht,
1589 2569 1667 2611 wie
1699 2567 1771 2611 der

192 2644 330 2687 1616116
362 2659 437 2687 zur
468 2645 576 2687 116116
607 2643 776 2698 gefiihrt
806 2643 942 2695 wird.)

191 2715 443 2770 Exemplum
475 2715 526 2758 de
558 2715 849 2768 castigacione.
899 2713 1078 2764 Quidam
1104 2712 1236 2755 bonus
1258 2712 1393 2754 homo.
1444 2709 1581 2761 (Betet
1600 2709 1669 2751 fiir
1690 2709 1771 2750 rei-

193 2785 297 2829 chen
327 2786 413 2828 und
445 2786 553 2828 sieht
585 2786 651 2828 die
683 2785 780 2840 qual
811 2784 884 2827 der
917 2784 1086 2836 seelen.)

192 2855 445 2912 Exemplum
483 2857 534 2899 de
571 2856 844 2898 confessione.
900 2854 1078 2905 Quidam
1109 2853 1288 2908 juvenis.
1345 2851 1516 2902 (Todter
1555 2853 1670 2892 vater
1707 2861 1770 2890 er-

193 2926 355 2969 scheint
385 2927 479 2969 dem
513 2926 717 2970 betenden
751 2925 911 2976 sohne.)
