1919 3157
893 47 979 88 529

81 146 233 210 platus
260 152 434 194 Tharsie
454 153 546 204 filie
577 168 648 193 sue
679 161 715 193 et
747 153 953 193 osculatus
985 161 1043 192 est
1064 167 1153 192 eam
1176 167 1266 192 cum
1302 153 1438 192 leticia
1471 159 1507 191 et
1524 165 1604 206 pre
1623 152 1781 205 ⁸qaudio

87 221 210 277 [129]
230 225 349 278 flevit
381 237 530 262 almiro>
554 231 589 263 et
622 225 704 263 ait.-
741 222 775 263 Ο
808 223 1050 262 dulcissima
1082 230 1183 262 nata
1218 237 1302 261 mea
1327 231 1362 262 et
1387 224 1525 269 meir-a,
1561 222 1782 261 dimidium

85 296 223 336 anime
256 308 351 338 mee.
386 308 467 333 non
502 295 660 333 moriar
686 303 863 349 propter
895 302 952 341 τω
984 295 1139 343 inveni,
1170 302 1348 347 propter
1371 309 1495 347 quam
1521 293 1633 332 volui
1655 292 1785 332 mori!

86 365 189 406 Alta
220 379 316 405 roce
347 363 552 404 clamabat
585 365 747 404 dicens:
788 365 970 409 Currite,
998 364 1186 417 J'amuli,
1222 365 1396 410 currite,
1432 365 1578 413 amici,
1614 364 1780 413 currite,

86 450 238 486 omnes,
272 442 308 475 et
341 436 501 474 miserie
536 450 617 474 mee
637 435 765 487 finem
801 436 1025 489 imponite!
1072 433 1219 474 Inveni
1240 449 1365 488 quam
1382 434 1668 488 perdideram,
1702 434 1782 473 sci-

85 506 178 546 licet
207 507 373 545 unicam
395 505 533 557 silium
570 520 710 545 meam.
770 505 929 545 Audito
963 505 1163 555 clamore,
1190 505 1356 558 famuli
1386 512 1617 554 currerunt,
1653 504 1784 544 currit

83 578 192 617 inter
222 576 317 616 illos
349 575 627 629 Atlaanayora
653 577 869 630 princeps,
904 583 939 615 et
971 575 1306 616 descendentibus
1339 575 1422 614 illis
1454 576 1499 614 in
1520 589 1680 624 nai-em,
1715 576 1783 614 in-

83 654 281 686 venerunt
311 646 431 686 illum
451 647 617 699 Jlentem
648 661 727 701 pre
755 648 914 701 ¹csamlio
947 661 1074 701 super
1106 646 1256 686 collum
1277 645 1369 696 filie
1401 659 1471 684 sue
1500 652 1536 684 et
1560 646 1781 684 dicentem:

83 717 191 758 Ecce
211 717 310 769 filia
344 731 445 766 mea,
482 731 608 770 quam
641 717 774 771 luyeo,
810 718 1032 757 (limidium
1064 718 1201 757 anime
1234 716 1341 755 mee!
1385 714 1485 754 Jam
1520 715 1608 755 volo
1633 716 1779 755 vicere.

87 786 237 828 Omnes
280 802 358 842 pre
400 788 559 841 glaudio
605 803 697 827 cum
735 802 779 827 eo
808 787 978 841 flebant.
1040 786 1157 827 Tunc
1200 787 1361 839 eriqens
1400 799 1441 824 se
1482 785 1781 840 Appollonius,

76 858 280 913 projectis
326 857 502 898 cestibus
550 857 815 912 luqubm‘buS,
869 859 1041 898 inclutus
1088 866 1147 898 est
1194 856 1368 896 vestibus
1414 856 1701 896 mundissimis
1748 863 1783 896 et

84 942 222 969 omnes
254 929 470 969 dicerunt:
518 928 552 969 O
586 929 765 979 domine,
802 943 928 983 quam
959 928 1109 968 similis
1143 935 1199 968 est
1219 927 1319 979 filia
1350 934 1422 966 tua
1452 925 1594 965 vobis!
1626 924 1678 967 Si
1699 940 1784 966 non

83 1007 184 1040 esset
204 999 324 1039 aliud
345 1001 682 1054 emperimentum,
714 999 920 1053 sufficeret
941 990 1280 1052 ejus'similitudo
1304 998 1360 1037 ad
1375 996 1660 1052 probandum,
1693 1011 1784 1036 eam

83 1084 167 1111 esse
185 1070 328 1122 filiam
359 1072 497 1111 tuam!
555 1069 671 1110 Tunc
691 1070 790 1121 filia
823 1070 905 1121 bis,
948 1078 1028 1121 ter,
1064 1078 1211 1123 quater
1243 1068 1431 1109 osculata
1463 1075 1520 1107 est
1545 1074 1714 1122 patrem
1747 1074 1784 1107 et

83 1142 163 1182 ait:
213 1140 248 1182 O
290 1149 437 1196 pater,
487 1140 721 1181 benedictus
761 1142 882 1192 deus,
933 1142 1008 1195 qui
1049 1140 1150 1180 milii
1185 1140 1371 1194 qratiam
1409 1139 1542 1190 dedit,
1594 1138 1707 1192 quod
1747 1145 1782 1178 te

80 1212 220 1252 videre
245 1220 408 1266 potero,
443 1219 573 1252 tecum
615 1213 768 1263 vicere,
811 1219 940 1251 tecum
976 1211 1112 1250 mori!
1161 1210 1219 1250 Et
1248 1210 1442 1249 narravit
1473 1209 1532 1259 ei,
1577 1208 1781 1262 quomodo

82 1297 110 1323 a
148 1282 290 1323 lenone
329 1289 573 1337 comparata
615 1289 651 1322 et
688 1283 733 1321 in
775 1282 979 1336 lupanari
1017 1288 1118 1321 esset
1149 1281 1316 1335 posita,
1360 1287 1397 1319 et
1435 1279 1640 1333 quomodo
1683 1279 1782 1318 deus

80 1353 364 1408 virqinitatem
395 1368 514 1392 suam
546 1352 777 1392 custodivit.
828 1351 1017 1392 Audiens
1057 1351 1128 1391 laec
1160 1350 1452 1404 Atliana901²a,
1492 1350 1637 1389 timens
1669 1349 1782 1389 scili-

82 1430 155 1474 cet,
187 1438 238 1464 ne
268 1424 411 1481 filiam
443 1422 566 1462 alteri
603 1424 649 1462 in
679 1436 852 1462 uavorem
883 1423 1023 1473 daret,
1062 1423 1178 1461 misit
1212 1435 1253 1461 se
1285 1421 1342 1460 ad
1367 1420 1495 1474 pedes
1527 1419 1784 1474 Appollonii

82 1494 244 1534 dicens:
283 1493 450 1546 Adjuro
484 1501 519 1533 te
553 1507 635 1548 per
667 1493 787 1533 deum
818 1494 978 1543 vicum,
1015 1493 1089 1546 qui
1119 1500 1154 1532 te
1180 1498 1349 1546 patrem
1373 1490 1466 1547 filie
1496 1491 1697 1541 restituit,
1731 1504 1783 1530 ne

81 1564 205 1605 alteri
226 1565 370 1623 filiam
401 1565 471 1604 des
511 1565 558 1603 in
597 1563 832 1618 conjuqem,
873 1564 959 1603 nisi
995 1563 1120 1612 milit,-
1159 1577 1251 1602 sum
1289 1562 1399 1601 enim
1424 1562 1626 1615 princeps
1658 1559 1782 1613 liujus

82 1637 276 1686 civitatis,
314 1649 402 1675 meo
435 1634 596 1674 aua-ilio
628 1635 747 1688 virqo
775 1635 1011 1688 permansit
1043 1641 1080 1674 et
1108 1647 1171 1673 me
1203 1633 1305 1672 duce
1336 1639 1372 1671 te
1398 1639 1566 1686 patrem
1597 1632 1778 1686 aqnovit.

82 1704 160 1747 Cui
189 1706 476 1761 Appollonius
515 1707 596 1745 ait:
635 1704 736 1745 Non
771 1718 946 1759 possum
983 1703 1060 1744 tibi
1099 1718 1183 1744 esse
1222 1703 1474 1753 contrarius,
1519 1703 1620 1756 quia
1652 1701 1782 1741 multa

75 1791 158 1832 pro
189 1777 291 1834 filia
331 1791 419 1816 mea
438 1775 606 1829 fecisti,
651 1783 687 1815 et
717 1776 810 1815 ideo
845 1783 964 1830 opto,
1007 1782 1053 1815 ut
1082 1775 1136 1814 sit
1167 1788 1275 1814 uti-or
1307 1781 1402 1822 tua,·
1444 1780 1481 1812 et
1511 1780 1607 1812 tunc
1637 1779 1779 1823 restat,

81 1855 127 1888 ut
155 1848 361 1888 vindicem
390 1861 454 1887 me
485 1862 511 1886 a
543 1847 696 1886 lenone.
751 1845 1031 1900 Athanaqora
1070 1846 1277 1885 civitatem
1313 1844 1490 1883 intravit
1527 1843 1781 1882 convocatis-

83 1932 160 1973 que
191 1917 349 1958 civibus
382 1918 512 1957 dicit:
553 1916 620 1957 Ne
645 1924 794 1971 pereat
825 1917 971 1956 civitas
997 1922 1177 1970 propter
1207 1930 1337 1954 unum
1368 1914 1571 1970 impium!
1623 1912 1779 1954 Sciatis

81 1988 389 2043 Appollonium
410 2002 560 2042 reyem,
588 1994 757 2041 patrem
784 1985 973 2038 learsie,
998 1986 1076 2026 liuc
1097 1987 1279 2026 venisse!
1299 1985 1415 2025 ‘Ecce
1437 1985 1586 2024 classes
1608 1984 1780 2023 navium

74 2067 313 2114 properant
351 2073 442 2098 cum
478 2058 638 2112 ¹qrandi
675 2059 855 2098 eaeercitu
895 2057 1187 2098 destruendam
1225 2057 1431 2096 civitatem
1456 2062 1636 2110 propter
1668 2054 1778 2094 leno-

80 2143 193 2181 nem,
233 2130 308 2184 qui
336 2129 480 2186 filiam
517 2143 637 2168 suam
675 2127 898 2168 learsiam
935 2129 982 2168 in
1014 2127 1218 2182 lupanari
1248 2127 1469 2167 constituit.
1525 2124 1624 2165 Hiis
1657 2124 1778 2164 dictis

1809 789 1852 822 10

1809 1140 1852 1174 15

1807 1491 1853 1525 20

1806 1845 1851 1880 25

81 2214 305 2240 concursus
325 2199 474 2253 factus
507 2206 565 2239 est
595 2206 632 2239 et
652 2206 768 2239 tanta
790 2200 1005 2240 commotio
1033 2197 1201 2253 populi,
1236 2204 1282 2237 ut
1310 2211 1384 2237 nec
1416 2197 1500 2236 viri
1521 2210 1595 2236 nec
1615 2194 1778 2248 femine
1803 2199 1849 2233 30

79 2277 305 2319 manerent,
341 2271 443 2324 quin
475 2277 688 2310 currerent
719 2283 856 2310 omnes
888 2270 945 2309 ad
970 2268 1272 2323 Appollonium
1302 2281 1452 2322 reyem,
1485 2266 1663 2306 videndo
1687 2279 1779 2305 eum

81 2348 119 2381 et
147 2341 480 2381 misericordiam
517 2339 568 2380 ab
607 2354 651 2380 eo
679 2341 870 2394 petendo.
925 2340 999 2379 Ait
1036 2338 1334 2392 Atlianayora:
1375 2334 1552 2377 Consulo
1593 2336 1650 2376 ad
1685 2335 1775 2387 lioc,

79 2425 130 2452 ne
161 2412 400 2452 destruatur
431 2412 598 2461 civitas,
640 2410 870 2450 deducatur
909 2409 966 2449 ad
996 2424 1088 2450 eum
1128 2409 1229 2449 leno.
1286 2405 1441 2462 Captus
1483 2414 1541 2447 est
1570 2407 1711 2446 statim
1741 2413 1779 2446 et

81 2481 222 2537 ligatis
252 2481 446 2522 manibus
479 2481 568 2521 leno
601 2496 627 2521 a
659 2488 771 2535 terqo
805 2480 1024 2520 deducitur
1055 2477 1112 2519 oid
1141 2493 1287 2534 reqem.
1342 2477 1628 2532 Appollonius
1658 2477 1778 2531 ressia

79 2560 186 2593 veste
219 2553 414 2603 indutus,
457 2559 574 2592 tonso
617 2553 771 2606 capite,
814 2551 1008 2590 diadema
1044 2550 1247 2604 imposuit
1283 2549 1416 2604 capiti
1453 2562 1549 2599 suo,
1590 2546 1778 2587 tribunal
1801 2553 1846 2587 35

80 2623 267 2663 ascendit
287 2637 380 2662 cum
399 2622 498 2674 filia
528 2629 564 2661 et
585 2621 743 2662 civibus
765 2621 893 2661 dixit.-
935 2619 1091 2660 Videtis
1119 2619 1343 2660 Tliarsiam
1363 2619 1567 2673 viryinem
1598 2632 1625 2657 a
1650 2624 1776 2672 patre

75 2694 154 2734 'suo
186 2693 308 2734 liodie
339 2693 571 2747 coqnitam,
613 2706 739 2746 quam
770 2691 1066 2746 cupidissimus
1099 2690 1204 2741 leno,
1240 2690 1353 2744 quod
1384 2696 1474 2729 erat
1502 2689 1550 2727 in
1581 2701 1648 2738 eo,
1688 2686 1774 2739 ejus

81 2765 389 2819 corruptionem
420 2762 706 2816 confusionem
737 2769 988 2816 perpetuam
1019 2760 1302 2815 procurabat,
1343 2773 1417 2799 nec
1448 2758 1643 2798 amicicia
1681 2771 1773 2809 sua,

79 2848 153 2874 nec
178 2835 338 2889 precio,
370 2847 444 2873 nec
473 2847 596 2888 prece
627 2833 821 2872 desistere
852 2830 1023 2871 volebat.
1077 2830 1222 2871 Facite
1260 2844 1356 2884 erqo
1385 2829 1477 2881 filie
1514 2842 1599 2868 mee
1636 2827 1774 2868 vindi-

34 2958 40 2963 .
81 2905 314 2944 cacionem!
347 2903 497 2944 Omnes
528 2919 614 2943 una
644 2917 739 2942 voce
761 2903 977 2942 diaeerunt:
1011 2900 1206 2951 Domine,
1240 2900 1330 2940 leno
1352 2900 1469 2939 vivus
1491 2897 1772 2949 comburatur,
1797 2906 1844 2939 40

141 2982 365 3019 Oeaterley.
390 2983 481 3010 Gesta
503 2982 713 3009 Romanorum.
1446 2971 1492 3006 34
