1949 3162
988 42 1072 84 634

196 154 393 207 sanguine
425 151 571 203 bestie,
611 163 731 204 quam
764 149 826 192 leo
860 148 1131 204 apprehendit
1170 150 1210 189 et
1251 146 1456 188 mactavit.
1511 145 1610 187 Post
1647 145 1856 187 decessum

195 226 323 267 leonis
356 223 468 265 venit
492 221 655 275 juvenis
680 221 852 262 tendens
884 220 934 261 ad
969 219 1167 274 prefatum
1201 218 1333 259 locum
1355 217 1500 268 fontis3
1533 216 1602 258 ubi
1634 229 1725 258 cum
1757 228 1857 270 pan-

195 309 293 338 num
340 292 698 347 sanguinolentum
744 292 900 333 invenit
939 290 1097 345 putavit
1135 289 1331 342 virginem
1371 301 1458 330 esse
1506 301 1530 329 a
1567 287 1697 329 bestia
1733 287 1858 328 inter-

195 367 357 409 fectam.
423 364 621 407 Extracto
668 376 860 405 mucrone
907 374 979 403 suo
1026 374 1069 402 se
1115 360 1248 415 ipsum
1296 358 1574 401 interficiendo
1622 357 1856 413 perforavit.

195 437 363 479 Interim
401 435 537 491 puella
568 448 732 477 reversa
765 434 815 476 ad
852 433 1006 474 fontem
1048 432 1150 473 vidit
1181 432 1371 485 juvenem
1411 430 1683 486 perforatum3
1731 428 1857 470 nimio

196 521 268 562 pre
300 506 438 549 dolore
478 507 600 548 etiam
640 519 682 547 se
721 518 811 547 cum
853 505 990 547 eodem
1030 516 1222 545 mucrone
1259 502 1432 544 necavit.
1486 500 1565 542 Iste
1597 499 1760 554 juvenis
1799 502 1860 542 est

197 578 261 620 dei
301 577 408 619 filius
447 579 515 632 qui
556 577 696 618 videns
738 589 864 629 genus
901 576 1122 617 humanum
1155 573 1509 627 sanguinolentum
1542 575 1582 613 et
1612 570 1859 613 maculatum

197 662 220 691 a
241 649 357 690 leone
388 649 414 690 i.
439 662 472 690 e.
497 648 683 704 dyabolo,
717 648 786 702 qui
817 647 1024 688 hominem
1055 645 1220 688 tenebat
1250 657 1362 686 more
1393 643 1418 685 i.
1442 656 1475 685 e.
1499 645 1712 698 potestate.
1745 640 1860 683 Unde

197 733 292 775 pars
325 720 374 761 de
415 733 484 761 ore
515 719 644 760 leonis
677 722 750 760 etc.
805 718 882 759 Hic
912 716 1018 758 filius
1051 717 1115 759 dei
1153 715 1404 772 compatiens
1437 713 1590 755 homini
1622 712 1787 755 veniens
1818 711 1860 753 in

196 791 393 833 mundum
425 791 522 833 fecit
553 803 595 832 se
626 790 778 843 necari,
811 793 856 831 ut
887 792 1030 841 postea
1062 787 1240 843 quelibet
1263 786 1395 828 fidelis
1417 785 1554 828 anima
1574 797 1617 827 se
1643 782 1862 826 mortificat

191 863 358 918 jejuniis
391 865 431 904 et
461 862 577 904 bonis
610 860 800 917 operibus
832 860 965 915 ipsum
999 858 1216 912 diligendo.

863 1113 964 1167 232,
998 1125 1101 1166 app.
1125 1111 1198 1155 36.

315 1216 469 1259 Civitas
502 1216 675 1271 quedam
709 1228 837 1270 parva
869 1217 957 1256 erat
988 1217 1028 1256 et
1058 1213 1177 1269 pauci
1216 1213 1258 1254 in
1290 1225 1338 1255 ea
1377 1212 1582 1266 homines,
1624 1212 1736 1254 venit
1775 1210 1863 1266 qui-

199 1290 290 1331 dam
324 1302 397 1330 rex
430 1291 573 1344 potens
607 1291 647 1330 et
678 1286 837 1329 obsedit
868 1285 1206 1346 eam-destruxit
1236 1284 1488 1327 municiones
1519 1284 1561 1325 in
1584 1283 1755 1326 circuitu
1777 1283 1863 1337 ejus

200 1365 239 1402 et
269 1361 378 1402 facta
410 1364 472 1402 est
503 1359 659 1401 obsidio
691 1358 814 1411 longa
845 1361 885 1399 et
915 1356 1050 1398 nullus
1082 1358 1244 1411 poterat
1273 1356 1448 1397 inveniri
1479 1356 1548 1410 qui
1578 1355 1772 1397 liberaret
1800 1354 1863 1395 in-

200 1432 431 1474 habitantes
470 1431 580 1473 illius
619 1429 808 1472 civitatis.
868 1428 1049 1470 Tandem
1090 1428 1201 1470 venit
1241 1427 1406 1482 quidam
1439 1440 1594 1482 pauper
1625 1426 1758 1479 homo,
1796 1425 1865 1479 qui

201 1518 274 1545 sua
313 1503 516 1558 sapientia
555 1501 712 1557 depulit
748 1500 863 1542 illum
903 1513 1038 1552 regem
1083 1504 1123 1541 et
1163 1499 1220 1541 sic
1265 1499 1409 1541 civitas
1454 1498 1627 1540 liberata
1665 1501 1747 1551 est,
1794 1496 1866 1539 sed

201 1575 462 1630 postmodum
517 1574 652 1616 nullus
705 1571 998 1614 recordabatur
1053 1570 1162 1612 illius
1216 1570 1420 1626 pauperis.
1489 1569 1643 1612 Civitas
1688 1568 1760 1610 illa
1805 1571 1867 1610 est

201 1647 376 1688 mundus
423 1659 612 1702 presens,
660 1657 781 1699 quam
828 1657 901 1685 rex
945 1656 1116 1696 magnus
1164 1655 1218 1684 sc.
1252 1641 1449 1698 dyabolus
1496 1641 1663 1683 vallavit
1704 1639 1865 1695 quando

202 1719 300 1760 deus
347 1719 476 1759 iratus
521 1716 599 1757 fuit
646 1715 877 1757 hominibus
918 1718 958 1756 et
994 1713 1130 1755 nullus
1170 1716 1331 1769 poterat
1368 1713 1530 1766 haberi,
1571 1712 1638 1767 qui
1675 1711 1868 1753 liberaret

201 1789 314 1831 illam
347 1789 554 1830 civitatem
587 1800 640 1828 sc.
667 1786 879 1838 mundum,
912 1785 991 1827 nisi
1023 1785 1188 1827 tandem
1221 1785 1384 1839 quidem
1418 1797 1571 1839 pauper
1602 1797 1656 1825 sc.
1681 1776 1866 1824 Christus

202 1860 267 1902 dei
307 1860 414 1916 tilius
448 1859 515 1913 qui
556 1872 712 1913 pauper
743 1857 820 1899 fuit
850 1861 970 1898 natus
1004 1861 1043 1898 et
1075 1870 1231 1912 pauper
1262 1856 1367 1897 vixit
1396 1856 1439 1897 in
1468 1855 1545 1897 hoc
1575 1854 1741 1908 mundo,
1775 1866 1865 1895 eum

201 1932 395 1974 liberaret
433 1944 456 1972 a
488 1933 689 1985 potestate
729 1928 903 1984 dyaboli.
960 1928 1038 1971 Sed
1076 1928 1155 1970 heu
1185 1927 1305 1969 modo
1338 1926 1458 1982 pauci
1488 1929 1603 1980 sunt,
1635 1925 1705 1980 qui
1737 1924 1772 1967 ei
1805 1937 1868 1966 re-

203 2003 433 2057 gratiantur
480 2015 553 2056 pro
593 2001 662 2042 illo
700 2001 805 2042 bono
846 2013 987 2055 opere,
1035 2012 1173 2054 ymmo
1218 2012 1356 2040 omnes
1396 2011 1488 2040 eum
1535 1996 1744 2040 offendunt
1783 1996 1867 2038 suis

202 2074 381 2129 peccatis
414 2076 454 2115 et
484 2072 653 2114 minime
685 2071 868 2114 serviunt
900 2071 990 2124 sibi,
1024 2071 1094 2113 sed
1127 2071 1267 2126 pocius
1300 2068 1486 2125 dyabolo.

872 2325 972 2379 233,
1005 2337 1107 2379 app.
1131 2324 1198 2367 37.

321 2427 491 2481 Legitur
523 2427 572 2469 de
604 2439 744 2482 sysare
775 2425 844 2468 illo
877 2426 977 2479 viro,
1011 2425 1080 2480 qui
1111 2438 1201 2467 cum
1233 2424 1472 2480 precederet
1500 2426 1643 2466 contra
1674 2421 1868 2479 populum

206 2499 271 2541 dei
302 2499 344 2541 in
374 2499 547 2554 prelium
582 2511 673 2540 cum
702 2497 857 2551 multis,
889 2497 960 2540 sed
992 2497 1215 2552 perterruit
1245 2510 1338 2539 eum
1369 2495 1558 2537 dominus
1586 2497 1704 2537 nocte
1737 2496 1777 2536 et
1805 2492 1868 2534 fu·
1908 2523 1911 2525 >

205 2584 300 2624 gere
339 2570 448 2626 cepit
484 2583 575 2612 cum
616 2569 726 2610 omni
763 2568 914 2624 populo
964 2582 1049 2610 suo.
1110 2568 1165 2610 Et
1208 2567 1368 2621 fugiens
1408 2566 1520 2608 venit
1550 2564 1665 2620 jahel
1701 2568 1742 2607 et
1779 2576 1869 2606 ecce

206 2642 342 2684 stabat
379 2655 460 2683 una
490 2640 636 2683 mulier
667 2640 709 2682 in
740 2640 873 2682 hostio
905 2640 1047 2681 domus
1080 2653 1171 2694 sue,
1204 2653 1281 2694 que
1312 2638 1473 2681 vocavit
1507 2651 1598 2680 eum
1630 2637 1674 2679 in
1704 2636 1869 2678 domum

207 2726 322 2754 suam
355 2716 395 2755 et
425 2712 494 2754 ille
525 2711 672 2767 petivit
702 2725 849 2765 aquam
884 2711 932 2753 ab
965 2724 1012 2753 ea
1044 2711 1193 2753 bibere.
1248 2710 1333 2760 Que
1365 2709 1477 2752 dedit
1507 2709 1584 2751 sibi
1614 2708 1677 2750 lac
1708 2710 1749 2750 et
1778 2719 1870 2749 coo-

207 2784 342 2839 peruit
379 2798 471 2826 eum
509 2783 642 2838 pallis.
697 2782 773 2832 Qui
811 2796 899 2824 cum
927 2783 1084 2836 jaceret
1116 2782 1223 2837 apud
1255 2795 1344 2824 eam
1377 2794 1541 2823 securus
1574 2783 1619 2821 ut
1649 2778 1727 2820 sibi
1758 2778 1870 2820 vide-

207 2855 339 2909 batur,
381 2855 527 2897 mulier
558 2858 724 2910 accepto
757 2854 870 2895 clavo
904 2858 943 2895 et
973 2853 1119 2895 malleo
1151 2853 1354 2908 percussit
1385 2865 1475 2894 eum
1507 2864 1581 2907 per
1610 2854 1801 2906 tympora
1830 2852 1872 2891 et

209 2929 393 2968 mortuus
442 2930 514 2969 est.
575 2925 653 2968 Per
691 2939 831 2980 sysare
877 2925 1120 2978 intelligitur
1165 2924 1336 2979 quilibet
1372 2923 1492 2966 homo
1536 2922 1696 2976 fugiens
1733 2920 1871 2964 hostes
