1949 3162
974 115 1060 156 414

174 221 398 263 conabatur
429 220 602 262 auferre.
665 220 787 275 Aqua
817 221 916 273 ista,
950 220 991 261 in
1025 233 1106 274 qua
1137 225 1233 262 sunt
1263 222 1417 277 pisces,
1459 226 1521 264 est
1552 223 1728 265 mundus
1760 223 1851 277 iste,

174 292 242 346 qui
275 295 337 334 est
369 290 513 346 plenus
549 291 852 346 peccatoribus3
887 304 1044 346 pauper
1069 292 1191 345 juxta
1224 306 1369 347 aquam
1404 297 1466 335 est
1497 293 1749 348 predicator,
1782 294 1853 349 qui

174 362 296 404 habet
328 361 549 415 citharam,
589 362 615 403 i.
641 376 673 404 e.
708 376 865 404 sacram
905 362 1174 417 scripturam,
1215 377 1306 405 cum
1340 377 1420 418 qua
1451 364 1572 407 debet
1602 365 1735 420 pisces
1766 364 1792 406 i.
1816 378 1850 407 e.

174 437 409 488 peccatores
450 433 501 474 ad
532 437 685 474 terram
718 434 889 486 siccam,
931 433 1088 476 scilicet
1120 434 1169 476 ad
1201 448 1371 487 regnum
1406 435 1574 488 celeste,
1615 435 1850 491 perducere.

127 511 148 546 5
173 503 416 546 Psalmista:
465 504 508 545 ln
549 508 747 559 tympano
789 507 828 545 et
867 503 989 545 choro
1031 508 1106 547 etc.
1177 505 1257 547 Sed
1289 505 1367 547 heu
1399 506 1501 561 proh
1533 506 1669 560 dolor,
1710 506 1852 548 diebus

172 576 286 628 istis,
329 575 491 629 quando
533 575 765 630 predicator
803 576 950 630 incipit
987 575 1186 617 citharam
1231 590 1346 618 sacre
1379 577 1580 632 scripture
1612 580 1782 630 tangere
1813 581 1854 619 et

172 646 407 701 predicare,
449 646 564 688 adest
601 647 740 687 statim
781 646 988 699 sibilator,
1032 647 1188 689 scilicet
1230 647 1436 700 diabolus,
1480 648 1549 702 qui
1591 647 1731 690 sibilat
1767 651 1852 689 tam

173 717 366 770 dulciter,
408 717 503 759 dum
539 718 772 772 predicator
805 718 1009 772 predicat,
1053 718 1160 772 quod
1193 718 1378 760 homines
1412 719 1739 773 predicacionem
1772 732 1854 760 non

171 789 348 831 libenter
380 788 561 830 audiant.
626 788 742 830 Unde
779 792 840 830 est
872 789 1119 842 notandum,
1159 789 1266 843 quod
1299 789 1485 831 diabolus
1518 789 1640 832 habet
1670 790 1853 832 diversas

105 869 149 903 10
173 861 455 911 sibilaciones3
492 859 623 914 primo
656 860 756 901 facit
788 860 946 914 aliquos
979 860 1171 913 dormire,
1205 865 1250 902 ut
1285 860 1450 902 verbum
1479 861 1544 902 dei
1566 874 1647 903 non
1671 861 1853 914 audiant,

173 932 350 974 secundo
392 945 492 985 quos
531 930 583 972 ad
615 930 900 973 dormiendum
946 931 1109 974 allicere
1150 946 1231 973 uon
1273 936 1426 987 potest,
1467 932 1567 974 facit
1604 945 1672 974 eos
1710 946 1854 986 garru-

172 1002 278 1056 lare,
320 1007 360 1044 et
392 1016 491 1056 quos
525 1015 606 1042 non
640 1005 775 1056 potest
805 1003 940 1044 facere
977 1003 1209 1056 garrulare,
1250 1003 1350 1045 facit
1381 1017 1448 1044 eos
1480 1003 1612 1044 locum
1646 1003 1855 1046 dimittere

173 1073 236 1116 vel
267 1073 394 1114 nichil
425 1086 583 1127 sapere,
618 1072 725 1126 quod
749 1074 982 1128 predicator
1008 1074 1213 1128 predicat;
1248 1073 1354 1115 unde
1387 1087 1552 1116 necesse
1584 1078 1647 1116 est
1668 1074 1854 1130 predica-

172 1145 252 1186 tori
294 1144 457 1186 hamum
498 1144 634 1185 divine
673 1145 809 1197 gracie
851 1149 1010 1200 petere,
1059 1158 1132 1199 per
1172 1157 1293 1198 quam
1337 1145 1488 1200 poterit
1526 1149 1762 1200 peccatores
1803 1145 1854 1187 ad

105 1224 147 1258 15
173 1215 291 1257 deum
326 1215 493 1268 ducere,
532 1219 572 1256 et
604 1218 648 1256 ut
679 1215 737 1257 ita
769 1216 835 1269 sit,
868 1230 1030 1271 semper
1063 1216 1104 1257 in
1138 1215 1342 1270 principio
1375 1217 1577 1258 sermonis
1609 1230 1683 1271 pro
1716 1217 1855 1270 gracia

173 1287 313 1328 divina
344 1290 524 1340 rogatur.

843 1505 945 1548 off.
971 1507 1038 1548 86.
1073 1506 1176 1557 (78.)

229 1593 364 1653 Quod
389 1592 705 1654 peccatoribus
738 1595 936 1652 qratiam
975 1594 1175 1639 divinam
1213 1592 1549 1653 exposcentibus
1586 1593 1795 1638 dominus

662 1677 1009 1721 misericorditer
1047 1675 1365 1722 condescendit.

105 1792 150 1826 20
291 1784 395 1826 Erat
426 1784 592 1839 quidam
625 1784 864 1840 imperator,
898 1785 967 1838 qui
999 1785 1144 1826 statuit
1175 1797 1248 1840 pro
1276 1784 1380 1838 lege,
1414 1784 1522 1838 quod
1554 1784 1589 1826 si
1611 1783 1758 1826 mulier
1780 1782 1855 1826 sub

175 1856 262 1897 viro
285 1869 357 1897 suo
382 1859 488 1897 esset
511 1855 755 1909 adulterata,
790 1860 988 1911 perpetuo
1012 1855 1166 1897 carceri
1189 1860 1296 1897 esset
1328 1855 1614 1911 mancipanda.
1677 1854 1854 1908 Accidit,

176 1927 283 1981 quod
316 1927 481 1981 quidam
516 1927 632 1968 miles
668 1928 881 1970 mulierem
915 1927 1094 1969 nobilem
1127 1927 1405 1982 desponsavit,
1439 1940 1561 1981 quam
1594 1926 1768 1968 multum
1799 1925 1856 1967 di-

175 1997 290 2051 lexit,
323 1998 391 2040 ille
420 2012 515 2039 vero
540 1998 590 2039 ad
614 1999 959 2052 peregrinandum
984 1999 1025 2040 in
1048 1997 1235 2053 partibus
1256 1997 1491 2052 longinquis
1523 1997 1720 2053 perrexit,
1752 2010 1856 2039 uxor

176 2083 271 2111 vero
305 2074 399 2124 post
431 2069 516 2122 ejus
549 2082 753 2111 recessum
789 2070 1020 2112 adulterata
1052 2074 1114 2111 est
1145 2073 1186 2111 et
1217 2069 1266 2111 de
1289 2068 1490 2110 adulterio
1522 2069 1730 2124 concepit3
1763 2081 1855 2110 cum

106 2146 151 2181 ⁴25
176 2154 272 2182 vero
312 2144 454 2182 contra
494 2154 582 2182 eam
622 2140 804 2194 legitime
845 2145 933 2183 erat
981 2140 1220 2196 probatum,
1267 2154 1317 2182 ex
1356 2144 1551 2195 precepto
1592 2139 1855 2195 imperatoris

177 2211 331 2254 carceri
365 2215 427 2253 est
459 2212 706 2265 adjudicata.
769 2212 855 2262 Que
887 2212 928 2254 in
962 2225 1124 2254 carcere
1155 2211 1284 2253 filium
1320 2211 1642 2266 pulcherrimum
1673 2211 1853 2266 peperit3

178 2297 279 2339 puer
321 2296 416 2324 vero
460 2281 582 2337 [7312]
623 2283 753 2325 crevit
792 2287 832 2325 et
869 2283 919 2325 ab
952 2282 1140 2325 omnibus
1174 2286 1236 2325 est
1274 2283 1466 2335 dilectus,
1509 2282 1578 2336 qui
1618 2295 1711 2323 eum
1743 2281 1855 2323 vide-

178 2358 296 2405 runt3
339 2358 470 2395 mater
507 2368 603 2396 vero
644 2355 820 2407 gemitus
861 2358 901 2396 et
941 2354 1120 2409 suspiria
1157 2354 1348 2396 continue
1380 2353 1518 2395 emisit
1548 2367 1623 2395 nec
1653 2352 1855 2395 consolari

178 2429 352 2481 poterat.
407 2425 571 2467 Accidit
602 2439 684 2467 una
716 2426 799 2479 die,
833 2439 924 2467 cum
958 2439 1059 2480 puer
1091 2430 1265 2467 matrem
1299 2424 1464 2467 flentem
1501 2424 1672 2478 videret,
1706 2425 1764 2466 ait
1795 2423 1852 2466 ei:

107 2503 153 2537 30
178 2496 239 2539 Ob
282 2510 403 2551 quam
442 2510 627 2549 causam,
669 2497 882 2538 carissima
921 2500 1072 2549 mater,
1114 2496 1172 2537 sic
1211 2494 1406 2549 affligitur
1448 2495 1585 2537 anima
1623 2495 1722 2537 tua?
1783 2494 1856 2537 Ait
1906 2542 1910 2544 ,

178 2572 329 2609 mater:
363 2567 396 2609 O
427 2566 485 2608 fili
517 2567 765 2620 dulcissime,
798 2567 971 2609 multum
1005 2567 1134 2609 habeo
1166 2566 1282 2618 flere3
1317 2566 1426 2608 ultra
1454 2566 1590 2621 capita
1621 2570 1762 2608 nostra
1794 2568 1856 2607 est

179 2651 365 2680 accessus
406 2638 615 2680 hominum
650 2642 690 2680 et
722 2639 782 2680 sol
812 2638 921 2680 lucet
951 2639 995 2680 in
1026 2638 1214 2680 claritate
1246 2652 1338 2691 sua,
1381 2651 1455 2679 nos
1488 2651 1583 2679 vero
1614 2636 1680 2678 hic
1713 2649 1854 2678 sumus

178 2709 221 2750 in
242 2709 423 2751 tenebris
446 2713 486 2751 et
505 2709 662 2751 nullum
684 2708 823 2751 lumen
855 2709 1065 2751 habemus.
1128 2709 1202 2751 Ait
1232 2708 1359 2750 filius:
1394 2708 1426 2750 O
1449 2711 1581 2749 mater
1603 2707 1854 2760 dulcissima,

178 2780 291 2821 illam
330 2780 482 2833 lucem,
522 2794 643 2834 quam
684 2780 804 2833 dicis,
848 2794 971 2835 super
1010 2781 1147 2835 capita
1177 2784 1319 2821 nostra
1350 2792 1574 2834 numquam
1613 2778 1717 2831 vidi,
1759 2778 1857 2832 quia

110 2855 154 2890 35
179 2850 221 2892 in
252 2851 331 2892 isto
364 2864 526 2892 carcere
557 2854 677 2892 natus
715 2851 786 2892 fui.
855 2851 1088 2892 Dummodo
1128 2852 1289 2906 copiam
1325 2850 1404 2892 cibi
1437 2853 1477 2891 et
1507 2854 1628 2905 potus
1659 2849 1853 2902 habuero,

179 2921 303 2962 michi
335 2921 400 2963 hic
432 2921 566 2976 placet
590 2935 751 2976 semper
783 2935 1037 2976 permanere,
1071 2922 1169 2963 dum
1200 2922 1353 2963 vixero.
1416 2920 1524 2962 Dum
1558 2924 1693 2962 autem
1716 2919 1775 2961 sic
1795 2919 1856 2961 lo-

180 2996 422 3047 querentur,
463 2993 691 3034 adinvicem
731 2993 955 3048 imperator
995 3006 1085 3034 cum
1129 2992 1328 3034 militibus
1371 2992 1422 3034 ad
1460 2991 1637 3033 hostium
1677 2990 1854 3032 carceris
