1919 3157
842 42 925 81 599

50 142 244 197 possibile
284 150 356 186 est.
409 146 508 186 (funi
551 159 643 187 vero
676 147 781 188 circa
814 148 1029 202 prandium
1071 148 1314 202 equitasset,
1355 150 1412 191 ait
1450 149 1567 192 miles
1608 150 1713 202 regi:

50 212 245 267 Domine,
292 215 326 256 si
367 215 518 270 placet,
566 218 791 259 ostendatis
830 218 950 259 michi
995 219 1186 261 honorem
1229 224 1269 261 et
1310 233 1455 274 panem
1497 225 1536 263 et
1575 221 1712 263 vinum

50 297 207 326 mecum
240 286 408 339 sumite,
450 289 545 342 quia
576 294 737 343 tempus
769 294 830 331 est
869 290 1120 332 comedendi.
1173 290 1231 331 At
1268 290 1355 333 ille:
1400 291 1537 333 Placet
1577 292 1712 334 michi.

49 353 93 396 In
124 368 268 411 campo
301 357 494 400 sedebant
528 364 567 401 et
599 359 731 401 cibum
765 365 1027 415 sumpserunt
1059 365 1099 403 et
1130 360 1243 403 finito
1271 362 1442 416 prandio
1474 376 1543 404 rex
1578 367 1714 415 grates

48 425 168 467 militi
215 427 411 481 reddidit,
461 431 557 484 quia
595 431 695 472 satis
733 431 944 486 splendide
985 432 1021 474 ei
1061 432 1325 474 ministravit.
1387 433 1459 474 Ait
1497 434 1532 475 ei
1573 434 1711 476 miles:

49 495 219 552 Semper
252 512 324 553 per
356 500 462 541 viam
496 506 654 556 patrem
688 506 727 543 et
758 507 929 544 matrem
963 502 1163 545 deberetis
1196 503 1344 546 habere
1382 504 1603 546 vobiscum.
1657 505 1714 547 At

47 566 135 609 ille:
174 567 383 618 Quomodo
422 570 625 626 loqueris?
666 578 783 627 pater
821 586 935 614 meus
976 577 1016 615 et
1052 577 1183 616 mater
1222 587 1313 616 mea
1351 574 1452 617 bene
1491 576 1546 616 (30
1585 589 1712 617 annos

48 637 198 681 habent
228 639 270 681 in
303 645 422 692 etate,
457 643 658 695 quomodo
691 657 786 696 ergo
811 657 978 698 possum
1011 657 1079 686 eos
1102 658 1176 700 per
1207 646 1314 687 viam
1348 659 1506 688 mecum
1540 646 1712 688 ducere?

45 709 194 752 stultus
234 724 288 753 es.
342 713 399 753 At
438 713 525 755 ille:
566 713 760 767 Domine,
800 714 994 769 possibile
1032 719 1105 757 est.
1160 715 1260 758 Cum
1302 730 1396 758 vero
1437 717 1552 759 miles
1586 731 1712 772 prope

45 780 247 836 palacium
280 787 407 836 esset,
446 783 657 826 licenciam
692 799 714 827 a
746 799 839 839 rege
872 786 1038 841 recepit,
1078 787 1174 841 quia
1205 801 1277 842 per
1308 788 1415 829 viam
1454 789 1709 843 propriorem

43 852 234 895 accedere
275 854 448 897 volebat.
511 857 568 898 At
606 856 693 898 ille:
741 856 816 899 Dic
855 856 998 910 michi,
1047 858 1279 912 carissime,
1327 872 1399 914 per
1440 872 1560 913 quam
1602 860 1709 901 viam

43 923 260 967 ascendere
292 925 390 968 velis
423 931 462 968 et
493 928 561 970 ubi
593 928 769 970 intendis
803 941 983 983 pergere.
1037 927 1113 978 Qui
1146 929 1222 971 ait:
1264 929 1459 983 Domine,
1492 943 1565 985 per
1598 930 1708 972 illam

42 995 150 1036 viam
183 996 402 1039 ascendere
435 998 537 1040 volo.
593 999 671 1041 Sed
711 1000 872 1054 quando
914 999 1014 1041 dicis
1048 999 1115 1042 ubi
1156 1000 1364 1042 intendam
1407 1014 1596 1056 pergere,
1636 1001 1710 1043 tibi

43 1066 255 1108 veritatem
287 1068 588 1112 demonstrabo.
622 1070 755 1112 Hodie
787 1075 881 1112 sunt
912 1075 1068 1126 septem
1101 1072 1197 1113 anni
1229 1072 1336 1126 quod
1368 1072 1481 1114 rethe
1505 1072 1709 1126 quoddam

40 1137 82 1178 in
121 1138 297 1191 quodam
336 1139 423 1181 loco
466 1140 623 1193 dimisi,
666 1142 715 1183 ad
757 1141 871 1183 illum
912 1141 1044 1183 locum
1085 1155 1229 1197 perg03
1277 1143 1310 1184 si
1352 1143 1557 1185 inveniam
1595 1143 1709 1186 rethe

39 1208 220 1251 totaliter
251 1222 397 1252 sanum
430 1215 469 1253 et
500 1225 582 1253 non
613 1212 800 1266 fractum,
839 1213 953 1255 rethe
986 1226 1141 1255 mecum
1177 1214 1372 1268 accipiam
1407 1218 1447 1255 et
1478 1215 1556 1256 erit
1586 1214 1709 1256 michi

40 1279 318 1334 predilectum.
374 1281 453 1324 Sed
485 1283 518 1323 si
551 1283 676 1326 fuerit
707 1284 747 1325 in
787 1284 923 1339 aliqua
955 1287 1071 1339 parte
1103 1284 1277 1326 fractum
1318 1284 1468 1327 ibidem
1502 1286 1706 1328 dimittam

39 1355 80 1392 et
107 1351 294 1393 recedam
328 1357 369 1394 et
399 1366 606 1408 nunquam
640 1360 733 1410 post
764 1355 839 1398 hoc
871 1355 1056 1397 visitabo.
1090 1355 1179 1397 Hiis
1212 1355 1331 1397 dictis
1363 1356 1496 1411 capud
1528 1358 1614 1410 regi
1646 1358 1708 1399 in-

38 1420 205 1464 clinavit
236 1427 276 1465 et
314 1437 387 1479 per
425 1425 627 1478 quandam
670 1427 857 1468 semitam
899 1426 1098 1481 equitavit
1138 1431 1178 1469 et
1216 1440 1288 1482 per
1328 1427 1434 1469 diem
1477 1428 1705 1470 naturalem

38 1493 193 1536 occulte
225 1494 274 1536 ad
307 1495 510 1550 palacium
544 1497 655 1539 venit
687 1502 726 1539 et
757 1497 934 1552 puellam
969 1498 1076 1551 regis
1109 1510 1244 1540 secum
1269 1498 1452 1540 abduxit.
1500 1499 1587 1542 Rex
1611 1513 1706 1542 vero

37 1564 102 1606 die
134 1565 311 1607 secunda
342 1567 391 1608 ad
425 1567 627 1622 palacium
662 1569 785 1610 venit.
840 1569 1066 1624 Imperator
1104 1582 1197 1611 vero
1230 1583 1321 1611 eum
1354 1571 1454 1612 satis
1486 1570 1706 1613 honorifice

36 1636 203 1691 recepit.
256 1636 356 1679 Cum
391 1643 527 1680 autem
565 1639 684 1681 ambo
723 1640 763 1681 in
804 1653 946 1682 mensa
985 1640 1193 1694 sederent,
1235 1642 1294 1682 ait
1330 1655 1402 1684 rex
1441 1642 1701 1696 imperatori:

36 1705 230 1761 Domine,
271 1709 446 1750 narrabo
487 1710 600 1752 vobis
637 1710 842 1752 mirabilia
884 1724 961 1765 que
1000 1711 1086 1753 heri
1125 1712 1262 1753 audivi
1302 1712 1343 1754 in
1385 1713 1462 1754 via.
1526 1712 1698 1763 Quidam

36 1777 153 1820 miles
187 1779 297 1821 venit
329 1780 380 1821 ad
411 1794 475 1822 me
508 1780 556 1823 de
589 1785 698 1823 terra
729 1787 872 1824 sancta
903 1786 943 1824 et
965 1795 1120 1824 mecum
1147 1783 1374 1837 equitabat3
1407 1784 1448 1825 in
1473 1784 1700 1838 quantitate

34 1862 183 1902 magna
213 1850 360 1892 cecidit
391 1851 540 1906 pluvia.
591 1851 707 1894 Miles
740 1853 856 1907 dixit,
890 1854 997 1907 quod
1029 1853 1177 1896 stultus
1210 1867 1354 1908 essem,
1395 1855 1500 1908 quod
1533 1855 1698 1897 domum

34 1933 166 1962 meam
199 1933 356 1963 mecum
391 1935 471 1964 non
513 1928 763 1978 portassem,
804 1928 844 1966 et
881 1925 1094 1980 respondi,
1136 1925 1243 1979 quod
1282 1925 1426 1967 domus
1463 1939 1555 1968 mea
1594 1931 1700 1968 esset

33 1990 198 2046 lapidea
244 1997 284 2034 et
321 1993 412 2034 ideo
452 2007 532 2035 non
580 2008 740 2048 possem
788 2009 875 2038 eam
917 2008 1073 2038 mecum
1115 1996 1272 2038 ducere.
1310 1996 1408 2038 ΔΑἰῖ
1453 1998 1696 2052 imperator:

33 2061 178 2112 Qualia
209 2063 453 2106 vestimenta
484 2064 660 2108 habebat
691 2066 786 2108 ille?
835 2067 894 2108 At
923 2066 1011 2109 ille:
1052 2066 1228 2109 Pallium
1268 2081 1359 2110 cum
1392 2069 1573 2123 capucio.
1626 2068 1700 2111 Ait

32 2132 276 2188 imperator:
310 2134 429 2177 Certe
461 2137 624 2191 sapiens
658 2142 757 2191 erat,
791 2138 839 2180 de
862 2138 981 2179 domo
1003 2138 1076 2180 tali
1098 2138 1352 2192 loquebatur.
1395 2138 1485 2195 Ipse
1517 2140 1550 2181 si
1582 2153 1697 2181 man-

32 2203 173 2246 tellum
207 2205 270 2247 vel
303 2205 519 2248 collabium
554 2207 785 2262 habuisses,
826 2209 1071 2251 vestimenta
1111 2213 1180 2251 tua
1219 2210 1448 2253 madefacta
1484 2224 1566 2252 non
1596 2211 1696 2253 fuis-

31 2279 133 2316 sent.
175 2275 249 2318 Ait
280 2289 372 2318 rex:
406 2276 565 2320 Deinde
596 2292 686 2321 cum
720 2280 993 2334 equitavimus
1024 2294 1097 2336 per
1129 2282 1330 2336 quendam
1362 2282 1493 2324 locum
1529 2282 1696 2337 profun-

31 2345 125 2387 dum
167 2351 207 2388 et
245 2346 445 2401 lutosum,
484 2349 542 2390 ita
581 2350 686 2404 quod
725 2365 852 2406 equus
891 2365 1006 2394 meus
1050 2365 1177 2407 usque
1215 2352 1266 2394 ad
1305 2357 1487 2395 ventrem
1529 2353 1571 2395 in
1609 2353 1695 2394 luto

31 2416 277 2472 ambulavit,
316 2418 391 2460 hoc
433 2419 574 2461 videns
615 2420 732 2464 miles
773 2423 853 2464 ait:
901 2421 1050 2475 Magna
1089 2422 1271 2465 stulticia
1309 2427 1397 2466 erat
1436 2424 1548 2466 vobis
1588 2423 1695 2478 quod

31 2492 197 2541 pontem
228 2493 408 2531 vestrum
442 2490 649 2533 vobiscum
686 2506 767 2534 non
806 2494 1015 2548 portastis.
1066 2493 1162 2547 Ego>
1192 2495 1407 2550 respondi,
1448 2495 1554 2550 quod
1592 2508 1694 2550 pons

30 2571 144 2601 meus
178 2559 278 2602 bene
309 2560 477 2603 haberet
507 2561 722 2604 dimidium
754 2563 913 2606 miliare
945 2565 987 2606 in
1019 2563 1286 2619 longitudine,
1319 2566 1434 2608 illum
1467 2579 1562 2619 ergo
1596 2579 1694 2620 quo-

29 2629 149 2672 modo
182 2630 329 2674 ducere
361 2645 536 2686 possem.
571 2633 643 2674 Ait
674 2634 916 2689 imperator:
950 2634 1055 2685 Quid
1076 2635 1173 2678 fecit
1201 2640 1300 2678 tunc
1331 2637 1474 2679 miles?
1506 2637 1578 2679 Ait
1600 2651 1692 2679 rex:

28 2699 254 2756 Equitabat
282 2702 323 2744 in
356 2703 528 2745 circuitu
560 2703 647 2746 sine
679 2704 814 2759 aliquo
846 2705 1153 2760 impedimenta
1206 2707 1263 2749 At
1300 2708 1387 2750 ille:
1427 2707 1596 2750 Fecerat
1629 2722 1693 2750 sa-

30 2771 190 2826 pienter
220 2774 327 2816 unde
359 2774 433 2816 tibi
465 2774 582 2828 dixit,
615 2776 709 2829 quia
741 2776 854 2830 prius
886 2777 1078 2830 armigeri
1109 2777 1170 2819 tui
1201 2778 1437 2821 debuissent
1466 2778 1598 2821 locum
1633 2783 1692 2821 at-

28 2846 255 2898 temptasse
287 2848 327 2887 et
358 2845 416 2887 sie
447 2849 637 2900 pontem,
678 2846 704 2887 i.
729 2859 761 2888 e.
785 2846 917 2888 locum
952 2848 985 2889 si
1017 2848 1123 2890 foret
1152 2862 1316 2892 necesse
1349 2863 1590 2905 preparasse
1621 2864 1692 2892 an-

8 2917 193 2971 tequam
226 2916 424 2958 transires
462 2916 503 2957 in
540 2917 708 2972 propria
744 2931 932 2973 persona.
985 2919 1057 2961 Ait
1094 2932 1186 2962 rex:
1225 2920 1384 2963 Deinde
1421 2921 1692 2976 equitavimus
