1954 3137
182 1318 252 1359 44.

182 1461 253 1502 45.

183 1605 252 1646 46.

183 1748 252 1790 47.

184 1890 254 1932 48.

185 2034 254 2075 49.

187 2177 256 2218 50.

188 2318 256 2361 51.

189 2605 258 2645 53.

190 2746 259 2788 54.

192 2889 260 2930 55.

1000 66 1057 108 44

300 173 361 216 De
393 173 574 215 Jonatha
616 173 685 227 qui
726 173 871 215 habuit
904 172 1069 225 jocalia.
1126 171 1279 214 Darius
1319 173 1359 214 in
1394 173 1561 215 civitate
1592 173 1782 227 regnavit
1812 186 1877 215 ro-

301 259 436 287 mana.
489 244 739 296 (Jonathas.)
788 245 858 286 lat.
889 244 982 285 121).

242 349 251 359 .
299 316 363 359 De
408 316 537 358 nimia
584 316 896 371 presumptione
941 314 1152 357 Joviniani
1200 318 1275 356 ete.
1343 314 1590 357 ‘Iovinianus
1636 316 1877 372 imperator.

301 387 596 439 (Jovinianus.)
644 386 715 429 lat.
741 387 809 428 59.

213 460 251 501 (ζ’.
301 459 363 502 De
395 457 479 500 filio
514 472 635 513 quem
670 459 897 514 imperator
930 456 1117 499 occidere
1140 456 1281 499 voluit.
1331 458 1548 514 Hymbrial
1581 458 1722 500 multis
1745 457 1877 500 annis.

307 530 468 572 Redde.
534 529 604 571 lat.
630 530 698 571 20.

299 540 362 644 1)0
395 531 503 643 11111111
537 600 729 656 melodya
770 604 811 642 et
850 600 1058 655 piscatore
1091 603 1131 642 et
1162 600 1385 643 sibilatore.
1442 601 1643 657 Tyberius
1675 599 1878 655 regnavit.

301 672 502 723 (Goldene
535 671 685 726 angel.)
733 672 803 713 lat.
832 672 900 712 85).

243 778 251 786 .
301 744 363 787 De
385 744 548 786 claudio
571 744 824 799 imperatore
847 743 962 797 eujus
985 742 1112 784 filiam
1137 742 1257 786 duxit
1278 747 1472 786 socrates.
1515 742 1711 786 Claudius
1733 755 1881 797 regna-

302 816 372 858 vit.
424 816 634 864 (Socrates
669 814 904 865 heirathet.)
950 814 1021 856 lat.
1047 815 1115 856 (31.

243 921 251 929 .
300 887 364 929 De
403 886 626 929 florentina
674 900 751 940 que
791 886 971 928 animam
1014 885 1232 939 significat.
1288 885 1441 928 Darius
1481 886 1673 940 regnavit
1719 885 1760 927 in
1803 886 1878 928 civ.

302 958 589 1010 (Florentina.)
638 958 708 1000 lat.
735 959 802 999 «⁷32.

243 1064 251 1073 .
299 1030 361 1072 De
385 1043 604 1086 campana,
639 1033 831 1084 serpente
854 1033 894 1071 et
919 1028 1090 1083 judicio.
1135 1028 1390 1071 Theodosius
1414 1030 1457 1071 in
1480 1029 1660 1071 civitate.
1703 1028 1882 1082 (Riigen-

301 1102 477 1156 gloeke.)
521 1101 592 1143 lat.
621 1101 716 1143 105.

243 1207 250 1216 .
300 1173 363 1215 De
397 1173 599 1215 adulterio
641 1172 757 1214 leene
796 1185 889 1214 cum
929 1172 1139 1229 leopardo.
1197 1172 1373 1223 Quidam
1411 1186 1483 1215 rex
1524 1171 1669 1214 habuit
1705 1171 1880 1214 leonem.

302 1244 493 1296 (Liiwin.)
541 1244 613 1286 lat.
642 1244 737 1285 181.

300 1316 363 1358 De
404 1320 494 1358 orto
544 1329 663 1370 quem
715 1329 816 1371 aper
854 1315 1073 1358 destruxit.
1139 1315 1341 1369 Trajanus
1390 1316 1431 1357 in
1480 1315 1649 1358 civitate
1696 1327 1881 1357 romana.

303 1388 429 1440 (Eber
462 1387 567 1429 ohne
600 1387 729 1439 herz.)
778 1387 848 1429 lat.
876 1388 943 1429 823.

302 1460 365 1503 De
400 1460 558 1513 virgine
598 1472 676 1513 que
714 1458 813 1501 feeit
852 1459 1066 1501 camisiam
1106 1459 1262 1502 habens
1301 1462 1376 1501 etc.
1435 1457 1642 1500 Antonius
1682 1457 1882 1511 regnavit.

304 1531 469 1585 (Hemd‚
503 1530 590 1572 drei
625 1530 734 1581 2011.)
784 1530 854 1572 lat.
880 1531 948 1572 (34.

302 1603 365 1645 De
398 1603 565 1644 domina
598 1606 639 1644 et
663 1601 794 1644 milite
828 1605 868 1643 et
889 1601 1011 1644 rebus
1034 1601 1335 1658 temporalibus
1366 1605 1406 1644 et
1427 1601 1599 1643 falcone.
1650 1600 1884 1657 Pompeyus

302 1675 345 1717 in
378 1675 452 1717 civ,
504 1673 679 1727 (Falke.)
726 1673 796 1716 lat.
821 1674 888 1715 84.

302 1747 365 1789 De
387 1746 519 1788 tribus
543 1746 665 1787 sooiis
699 1749 739 1788 et
770 1758 851 1786 uno
885 1758 993 1800 pane
1026 1748 1100 1787 ete.
1151 1744 1258 1786 Olim
1283 1749 1402 1787 erant
1424 1748 1509 1787 tres
1531 1744 1644 1787 socii.
1693 1744 1884 1796 (Traum-

302 1818 436 1870 brod.)
483 1817 554 1859 lat.
584 1818 677 1858 106.

304 1889 436 1941 (Ohne
469 1888 750 1939 iibersohrift.)
805 1887 958 1930 Lucius
990 1888 1182 1942 regnavit
1214 1888 1283 1942 qui
1317 1887 1463 1930 statuit
1494 1901 1568 1943 pro
1600 1887 1703 1942 lege.
1758 1887 1884 1939 (Kind

304 1964 558 2014 anveitraut,
595 1960 719 2011 wolf.)
767 1973 896 2013 germ.
921 1960 989 2001 34.

304 2032 367 2074 De
398 2032 572 2074 muliere
612 2032 875 2086 impregnata
915 2036 955 2073 et
987 2031 1147 2085 virgine
1179 2030 1313 2073 beata.
1369 2030 1579 2072 Adrianus
1618 2030 1661 2072 in
1701 2030 1882 2072 civitate.

306 2103 716 2158 (Kerkergesprach.)
764 2103 835 2144 lat.
862 2104 928 2144 813.

305 2175 367 2218 De
407 2179 584 2230 quatuor
624 2175 701 2215 viis
741 2178 781 2216 et
822 2175 907 2216 vita
946 2174 1137 2216 hominis.
1205 2174 1349 2216 Delius
1390 2173 1581 2228 regnavit
1619 2173 1663 2216 in
1701 2173 1882 2216 civitate.

308 2247 459 2298 (Kreuz
494 2247 571 2288 11111
603 2246 878 2298 insehriften.)
926 2245 997 2287 lat.
1024 2247 1092 2287 65.

305 2318 368 2360 De
408 2319 526 2372 nigro
567 2331 667 2360 cane
705 2317 866 2360 falcone
906 2321 946 2359 et
985 2331 1088 2372 equo
1129 2321 1168 2359 et
1206 2330 1346 2359 cornu.
1411 2316 1640 2373 Symachus
1680 2315 1882 2371 regnavit.

308 2389 551 2441 (Schwarz.)
601 2403 729 2443 germ.
755 2391 822 2431 35.

306 2461 369 2503 De
391 2460 476 2502 filia
498 2461 608 2514 regis
638 2475 711 2516 pro
737 2474 817 2515 qua
839 2460 957 2503 miles
988 2460 1201 2516 pugnavit.
1250 2460 1436 2516 Nereyus
1457 2459 1659 2514 regnavit.
1707 2457 1884 2511 (Waffen

309 2532 574 2585 aufhiingen.)
620 2532 692 2574 lat.
718 2534 785 2573 (36.

307 2604 370 2646 De
392 2604 524 2646 milite
546 2603 663 2645 leone
697 2607 737 2645 et
759 2603 936 2645 (li-aeone
969 2606 1008 2644 et
1030 2603 1147 2644 mari.
1191 2603 1427 2645 Anthonius
1449 2602 1651 2656 regnavit.
1692 2601 1883 2655 (waste.)
1913 2590 1920 2593 ,

309 2688 403 2730 app.
429 2676 467 2716 3.

308 2746 370 2788 De
405 2745 554 2788 aneilla
587 2759 664 2800 que
696 2749 864 2787 cantum
897 2746 1035 2787 avium
1068 2746 1286 2788 intellexit.
1341 2745 1550 2787 Adrianus
1582 2745 1773 2799 regnavit
1813 2757 1884 2800 po-

307 2821 398 2859 tens
434 2817 562 2858 valde.
613 2817 807 2869 (Hahne.)
854 2817 925 2858 lat.
951 2818 1019 2859 138.

310 2888 373 2930 De
405 2889 667 2944 carpentario
701 2892 741 2930 et
763 2888 933 2930 camisia
966 2893 1006 2930 et
1036 2903 1167 2932 uxore
1198 2902 1273 2931 sua
1295 2891 1409 2930 casta
1438 2891 1514 2929 ete.
1564 2885 1707 2929 Gallus
1738 2899 1884 2940 regna-

310 2960 381 3001 vit.
432 2959 877 3012 (Keusehheitshemd.)
925 2959 996 3001 lat.
1022 2961 1089 3002 69.
