1954 3137
970 46 1050 84 1o4
1102 93 1106 96 ,

156 153 224 194 20.
273 151 478 193 Narratur
511 150 560 191 de
594 149 753 192 duobus
787 149 989 191 militibus
1024 162 1196 203 quorum
1231 162 1350 191 unus.
1399 148 1612 204 (Egypten
1644 149 1729 191 und
1760 148 1856 191 Bal-

275 222 412 275 dach.)
460 220 530 261 lat.
559 221 654 261 171.

157 293 224 335 21.
275 292 574 335 Constantinus
606 291 798 344 regnavit
830 295 976 346 potens
1010 290 1141 333 valde.
1192 289 1311 344 (Drei
1344 289 1561 345 wittwen.)
1609 290 1679 333 lat.
1704 290 1772 332 75.

156 364 225 406 22.
274 363 498 405 Hainrious
532 363 573 403 in
607 363 775 404 civitate
807 375 982 403 romana
1014 362 1216 415 regnavit.
1266 359 1422 417 (Asyl.)
1470 375 1565 417 app.
1591 362 1660 403 54.

156 435 224 476 23.
274 434 484 476 Honorius
524 434 714 487 regnavit
753 433 867 475 dives
909 432 1039 474 valde.
1098 431 1229 486 (Sohn
1263 432 1470 475 heirathet
1501 430 1856 485 feindestochter.)

277 518 372 560 app.
398 506 466 546 55.

157 576 225 617 24.
276 575 391 617 Geon
425 576 616 629 regnavit
648 575 690 616 in
723 576 839 628 eujus
874 574 1062 629 imperio.
1113 572 1491 628 (Raubertoohter.)
1543 573 1614 615 lat.
1639 573 1679 616 5.

157 647 225 688 25.
275 646 509 701 Imperator
541 646 710 701 quidam
744 649 846 688 erat.
896 644 1163 691 (Weinendes
1196 643 1428 700 hiindlein.)
1478 644 1550 687 lat.
1576 644 1645 686 28.

158 718 225 760 26.
275 717 395 760 Miles
437 717 605 772 quidam
645 720 734 759 erat
775 717 844 770 qui
887 716 1060 758 intravit
1095 716 1322 772 Egyptum.
1387 715 1714 771 (Anvertrautes
1746 711 1860 768 gut.)

275 788 347 830 lat.
379 789 472 830 171.

158 860 226 901 27.
276 859 365 901 Rex
398 860 477 900 fuit
508 859 550 899 in
584 858 753 899 civitate
786 858 1017 900 athanensi.
1068 858 1274 912 <Dreimal
1308 856 1477 913 tapfer.)
1525 870 1619 913 app.
1645 857 1714 898 75.

158 930 226 971 28.
276 930 362 972 Rex
383 934 471 972 erat
490 929 779 971 athenensium
799 929 869 983 qui
888 929 1051 983 quando
1072 933 1276 984 parentes.
1312 926 1649 984 (NTodtenklage.)
1681 939 1776 982 app.
1792 926 1860 968 76.

159 1001 227 1042 29.
276 1001 512 1043 Dorotheus
544 1001 773 1055 imperator
806 1004 993 1042 statuens
1026 1014 1100 1055 pro
1133 1000 1236 1054 lege.
1292 999 1437 1053 (Vater
1471 999 1569 1041 oder
1599 1001 1755 1041 mutter
1786 996 1863 1040 fol-

277 1072 388 1126 gen.)
436 1071 508 1113 lat.
538 1073 602 1113 14.

160 1144 228 1185 30.
279 1142 513 1196 Gorgonius
554 1143 745 1196 regnavit
783 1143 825 1183 in
868 1142 1037 1184 civitate
1075 1156 1260 1184 romana.
1326 1141 1472 1194 (Vater
1512 1140 1670 1194 heilen,
1709 1141 1864 1182 mutter

277 1212 427 1268 nieht.)
472 1213 543 1255 lat.
575 1214 667 1254 112.

161 1286 229 1327 31.
278 1285 432 1326 Narrat
463 1284 669 1326 Eusebius
706 1284 748 1325 in
781 1285 970 1326 eroniois.
1021 1283 1268 1338 (Coriolan.)
1318 1283 1390 1326 lat.
1420 1283 1514 1324 137.

162 1357 230 1398 32.
280 1356 465 1406 Quedam
497 1355 649 1397 nobilis
684 1355 809 1396 vidua
840 1355 1096 1410 paciebatur.
1144 1355 1265 1409 (Stab
1297 1354 1383 1396 und
1414 1351 1589 1407 tasche.)
1638 1352 1711 1395 lat.
1735 1352 1804 1394 25.

163 1428 246 1468 33.-
280 1427 499 1469 Dollonius
532 1428 574 1468 in
609 1427 777 1468 civitate
809 1425 1030 1468 babilonie.
1079 1426 1184 1479 (Der
1214 1424 1398 1477 faulste.)
1446 1425 1518 1467 lat.
1543 1425 1612 1466 91.

163 1499 231 1539 34.
281 1498 538 1540 Allexander
570 1498 762 1550 regnavit
794 1498 865 1551 qui
898 1497 1140 1539 dominium.
1191 1495 1422 1550 (Basilisk.)
1470 1495 1542 1537 lat.
1573 1495 1668 1537 139.

163 1570 232 1611 35.
281 1569 486 1610 Narratur
508 1569 617 1623 quod
641 1568 809 1622 quidam
833 1568 1062 1623 imperator
1082 1568 1247 1610 nobilis.
1281 1566 1537 1622 (Seneschal⁹
1556 1566 1645 1609 drei
1660 1562 1867 1619 freunde.)

282 1653 410 1693 germ.
436 1640 505 1681 34.

164 1711 233 1752 36.
282 1710 387 1752 Erat
418 1710 586 1765 quidam
622 1710 850 1765 imperator
884 1710 952 1763 qui
987 1710 1146 1751 statuit.
1195 1707 1451 1764 ffriumph.)
1497 1708 1569 1750 lat.
1594 1709 1663 1750 30.

165 1783 234 1824 37.
283 1782 426 1824 Refert
457 1781 638 1823 valerius
673 1781 782 1835 quod
815 1781 984 1835 quidam
1017 1781 1198 1835 patinus.
1247 1777 1574 1835 (Hangebaum.)
1619 1778 1692 1821 lat.
1717 1779 1786 1821 33.

167 1854 235 1895 38.
283 1853 516 1908 Pypinnius
556 1852 747 1905 regnavit
778 1852 820 1893 in
854 1852 1022 1894 civitate
1052 1865 1237 1894 romana.
1294 1850 1526 1906 (Stiefkind
1557 1850 1643 1893 und
1673 1848 1869 1905 rechtes.)

286 1924 357 1966 lat.
387 1926 480 1965 116.

168 1996 236 2036 39.
284 1994 426 2036 Refert
443 1995 682 2036 saturninus
701 1993 984 2049 philosophus.
1011 1993 1236 2047 (Diogenes
1255 1993 1339 2034 und
1352 1990 1626 2048 Alexander.)
1657 2005 1786 2047 germ.
1804 1992 1868 2035 15.

167 2067 237 2107 40.
286 2065 330 2107 In
364 2065 500 2107 medio
533 2065 661 2106 Rome
693 2065 736 2106 in
769 2064 948 2119 quodam
981 2064 1084 2106 loeo.
1132 2062 1354 2119 (Curtius.)
1399 2063 1471 2106 lat.
1494 2064 1565 2106 43.

168 2137 238 2177 41.
288 2136 464 2186 Quidam
497 2149 571 2177 rex
602 2135 751 2178 nobilis
786 2135 953 2190 sapiens
987 2148 1034 2177 ae
1066 2135 1194 2177 dives.
1245 2133 1511 2189 (Schiessen.)
1557 2134 1629 2176 lat.
1653 2135 1724 2177 45.

171 2207 240 2248 42.
289 2206 465 2256 Quidam
498 2206 616 2248 miles
651 2206 857 2261 quendam
891 2219 1044 2259 regem.
1093 2205 1220 2259 (Halb
1251 2203 1465 2260 geritten.)
1510 2204 1582 2247 lat.
1609 2205 1705 2247 124.

171 2277 241 2318 43.
290 2276 432 2318 Refert
464 2277 643 2319 valerius
677 2277 785 2330 quod
819 2276 1028 2330 zelongus.
1077 2275 1330 2330 (Zaleucus.)
1376 2276 1446 2318 lat.
1472 2275 1541 2318 50.

173 2348 242 2388 44.
291 2347 549 2390 Allexander
580 2361 755 2401 magnus
788 2347 882 2402 pori
912 2347 1034 2401 regis.
1083 2346 1298 2401 (Gesehirr
1330 2344 1525 2400 stehlen.)
1570 2359 1667 2402 app.
1692 2347 1732 2389 2.

174 2418 244 2459 45.
293 2418 422 2472 Tytus
455 2419 497 2459 in
530 2419 698 2460 civitate
730 2431 904 2459 romana
934 2418 1138 2471 regnavit.
1186 2415 1368 2471 (Fooas.)
1414 2416 1485 2458 lat.
1510 2416 1579 2458 57.

175 2489 245 2530 46.
293 2487 533 2542 Penagorus
565 2489 795 2543 imperator
826 2488 1029 2541 regnavit.
1084 2487 1204 2542 (Drei
1235 2487 1511 2540 wahrheiten‚
1542 2485 1654 2541 frei.)
1707 2486 1778 2530 lat.
1802 2486 1872 2529 58.
1908 2492 1913 2495 “

175 2559 245 2599 47.
295 2558 497 2600 Ochozias
529 2559 720 2612 regnavit
750 2559 820 2612 qui
851 2562 934 2600 tres
959 2558 1065 2600 filios
1088 2558 1278 2600 habebat.
1326 2556 1609 2611 (Baumerbe.)
1655 2570 1784 2611 germ.
1805 2557 1873 2599 81.

176 2628 246 2669 48.
297 2627 437 2683 Gayus
470 2629 699 2684 imperator
732 2628 802 2682 qui
834 2629 1038 2681 regnavit.
1087 2625 1340 2682 (Jonathas.)
1387 2627 1458 2670 lat.
1487 2628 1582 2669 120.

177 2698 248 2738 49.
299 2698 552 2740 Tovinianus
584 2700 813 2753 imperator
845 2699 1047 2752 regnavit.
1097 2696 1394 2752 (Jovinianus.)
1440 2697 1513 2739 lat.
1536 2697 1606 2740 59.

180 2767 250 2808 50.
298 2767 480 2810 Hainbal
512 2768 702 2822 regnavit
733 2768 875 2810 multis
910 2770 1042 2810 annis.
1091 2767 1283 2822 (Redde.)
1329 2767 1401 2810 lat.
1426 2768 1495 2810 20.

180 2836 250 2878 51.
300 2836 440 2892 Gayus
471 2839 662 2891 regnavit
692 2838 736 2880 in
768 2838 948 2880 civitate.
997 2836 1288 2892 (Florentina.)
1333 2837 1405 2879 lat.
1429 2838 1498 2879 62.

181 2906 251 2948 52.
298 2907 508 2950 Adrianus
541 2909 583 2949 in
617 2908 785 2950 civitate
816 2922 1000 2950 romana.
1050 2906 1464 2963 (Kerkergespr'aeh.)
1510 2907 1583 2966 latt
1607 2908 1675 2950 86.
