1954 3137
181 326 249 368 84.

183 468 249 509 85.

186 612 253 652 86.

183 753 250 794 87.

184 895 252 936 88.

186 1038 253 1079 89.

184 1181 252 1223 90.

996 78 1050 119 82

241 217 248 225 .
296 183 358 225 De
387 183 544 225 duobus
574 183 771 225 fratribus
795 183 1138 225 discordantibus.
1179 182 1348 236 Legitur
1370 183 1411 224 in
1435 183 1562 236 gestis
1585 196 1864 225 romanorum.

299 254 553 304 (Feindliche
585 254 767 306 briider.)
815 254 885 296 lat.
912 255 979 295 39.

296 325 359 367 De
391 325 497 367 bello
521 325 673 368 Christi
706 330 850 368 contra
882 323 1119 367 diiabolum.
1169 324 1346 367 Cosdras
1371 326 1608 381 imperator.
1662 324 1867 377 (Codrus.)

299 397 369 438 lat.
395 398 464 437 41.

298 467 362 510 De
401 467 533 510 tribus
572 468 666 510 filiis
708 472 748 511 et
784 468 921 523 lapide
961 467 1161 522 precioso.
1218 467 1394 517 Quidam
1427 482 1512 510 rex.
1571 466 1867 519 (Glassteine.)

301 552 395 594 app.
423 540 488 580 14.

302 609 365 652 De
406 623 583 665 precone
614 614 654 652 et
686 609 813 652 nobili
842 610 1009 651 femina.
1067 609 1207 652 Refert
1238 609 1439 653 Valerius.
1498 609 1667 662 (Mutter
1699 608 1867 662 stillen.)

302 695 397 723 an.
425 682 490 722 19.

299 695 571 807 DlelEthiope
611 752 875 795 succindente
913 752 1037 806 ligna.
1095 751 1264 806 Legitur
1301 753 1344 794 in
1378 752 1482 794 vitas
1514 755 1694 807 patrum.
1753 750 1870 803 (Drei

299 826 480 874 narren.)
529 823 599 864 lat.
629 824 722 865 165.

300 894 362 937 De
403 895 595 950 passione
634 895 802 936 domini.
860 894 1097 950 Pampeiius
1136 895 1293 937 statuit.
1351 894 1414 946 (In
1447 893 1592 937 waffen
1632 892 1868 948 begraben.)

301 966 372 1008 lat.
401 967 494 1007 134.

301 1037 363 1079 De
396 1038 559 1090 ingrato
593 1041 632 1079 et
662 1036 832 1079 Gidone.
885 1037 1087 1079 Tenucius
1119 1037 1320 1091 regnavit.
1369 1037 1575 1091 (Ingratus
1598 1036 1682 1079 und
1704 1035 1869 1088 Guido.)

301 1109 371 1151 lat.
399 1109 493 1150 119.

301 1180 363 1222 De
401 1183 630 1222 mercatore
670 1179 739 1233 qui
780 1183 864 1221 tres
904 1179 1130 1234 sapientias
1163 1179 1360 1222 vendidit.
1416 1179 1698 1236 Domicianus.
1753 1178 1871 1231 (Drei

303 1251 543 1294 weisheiten
575 1251 833 1302 verkaufen.)
880 1250 950 1292 lat.
980 1252 1073 1293 103.

625 1427 756 1462 XXII.
795 1426 885 1462 Cod-
904 1427 1082 1462 Bel-olin.
1101 1436 1226 1470 germ.
1245 1425 1334 1472 643,
1360 1427 1431 1462 fol.

569 1499 622 1533 Bl.
643 1499 814 1532 1—46a.
865 1498 962 1533 XIV.
983 1497 1035 1543 jh.
1064 1501 1149 1539 (vor
1176 1499 1291 1540 1377.)
1350 1499 1395 1532 82
1421 1508 1499 1542 cap.

305 1595 363 1637 Im
389 1595 564 1648 anfange
588 1594 720 1648 einige
743 1594 875 1647 bogen
898 1597 1152 1649 pergament.
1186 1594 1349 1636 131273
1371 1593 1501 1636 findet
1522 1593 1609 1636 sich
1632 1593 1698 1635 die
1714 1592 1875 1646 jahres-

188 1667 281 1709 zahl
307 1667 432 1719 13777
466 1666 531 1707 die
564 1670 700 1708 ersten
733 1665 876 1707 stucke
908 1665 1000 1706 sind
1023 1665 1121 1708 aber
1143 1665 1408 1707 entschieden
1430 1665 1547 1708 alter.
1596 1665 1764 1718 Anfang
1784 1677 1875 1706 ver-

188 1738 367 1792 bunden,
401 1737 466 1779 die
498 1737 648 1779 blatter
679 1737 835 1790 folgen:
873 1738 915 1789 13
946 1738 1094 1789 4—63
1127 1738 1166 1791 2,
1191 1738 1238 1789 33
1273 1738 1339 1791 10,
1367 1738 1439 1789 113
1470 1737 1619 1788 7—93
1646 1736 1711 1777 12.
1761 1734 1875 1778 Oben

189 1823 269 1851 von
309 1812 494 1864 spaterer
535 1808 665 1850 hand:
706 1808 914 1864 Incipiunt
953 1812 1070 1862 gesta
1100 1808 1393 1850 Romanorum.
1450 1807 1655 1850 Moralis.:
1687 1806 1876 1850 Misticus

190 1894 347 1924 sensus.

224 2037 260 2077 1.

223 2178 261 2218 2.

226 2322 263 2362 3.

224 2463 263 2503 4.

227 2604 265 2644 ἴ).

309 1951 459 2006 Incipit
490 1950 664 1993 historia
696 1950 976 1992 Romanorum
1009 1951 1171 1993 mistice
1202 1951 1430 2005 designata.

308 2035 370 2077 De
409 2033 541 2075 milite
582 2034 651 2087 qui
694 2033 745 2075 ad
785 2034 1133 2088 peregrinandum
1164 2034 1372 2089 profectus
1405 2037 1478 2076 est.
1533 2033 1767 2076 Dorotheus
1799 2033 1877 2075 im-

308 2109 488 2161 perator.
538 2104 681 2156 (Vater
714 2104 812 2146 oder
843 2109 998 2146 mutter
1029 2105 1196 2159 folgen.)
1244 2105 1315 2147 lat.
1343 2105 1408 2147 14.

308 2176 547 2229 Renagarus
580 2176 807 2230 imperator
838 2176 1027 2229 regnavit
1059 2177 1128 2231 qui
1161 2177 1308 2218 statuit
1338 2190 1413 2232 pro
1445 2176 1534 2230 lege
1567 2176 1675 2231 quod
1706 2175 1877 2231 quicun-

311 2262 401 2303 que.
452 2246 568 2297 (Drei
599 2246 868 2300 wahrheiten7
899 2248 1007 2298 frei.)
1056 2248 1127 2290 lat.
1152 2248 1220 2289 58.

314 2319 508 2374 Sequitur
550 2318 599 2359 de
638 2331 740 2359 voca
769 2318 897 2360 fabro.
948 2318 1079 2360 Vocas
1111 2319 1153 2360 in
1186 2319 1353 2361 civitate
1384 2332 1556 2361 romana
1587 2317 1777 2371 regnavit
1809 2316 1879 2371 qui

314 2390 464 2446 posuit.
515 2389 561 2441 (F
566 2389 690 2440 ocas.)
738 2388 809 2431 lat.
834 2390 903 2430 37.

316 2461 510 2515 Sequitur
532 2459 763 2512 Gorgonius
795 2460 985 2513 regnavit
1016 2460 1058 2501 in
1090 2460 1258 2502 civitate
1289 2474 1462 2502 romana
1493 2460 1563 2515 qui
1593 2473 1765 2502 uxorem
1787 2458 1907 2514 pul--

314 2532 468 2574 chram.
519 2530 661 2582 (Vater
692 2530 841 2584 heilen,
875 2534 1029 2573 mutter
1060 2531 1204 2582 nicht.)
1250 2531 1322 2574 lat.
1349 2529 1473 2574 1125

314 2603 495 2645 Ademas
528 2601 718 2654 regnavit
748 2601 862 2643 dives
895 2602 1013 2644 valde
1046 2603 1116 2657 qui
1146 2605 1435 2645 torneamenta
1466 2606 1505 2644 et
1529 2601 1754 2644 hastiludia
1774 2600 1880 2643 mul—

315 2678 415 2716 tum.
465 2672 688 2724 (Turnier.)
736 2672 807 2713 lat.
835 2674 929 2714 113.

316 2744 378 2786 De
409 2757 506 2797 rege
538 2744 608 2798 qui
638 2742 721 2785 filio
756 2744 929 2798 pigriori
960 2758 1133 2797 regnum
1164 2744 1379 2800 disposuit.
1428 2742 1626 2786 Polimius
1648 2744 1691 2785 in
1713 2743 1881 2786 civitate

317 2815 535 2857 babilonie.
585 2814 686 2866 (Der
717 2814 897 2866 faulste.)
944 2814 1014 2856 lat.
1039 2816 1106 2857 91.

262 2918 270 2926 .
320 2885 514 2939 Sequitur
545 2886 595 2927 de
625 2885 816 2927 basilisco
851 2889 891 2927 et
922 2886 1100 2941 speculo.
1149 2885 1402 2928 Allexander
1432 2886 1621 2939 regnavit
1652 2886 1722 2940 qui
1751 2885 1882 2928 domi·
1952 2931 1954 2955 ζ

318 2961 461 2998 natum
493 2957 637 2998 tocius.
688 2956 913 3008 (Basilisk.)
961 2957 1031 2998 lat.
1059 2958 1155 2998 139.
