1929 3157
64 1017 132 1059 81.

65 1160 132 1203 82.

65 1302 132 1345 83.

64 1373 131 1416 84.

64 1515 131 1558 85.

64 1658 132 1701 86.

64 1730 132 1772 87.

64 1873 132 1916 88.

64 2016 132 2058 89.

64 2300 132 2343 91.

65 2443 133 2485 92.

65 2514 133 2556 93.

64 2585 133 2627 94.

65 2726 133 2769 95.

64 2870 132 2913 96.

857 60 934 102 131

180 165 241 209 De
272 166 436 208 civitate
468 166 634 209 obsessa
665 170 740 209 etc.
798 165 972 216 Quidam
1004 165 1195 221 princeps
1229 188 1279 192 —
1315 164 1509 206 (leonnus.
1560 162 1733 215 (Waffen

178 236 474 287 beschreiben.)
522 236 591 279 lat.
619 238 713 278 15‘2.

120 339 131 348 .
179 306 241 351 De
262 308 404 362 regina
426 311 466 350 et
487 320 659 364 corpore
681 312 721 350 et
743 308 890 350 anima.
933 307 1087 361 Regina
1109 306 1282 362 quedam
1307 306 1504 362 concepit.
1544 304 1734 357 (Zweier-

177 377 231 421 lei
262 378 390 430 tucb.)
437 378 506 421 lat.
533 379 599 420 26.

179 448 243 492 De
271 449 538 492 confessione.
593 448 788 504 Legimus
820 449 869 492 de
901 448 1075 504 quodam
1109 448 1284 490 homine.
1339 447 1532 501 (Schlang
1523 461 1558 490 e
1588 446 1733 500 losen.)

178 519 249 562 lat.
276 521 370 562 174.

178 590 243 633 De
265 591 445 646 janitore
477 597 517 635 et
547 591 728 646 gibboso.
778 591 952 642 Quidam
985 591 1174 633 dominus
1208 593 1306 631 erat.
1356 588 1489 641 (Zoll.)
1541 589 1611 631 lat.
1639 589 1733 630 157.

178 661 240 704 De
271 666 409 705 statua
440 667 479 706 et
510 664 701 719 ymagine
733 667 806 705 etc.
856 661 1026 716 Legitur
1058 662 1100 703 in
1129 660 1344 704 scolastica
1365 660 1547 702 historia.
1597 659 1736 712 (Saule

179 733 256 776 mit
285 733 522 786 beilkraut.)
571 748 664 791 app.
694 735 756 776 18.

178 803 241 847 De
272 805 409 860 aquila
442 810 482 848 et
512 809 714 862 serpente.
763 805 902 847 Refert
933 804 1103 846 Plinius.
1153 803 1333 855 (Achat.)
1382 802 1454 844 lat.
1478 802 1547 844 37.

180 875 243 919 De
279 876 436 919 duobus
474 877 670 920 fratribus
711 876 1054 919 discordantibus.
1108 874 1278 929 Legitur
1314 874 1358 916 in
1388 874 1515 928 gestis
1546 885 1737 915 romano-

178 961 282 989 rum.
331 947 582 998 (Feindliche
615 948 795 999 briider.)
843 948 913 990 lat.
939 948 1006 989 39.

178 1017 241 1061 De
272 1017 378 1062 bello
401 1018 554 1062 Christi
586 1024 730 1062 contra
761 1019 994 1075 dyabolum.
1043 1017 1220 1060 Cosdras
1243 1017 1483 1072 imperator.
1531 1014 1735 1068 (Codrus.)

178 1088 250 1132 lat.
273 1091 341 1132 41.

179 1161 242 1204 De
273 1174 393 1204 corvo
425 1165 465 1204 et
496 1162 644 1205 cinere.
692 1162 926 1213 Narratmr)
959 1160 1164 1217 phaedrus
1196 1160 1238 1201 in
1266 1158 1372 1202 libro
1402 1157 1451 1200 de
1474 1156 1734 1200 animalibus.

181 1231 450 1286 (Glasasche.)
496 1233 567 1275 lat.
591 1234 692 1276 46b.

151 1303 241 1349 .De
273 1309 431 1360 septem
463 1304 677 1347 arboribus
710 1307 784 1347 etc.
839 1303 996 1346 Tullius
1028 1306 1181 1344 narrat.
1236 1301 1275 1354 (7
1306 1300 1484 1352 haume.)
1536 1299 1607 1341 lat.
1631 1300 1736 1342 46a.

178 1374 241 1418 De
279 1375 410 1418 tribus
448 1374 544 1418 filiis
585 1379 624 1418 et
660 1375 797 1431 lapide
828 1375 1026 1431 precioso.
1082 1373 1257 1424 Quidam
1287 1385 1361 1415 rex
1392 1371 1547 1414 habuit.
1604 1370 1738 1424 (Glas-

179 1446 339 1499 steine.)
387 1460 481 1502 app.
509 1448 574 1489 14.

177 1516 240 1560 De
270 1518 463 1574 passione
494 1518 661 1560 domini.
715 1517 934 1573 Pompejus
967 1516 1111 1559 statuit
1141 1529 1216 1571 pro
1247 1514 1349 1569 lege.
1399 1513 1460 1567 (In
1491 1512 1637 1557 waffen
1668 1514 1738 1557 be-

179 1588 363 1642 graben.)
413 1589 483 1632 lat.
511 1590 606 1631 134.

178 1659 241 1702 De
271 1661 464 1716 superbia
493 1660 602 1714 regis
636 1662 710 1702 etc.
760 1659 947 1701 Valerius
977 1659 1178 1713 regnavit.
1227 1657 1436 1709 (Stricke.)
1491 1669 1584 1712 app.
1612 1657 1677 1698 16.

178 1730 241 1774 De
262 1731 392 1775 milite
415 1735 455 1774 et
475 1731 592 1774 leone
613 1735 654 1774 et
674 1744 802 1773 uxore
823 1730 1065 1774 adulterata.
1106 1729 1209 1772 Erat
1231 1729 1398 1784 quidam
1420 1741 1507 1770 rex.
1550 1726 1738 1780 (waen-

179 1802 398 1856 hochzeit.)
447 1817 540 1860 app.
566 1804 634 1845 20.

178 1873 241 1916 De
270 1874 443 1917 muliere
475 1874 705 1917 adulterata
737 1877 811 1916 etc.
863 1872 1163 1929 Dyoolecianus
1194 1872 1394 1926 r.egnavit
1446 1870 1575 1923 (Sohn
1607 1869 1739 1913 todtet

178 1949 332 1988 mutter
361 1946 506 1996 nicht.)
553 1946 623 1988 lat.
652 1946 747 1987 100.

178 2015 241 2059 De
271 2017 403 2060 tribus
434 2017 635 2060 militibus
667 2019 741 2059 etc.
789 2015 894 2058 Erat
925 2015 1093 2071 quidam
1124 2028 1209 2058 rex.
1258 2012 1546 2066 (Freundliche
1576 2011 1736 2064 wor.te)

179 2087 250 2130 lat.
278 2089 373 2130 130.

178 2157 242 2202 De
263 2159 432 2202 basilica
453 2163 494 2202 et
514 2159 780 2215 sarcophago.
815 2157 1023 2200 Adrianus
1046 2170 1172 2200 rome.
1216 2154 1507 2211 (Sarkophag.)
1546 2153 1595 2196 cf.
1613 2166 1679 2196 no.
1697 2153 1736 2194 7.

179 2229 250 2272 lat.
278 2232 342 2273 16.

179 2299 242 2344 De
294 2301 426 2345 tribus
479 2302 650 2357 syrenis.
719 2299 889 2354 Legitur
943 2299 1051 2355 quod
1107 2302 1191 2341 tres
1246 2311 1427 2354 syrenes.
1499 2294 1736 2349 (Sirenen.)

181 2385 274 2428 app.
297 2373 367 2415 41.

180 2442 346 2496 (Leerer
374 2457 494 2486 raum
524 2443 591 2486 fiir
622 2443 687 2485 die
719 2441 955 2495 erzahlung‚
986 2454 1065 2484 nur
1097 2439 1258 2491 moral.)

180 2513 242 2557 De
273 2515 530 2558 contritione.
577 2514 665 2557 Nur
696 2512 840 2556 moral.

181 2584 314 2638 (Ohne
351 2585 577 2639 fiberschr.)
629 2584 866 2628 Alexander
904 2596 1078 2638 magnus
1115 2582 1207 2638 pori
1242 2581 1351 2635 regis
1382 2579 1586 2622 indorum.
1641 2576 1736 2629 (Ge-

182 2656 313 2700 schirr
344 2657 533 2709 stehlen.)
583 2670 678 2712 app.
703 2657 742 2698 2.

179 2727 243 2770 De
272 2728 404 2771 tribus
435 2728 556 2771 sociis
588 2732 628 2770 et
654 2740 734 2769 uno
757 2739 864 2782 pane
886 2728 960 2768 etc.
1011 2723 1117 2767 Olim
1140 2726 1258 2767 erant
1277 2726 1362 2766 tres
1384 2721 1496 2764 socii.
1546 2719 1736 2773 (Traum-

179 2799 312 2852 brod.)
355 2799 426 2842 lat.
455 2800 548 2842 106.

180 2869 363 2914 Gestum.
427 2869 654 2926 Symachus
701 2867 890 2923 regnavit
934 2867 979 2909 in
1024 2866 1190 2909 civitate
1227 2877 1410 2907 romana.
1475 2860 1730 2914 (Schwarz.)

181 2955 308 2996 germ.
333 2941 401 2984 35.

1403 3008 1425 3043 9
1435 3006 1458 3030 ÷÷
