<?xml version="1.0" encoding="UTF-8"?>
<!DOCTYPE html PUBLIC "-//W3C//DTD XHTML 1.0 Transitional//EN"
    "http://www.w3.org/TR/xhtml1/DTD/xhtml1-transitional.dtd">
<html xmlns="http://www.w3.org/1999/xhtml" xml:lang="en" lang="en">
 <head>
  <title>
</title>
<meta http-equiv="Content-Type" content="text/html;charset=utf-8" />
  <meta name='ocr-system' content='tesseract 3.04.00' />
  <meta name='ocr-capabilities' content='ocr_page ocr_carea ocr_par ocr_line ocrx_word'/>
</head>
<body>
  <div class='ocr_page' id='page_1' title='image "./gestaromanorum00oestuoft_0107.png"; bbox 0 0 1929 3157; ppageno 0'>
   <div class='ocr_carea' id='block_1_1' title="bbox 55 1541 122 1582">
    <p class='ocr_par' dir='ltr' id='par_1_1' title="bbox 55 1541 122 1582">
     <span class='ocr_line' id='line_1_1' title="bbox 55 1541 122 1582; baseline 0.015 -1"><span class='ocrx_word' id='word_1_1' title='bbox 55 1541 122 1582; x_wconf 86' lang='lat'>30.</span> 
     </span>
    </p>
   </div>
   <div class='ocr_carea' id='block_1_2' title="bbox 53 1683 121 1725">
    <p class='ocr_par' dir='ltr' id='par_1_2' title="bbox 53 1683 121 1725">
     <span class='ocr_line' id='line_1_2' title="bbox 53 1683 121 1725; baseline 0 0"><span class='ocrx_word' id='word_1_2' title='bbox 53 1683 121 1725; x_wconf 84' lang='lat'>31.</span> 
     </span>
    </p>
   </div>
   <div class='ocr_carea' id='block_1_3' title="bbox 52 1826 119 1868">
    <p class='ocr_par' dir='ltr' id='par_1_3' title="bbox 52 1826 119 1868">
     <span class='ocr_line' id='line_1_3' title="bbox 52 1826 119 1868; baseline 0 0"><span class='ocrx_word' id='word_1_3' title='bbox 52 1826 119 1868; x_wconf 75' lang='lat'>32.</span> 
     </span>
    </p>
   </div>
   <div class='ocr_carea' id='block_1_4' title="bbox 52 1969 120 2012">
    <p class='ocr_par' dir='ltr' id='par_1_4' title="bbox 52 1969 120 2012">
     <span class='ocr_line' id='line_1_4' title="bbox 52 1969 120 2012; baseline 0 -1"><span class='ocrx_word' id='word_1_4' title='bbox 52 1969 120 2012; x_wconf 87' lang='lat'>33.</span> 
     </span>
    </p>
   </div>
   <div class='ocr_carea' id='block_1_5' title="bbox 51 2111 118 2153">
    <p class='ocr_par' dir='ltr' id='par_1_5' title="bbox 51 2111 118 2153">
     <span class='ocr_line' id='line_1_5' title="bbox 51 2111 118 2153; baseline 0 0"><span class='ocrx_word' id='word_1_5' title='bbox 51 2111 118 2153; x_wconf 89' lang='lat'>34.</span> 
     </span>
    </p>
   </div>
   <div class='ocr_carea' id='block_1_6' title="bbox 50 2254 117 2296">
    <p class='ocr_par' dir='ltr' id='par_1_6' title="bbox 50 2254 117 2296">
     <span class='ocr_line' id='line_1_6' title="bbox 50 2254 117 2296; baseline 0 0"><span class='ocrx_word' id='word_1_6' title='bbox 50 2254 117 2296; x_wconf 86' lang='grc'>35.</span> 
     </span>
    </p>
   </div>
   <div class='ocr_carea' id='block_1_7' title="bbox 49 2396 116 2438">
    <p class='ocr_par' dir='ltr' id='par_1_7' title="bbox 49 2396 116 2438">
     <span class='ocr_line' id='line_1_7' title="bbox 49 2396 116 2438; baseline 0 0"><span class='ocrx_word' id='word_1_7' title='bbox 49 2396 116 2438; x_wconf 84' lang='grc'>36.</span> 
     </span>
    </p>
   </div>
   <div class='ocr_carea' id='block_1_8' title="bbox 49 2538 116 2580">
    <p class='ocr_par' dir='ltr' id='par_1_8' title="bbox 49 2538 116 2580">
     <span class='ocr_line' id='line_1_8' title="bbox 49 2538 116 2580; baseline 0 0"><span class='ocrx_word' id='word_1_8' title='bbox 49 2538 116 2580; x_wconf 83' lang='lat'>37.</span> 
     </span>
    </p>
   </div>
   <div class='ocr_carea' id='block_1_9' title="bbox 48 2680 115 2722">
    <p class='ocr_par' dir='ltr' id='par_1_9' title="bbox 48 2680 115 2722">
     <span class='ocr_line' id='line_1_9' title="bbox 48 2680 115 2722; baseline 0 0"><span class='ocrx_word' id='word_1_9' title='bbox 48 2680 115 2722; x_wconf 88' lang='lat'>38.</span> 
     </span>
    </p>
   </div>
   <div class='ocr_carea' id='block_1_10' title="bbox 49 2822 115 2864">
    <p class='ocr_par' dir='ltr' id='par_1_10' title="bbox 49 2822 115 2864">
     <span class='ocr_line' id='line_1_10' title="bbox 49 2822 115 2864; baseline 0 0"><span class='ocrx_word' id='word_1_10' title='bbox 49 2822 115 2864; x_wconf 83' lang='lat'>39.</span> 
     </span>
    </p>
   </div>
   <div class='ocr_carea' id='block_1_11' title="bbox 883 93 936 130">
    <p class='ocr_par' dir='ltr' id='par_1_11' title="bbox 883 93 936 130">
     <span class='ocr_line' id='line_1_11' title="bbox 883 93 936 130; baseline -0.019 -4"><span class='ocrx_word' id='word_1_11' title='bbox 883 93 936 130; x_wconf 64' lang='lat'>&gt;⁴9</span> 
     </span>
    </p>
   </div>
   <div class='ocr_carea' id='block_1_12' title="bbox 184 188 1750 314">
    <p class='ocr_par' dir='ltr' id='par_1_12' title="bbox 184 188 1750 314">
     <span class='ocr_line' id='line_1_12' title="bbox 186 188 1750 257; baseline 0.011 -27"><span class='ocrx_word' id='word_1_12' title='bbox 186 188 326 232; x_wconf 80' lang='lat' dir='ltr'><strong>Refert</strong></span> <span class='ocrx_word' id='word_1_13' title='bbox 365 190 543 233; x_wconf 73' lang='lat' dir='ltr'>valerius</span> <span class='ocrx_word' id='word_1_14' title='bbox 583 191 688 235; x_wconf 91' lang='lat' dir='ltr'>libro</span> <span class='ocrx_word' id='word_1_15' title='bbox 722 193 792 236; x_wconf 80' lang='grc' dir='ltr'>ΙΙΙ0</span> <span class='ocrx_word' id='word_1_16' title='bbox 833 195 939 250; x_wconf 89' lang='lat' dir='ltr'>quod</span> <span class='ocrx_word' id='word_1_17' title='bbox 983 197 1150 251; x_wconf 86' lang='lat' dir='ltr'>quidam</span> <span class='ocrx_word' id='word_1_18' title='bbox 1192 212 1296 254; x_wconf 90' lang='lat' dir='ltr'>puer</span> <span class='ocrx_word' id='word_1_19' title='bbox 1336 201 1497 244; x_wconf 89' lang='lat' dir='ltr'>nobilis.</span> <span class='ocrx_word' id='word_1_20' title='bbox 1561 203 1750 257; x_wconf 83' lang='lat' dir='ltr'>(Kohle.)</span> 
     </span>
     <span class='ocr_line' id='line_1_13' title="bbox 184 263 405 314; baseline 0 -11"><span class='ocrx_word' id='word_1_21' title='bbox 184 274 312 314; x_wconf 86' lang='lat' dir='ltr'>germ.</span> <span class='ocrx_word' id='word_1_22' title='bbox 342 263 405 303; x_wconf 73' lang='lat' dir='ltr'>lo.</span> 
     </span>
    </p>
   </div>
   <div class='ocr_carea' id='block_1_13' title="bbox 125 331 1748 401">
    <p class='ocr_par' dir='ltr' id='par_1_13' title="bbox 125 331 1748 401">
     <span class='ocr_line' id='line_1_14' title="bbox 125 331 1748 401; baseline 0.01 -29"><span class='ocrx_word' id='word_1_23' title='bbox 125 364 134 373; x_wconf 93' lang='lat'>.</span> <span class='ocrx_word' id='word_1_24' title='bbox 184 331 299 374; x_wconf 81' lang='lat' dir='ltr'>Sicut</span> <span class='ocrx_word' id='word_1_25' title='bbox 330 332 388 374; x_wconf 87' lang='lat' dir='ltr'>ait</span> <span class='ocrx_word' id='word_1_26' title='bbox 420 333 572 389; x_wconf 86' lang='lat' dir='ltr'>plinius</span> <span class='ocrx_word' id='word_1_27' title='bbox 605 336 712 389; x_wconf 89' lang='lat' dir='ltr'>quod</span> <span class='ocrx_word' id='word_1_28' title='bbox 746 340 808 379; x_wconf 91' lang='lat' dir='ltr'>est</span> <span class='ocrx_word' id='word_1_29' title='bbox 840 337 962 380; x_wconf 86' lang='lat' dir='ltr'>arbor</span> <span class='ocrx_word' id='word_1_30' title='bbox 994 340 1169 394; x_wconf 88' lang='lat' dir='ltr'>quedam</span> <span class='ocrx_word' id='word_1_31' title='bbox 1204 341 1243 383; x_wconf 91' lang='lat' dir='ltr'>in</span> <span class='ocrx_word' id='word_1_32' title='bbox 1263 342 1402 395; x_wconf 86' lang='lat' dir='ltr'>judea.</span> <span class='ocrx_word' id='word_1_33' title='bbox 1453 344 1557 395; x_wconf 85' lang='lat' dir='ltr'>(Nur</span> <span class='ocrx_word' id='word_1_34' title='bbox 1579 347 1748 401; x_wconf 76' lang='lat' dir='ltr'>ansang;</span> 
     </span>
    </p>
   </div>
   <div class='ocr_carea' id='block_1_14' title="bbox 183 403 881 460">
    <p class='ocr_par' dir='ltr' id='par_1_14' title="bbox 183 403 881 460">
     <span class='ocr_line' id='line_1_15' title="bbox 183 403 881 460; baseline 0.009 -16"><span class='ocrx_word' id='word_1_35' title='bbox 183 403 333 453; x_wconf 77' lang='lat' dir='ltr'>lfieke.)</span> <span class='ocrx_word' id='word_1_36' title='bbox 383 404 611 458; x_wconf 87' lang='lat' dir='ltr'>(Theriak.)</span> <span class='ocrx_word' id='word_1_37' title='bbox 661 421 788 460; x_wconf 82' lang='lat' dir='ltr'>germ.</span> <span class='ocrx_word' id='word_1_38' title='bbox 817 409 881 450; x_wconf 76' lang='lat'>17.</span> 
     </span>
    </p>
   </div>
   <div class='ocr_carea' id='block_1_15' title="bbox 124 545 1747 609">
    <p class='ocr_par' dir='ltr' id='par_1_15' title="bbox 124 545 1747 609">
     <span class='ocr_line' id='line_1_16' title="bbox 124 545 1747 609; baseline 0.01 -24"><span class='ocrx_word' id='word_1_39' title='bbox 124 577 132 586; x_wconf 94' lang='lat'>.</span> <span class='ocrx_word' id='word_1_40' title='bbox 167 545 270 597; x_wconf 71' lang='lat'><strong>(57.)</strong></span> <span class='ocrx_word' id='word_1_41' title='bbox 319 545 482 588; x_wconf 84' lang='lat' dir='ltr'>Schluss</span> <span class='ocrx_word' id='word_1_42' title='bbox 505 547 576 589; x_wconf 79' lang='lat' dir='ltr'>des</span> <span class='ocrx_word' id='word_1_43' title='bbox 599 549 772 604; x_wconf 77' lang='lat' dir='ltr'>capitels</span> <span class='ocrx_word' id='word_1_44' title='bbox 796 551 869 592; x_wconf 88' lang='lat' dir='ltr'>auf</span> <span class='ocrx_word' id='word_1_45' title='bbox 887 551 939 593; x_wconf 91' lang='lat' dir='ltr'>bl.</span> <span class='ocrx_word' id='word_1_46' title='bbox 960 552 1065 594; x_wconf 71' lang='lat' dir='ltr'><strong>49a.</strong></span> <span class='ocrx_word' id='word_1_47' title='bbox 1109 552 1225 604; x_wconf 91' lang='lat' dir='ltr'>(Drei</span> <span class='ocrx_word' id='word_1_48' title='bbox 1250 555 1518 609; x_wconf 90' lang='lat' dir='ltr'>weisheiten.)</span> <span class='ocrx_word' id='word_1_49' title='bbox 1559 558 1629 601; x_wconf 87' lang='lat' dir='ltr'>lat.</span> <span class='ocrx_word' id='word_1_50' title='bbox 1652 561 1747 602; x_wconf 80' lang='lat'><strong>167.</strong></span> 
     </span>
    </p>
   </div>
   <div class='ocr_carea' id='block_1_16' title="bbox 181 615 1748 742">
    <p class='ocr_par' dir='ltr' id='par_1_16' title="bbox 181 615 1748 742">
     <span class='ocr_line' id='line_1_17' title="bbox 181 615 1748 680; baseline 0.011 -23"><span class='ocrx_word' id='word_1_51' title='bbox 181 615 352 666; x_wconf 83' lang='lat' dir='ltr'>Quidam</span> <span class='ocrx_word' id='word_1_52' title='bbox 397 631 467 659; x_wconf 84' lang='lat' dir='ltr'>rex</span> <span class='ocrx_word' id='word_1_53' title='bbox 509 624 598 661; x_wconf 85' lang='lat' dir='ltr'>erat</span> <span class='ocrx_word' id='word_1_54' title='bbox 636 621 704 674; x_wconf 88' lang='lat' dir='ltr'>qui</span> <span class='ocrx_word' id='word_1_55' title='bbox 744 624 903 663; x_wconf 83' lang='lat' dir='ltr'>tantum</span> <span class='ocrx_word' id='word_1_56' title='bbox 947 636 1071 664; x_wconf 89' lang='lat' dir='ltr'>unum</span> <span class='ocrx_word' id='word_1_57' title='bbox 1111 623 1240 666; x_wconf 77' lang='lat' dir='ltr'>lilium</span> <span class='ocrx_word' id='word_1_58' title='bbox 1285 626 1438 669; x_wconf 85' lang='lat' dir='ltr'>habuit.</span> <span class='ocrx_word' id='word_1_59' title='bbox 1496 629 1748 680; x_wconf 90' lang='lat' dir='ltr'>(Freundes-</span> 
     </span>
     <span class='ocr_line' id='line_1_18' title="bbox 181 687 578 742; baseline 0.008 -14"><span class='ocrx_word' id='word_1_60' title='bbox 181 687 337 742; x_wconf 85' lang='lat' dir='ltr'><strong>probe.)</strong></span> <span class='ocrx_word' id='word_1_61' title='bbox 385 688 455 730; x_wconf 87' lang='lat' dir='ltr'>lat.</span> <span class='ocrx_word' id='word_1_62' title='bbox 485 691 578 732; x_wconf 66' lang='grc'><strong>120.</strong></span> 
     </span>
    </p>
   </div>
   <div class='ocr_carea' id='block_1_17' title="bbox 123 756 1746 826">
    <p class='ocr_par' dir='ltr' id='par_1_17' title="bbox 123 756 1746 826">
     <span class='ocr_line' id='line_1_19' title="bbox 123 756 1746 826; baseline 0.011 -28"><span class='ocrx_word' id='word_1_63' title='bbox 123 789 132 798; x_wconf 94' lang='grc'>.</span> <span class='ocrx_word' id='word_1_64' title='bbox 178 756 282 800; x_wconf 81' lang='lat' dir='ltr'>Erat</span> <span class='ocrx_word' id='word_1_65' title='bbox 321 760 487 813; x_wconf 85' lang='lat' dir='ltr'>quidam</span> <span class='ocrx_word' id='word_1_66' title='bbox 532 775 679 804; x_wconf 83' lang='lat' dir='ltr'>avarus</span> <span class='ocrx_word' id='word_1_67' title='bbox 720 763 866 805; x_wconf 86' lang='lat' dir='ltr'>sedens</span> <span class='ocrx_word' id='word_1_68' title='bbox 902 765 1025 817; x_wconf 84' lang='lat' dir='ltr'>juxta</span> <span class='ocrx_word' id='word_1_69' title='bbox 1065 779 1189 808; x_wconf 88' lang='lat' dir='ltr'>mare.</span> <span class='ocrx_word' id='word_1_70' title='bbox 1255 767 1429 818; x_wconf 72' lang='lat' dir='ltr'>(Schatz</span> <span class='ocrx_word' id='word_1_71' title='bbox 1469 772 1522 813; x_wconf 89' lang='lat' dir='ltr'>im</span> <span class='ocrx_word' id='word_1_72' title='bbox 1562 772 1746 826; x_wconf 87' lang='lat' dir='ltr'>haume.)</span> 
     </span>
    </p>
   </div>
   <div class='ocr_carea' id='block_1_18' title="bbox 175 827 1746 1095">
    <p class='ocr_par' dir='ltr' id='par_1_18' title="bbox 179 827 372 872">
     <span class='ocr_line' id='line_1_20' title="bbox 179 827 372 872; baseline 0.016 -3"><span class='ocrx_word' id='word_1_73' title='bbox 179 827 249 870; x_wconf 85' lang='lat' dir='ltr'>lat.</span> <span class='ocrx_word' id='word_1_74' title='bbox 279 831 372 872; x_wconf 79' lang='grc'><strong>109.</strong></span> 
     </span>
    </p>

    <p class='ocr_par' dir='ltr' id='par_1_19' title="bbox 175 898 1746 1095">
     <span class='ocr_line' id='line_1_21' title="bbox 177 898 1743 967; baseline 0.011 -27"><span class='ocrx_word' id='word_1_75' title='bbox 177 898 351 949; x_wconf 83' lang='lat' dir='ltr'>Quidam</span> <span class='ocrx_word' id='word_1_76' title='bbox 386 915 457 944; x_wconf 82' lang='lat' dir='ltr'>rex</span> <span class='ocrx_word' id='word_1_77' title='bbox 492 908 581 944; x_wconf 86' lang='lat' dir='ltr'>erat</span> <span class='ocrx_word' id='word_1_78' title='bbox 613 904 680 958; x_wconf 92' lang='lat' dir='ltr'>qui</span> <span class='ocrx_word' id='word_1_79' title='bbox 705 905 851 947; x_wconf 82' lang='lat' dir='ltr'>statuit</span> <span class='ocrx_word' id='word_1_80' title='bbox 872 919 946 961; x_wconf 91' lang='lat' dir='ltr'>pro</span> <span class='ocrx_word' id='word_1_81' title='bbox 968 906 1070 961; x_wconf 88' lang='lat' dir='ltr'>lege.</span> <span class='ocrx_word' id='word_1_82' title='bbox 1120 908 1508 967; x_wconf 80' lang='lat' dir='ltr'>(Todestrompete.)</span> <span class='ocrx_word' id='word_1_83' title='bbox 1556 914 1626 957; x_wconf 91' lang='lat' dir='ltr'>lat.</span> <span class='ocrx_word' id='word_1_84' title='bbox 1649 916 1743 958; x_wconf 85' lang='lat'><strong>143.</strong></span> 
     </span>
     <span class='ocr_line' id='line_1_22' title="bbox 176 969 1746 1038; baseline 0.012 -27"><span class='ocrx_word' id='word_1_85' title='bbox 176 969 397 1020; x_wconf 84' lang='lat' dir='ltr'>Quintillus</span> <span class='ocrx_word' id='word_1_86' title='bbox 439 974 627 1026; x_wconf 83' lang='lat' dir='ltr'>regnavit</span> <span class='ocrx_word' id='word_1_87' title='bbox 658 976 725 1030; x_wconf 91' lang='lat' dir='ltr'>qui</span> <span class='ocrx_word' id='word_1_88' title='bbox 760 977 907 1019; x_wconf 82' lang='lat' dir='ltr'>statuit</span> <span class='ocrx_word' id='word_1_89' title='bbox 939 991 1012 1032; x_wconf 91' lang='lat' dir='ltr'>pro</span> <span class='ocrx_word' id='word_1_90' title='bbox 1044 978 1134 1033; x_wconf 86' lang='lat' dir='ltr'>lege</span> <span class='ocrx_word' id='word_1_91' title='bbox 1166 985 1212 1022; x_wconf 91' lang='lat' dir='ltr'>ut</span> <span class='ocrx_word' id='word_1_92' title='bbox 1245 983 1430 1038; x_wconf 90' lang='lat' dir='ltr'>quisquis</span> <span class='ocrx_word' id='word_1_93' title='bbox 1462 997 1592 1028; x_wconf 81' lang='lat' dir='ltr'>cecus.</span> <span class='ocrx_word' id='word_1_94' title='bbox 1644 987 1746 1038; x_wconf 87' lang='lat'><strong>(100</strong></span> 
     </span>
     <span class='ocr_line' id='line_1_23' title="bbox 175 1043 619 1095; baseline 0.009 -12"><span class='ocrx_word' id='word_1_95' title='bbox 175 1043 406 1095; x_wconf 84' lang='lat' dir='ltr'>groschen.)</span> <span class='ocrx_word' id='word_1_96' title='bbox 457 1044 526 1086; x_wconf 86' lang='lat' dir='ltr'>lat.</span> <span class='ocrx_word' id='word_1_97' title='bbox 553 1046 619 1087; x_wconf 73' lang='lat'>73.</span> 
     </span>
    </p>
   </div>
   <div class='ocr_carea' id='block_1_19' title="bbox 118 1113 1743 1183">
    <p class='ocr_par' dir='ltr' id='par_1_20' title="bbox 118 1113 1743 1183">
     <span class='ocr_line' id='line_1_24' title="bbox 118 1113 1743 1183; baseline 0.011 -29"><span class='ocrx_word' id='word_1_98' title='bbox 118 1145 126 1153; x_wconf 95' lang='lat'>.</span> <span class='ocrx_word' id='word_1_99' title='bbox 175 1113 425 1158; x_wconf 85' lang='lat' dir='ltr'>Aurelianus</span> <span class='ocrx_word' id='word_1_100' title='bbox 459 1117 647 1170; x_wconf 86' lang='lat' dir='ltr'>regnavit</span> <span class='ocrx_word' id='word_1_101' title='bbox 680 1118 720 1159; x_wconf 92' lang='lat' dir='ltr'>in</span> <span class='ocrx_word' id='word_1_102' title='bbox 754 1119 921 1161; x_wconf 84' lang='lat' dir='ltr'>civitate</span> <span class='ocrx_word' id='word_1_103' title='bbox 954 1133 1124 1164; x_wconf 87' lang='lat' dir='ltr'>romana</span> <span class='ocrx_word' id='word_1_104' title='bbox 1148 1126 1293 1177; x_wconf 89' lang='lat' dir='ltr'>potens</span> <span class='ocrx_word' id='word_1_105' title='bbox 1318 1124 1446 1168; x_wconf 86' lang='lat' dir='ltr'>valde.</span> <span class='ocrx_word' id='word_1_106' title='bbox 1496 1126 1743 1183; x_wconf 85' lang='lat' dir='ltr'>(Spielball.)</span> 
     </span>
    </p>
   </div>
   <div class='ocr_carea' id='block_1_20' title="bbox 174 1184 1743 1323">
    <p class='ocr_par' dir='ltr' id='par_1_21' title="bbox 174 1184 1743 1323">
     <span class='ocr_line' id='line_1_25' title="bbox 175 1184 340 1227; baseline 0.012 -2"><span class='ocrx_word' id='word_1_107' title='bbox 175 1184 246 1226; x_wconf 87' lang='lat' dir='ltr'>lat.</span> <span class='ocrx_word' id='word_1_108' title='bbox 272 1185 340 1227; x_wconf 81' lang='grc'>74.</span> 
     </span>
     <span class='ocr_line' id='line_1_26' title="bbox 174 1255 1743 1323; baseline 0.011 -26"><span class='ocrx_word' id='word_1_109' title='bbox 174 1255 358 1306; x_wconf 89' lang='lat' dir='ltr'>Quedam</span> <span class='ocrx_word' id='word_1_110' title='bbox 397 1258 543 1301; x_wconf 78' lang='lat' dir='ltr'>civitas</span> <span class='ocrx_word' id='word_1_111' title='bbox 577 1265 665 1302; x_wconf 90' lang='lat' dir='ltr'>erat</span> <span class='ocrx_word' id='word_1_112' title='bbox 691 1261 814 1315; x_wconf 78' lang='lat' dir='ltr'>juxta</span> <span class='ocrx_word' id='word_1_113' title='bbox 846 1276 959 1305; x_wconf 87' lang='lat' dir='ltr'>mare</span> <span class='ocrx_word' id='word_1_114' title='bbox 992 1277 1070 1318; x_wconf 91' lang='lat' dir='ltr'>que</span> <span class='ocrx_word' id='word_1_115' title='bbox 1103 1278 1126 1306; x_wconf 91' lang='lat' dir='ltr'>a</span> <span class='ocrx_word' id='word_1_116' title='bbox 1158 1265 1300 1308; x_wconf 88' lang='lat' dir='ltr'>bestiis</span> <span class='ocrx_word' id='word_1_117' title='bbox 1334 1270 1563 1312; x_wconf 77' lang='lat' dir='ltr'>venenosis.</span> <span class='ocrx_word' id='word_1_118' title='bbox 1623 1270 1743 1323; x_wconf 89' lang='lat' dir='ltr'>(Dra-</span> 
     </span>
    </p>
   </div>
   <div class='ocr_carea' id='block_1_21' title="bbox 115 1327 1740 1462">
    <p class='ocr_par' dir='ltr' id='par_1_22' title="bbox 115 1327 1740 1462">
     <span class='ocr_line' id='line_1_27' title="bbox 139 1327 1050 1390; baseline 0.008 -21"><span class='ocrx_word' id='word_1_119' title='bbox 139 1350 143 1354; x_wconf 95' lang='lat'>·</span> <span class='ocrx_word' id='word_1_120' title='bbox 174 1327 276 1370; x_wconf 85' lang='lat' dir='ltr'>chen</span> <span class='ocrx_word' id='word_1_121' title='bbox 308 1329 435 1371; x_wconf 77' lang='lat' dir='ltr'>durch</span> <span class='ocrx_word' id='word_1_122' title='bbox 469 1329 601 1373; x_wconf 78' lang='lat' dir='ltr'>lowen</span> <span class='ocrx_word' id='word_1_123' title='bbox 634 1332 843 1384; x_wconf 86' lang='lat' dir='ltr'>entfernt.)</span> <span class='ocrx_word' id='word_1_124' title='bbox 892 1347 987 1390; x_wconf 87' lang='lat' dir='ltr'>app.</span> <span class='ocrx_word' id='word_1_125' title='bbox 1011 1336 1050 1377; x_wconf 86' lang='lat'>4.</span> 
     </span>
     <span class='ocr_line' id='line_1_28' title="bbox 115 1398 1740 1462; baseline 0.01 -23"><span class='ocrx_word' id='word_1_126' title='bbox 115 1431 123 1439; x_wconf 95' lang='lat'>.</span> <span class='ocrx_word' id='word_1_127' title='bbox 172 1398 303 1454; x_wconf 89' lang='lat' dir='ltr'>Myles</span> <span class='ocrx_word' id='word_1_128' title='bbox 344 1401 513 1455; x_wconf 84' lang='lat' dir='ltr'>quidam</span> <span class='ocrx_word' id='word_1_129' title='bbox 555 1406 643 1444; x_wconf 88' lang='lat' dir='ltr'>erat</span> <span class='ocrx_word' id='word_1_130' title='bbox 682 1417 856 1457; x_wconf 85' lang='lat' dir='ltr'>magnus</span> <span class='ocrx_word' id='word_1_131' title='bbox 896 1406 1023 1460; x_wconf 87' lang='lat' dir='ltr'>predo</span> <span class='ocrx_word' id='word_1_132' title='bbox 1057 1408 1125 1462; x_wconf 89' lang='lat' dir='ltr'>qui</span> <span class='ocrx_word' id='word_1_133' title='bbox 1159 1408 1338 1452; x_wconf 90' lang='lat' dir='ltr'>habebat</span> <span class='ocrx_word' id='word_1_134' title='bbox 1369 1424 1495 1453; x_wconf 90' lang='grc'><strong>11111111]</strong></span> <span class='ocrx_word' id='word_1_135' title='bbox 1528 1412 1740 1457; x_wconf 88' lang='lat' dir='ltr'>famulum.</span> 
     </span>
    </p>
   </div>
   <div class='ocr_carea' id='block_1_22' title="bbox 162 1469 1739 2954">
    <p class='ocr_par' dir='ltr' id='par_1_23' title="bbox 172 1469 642 1522">
     <span class='ocr_line' id='line_1_29' title="bbox 172 1469 642 1522; baseline 0.006 -10"><span class='ocrx_word' id='word_1_136' title='bbox 172 1469 285 1520; x_wconf 83' lang='lat' dir='ltr'>(Fuss</span> <span class='ocrx_word' id='word_1_137' title='bbox 319 1471 400 1522; x_wconf 81' lang='lat' dir='ltr'>ab.)</span> <span class='ocrx_word' id='word_1_138' title='bbox 449 1472 519 1513; x_wconf 90' lang='lat' dir='ltr'>lat.</span> <span class='ocrx_word' id='word_1_139' title='bbox 548 1474 642 1515; x_wconf 78' lang='grc'><strong>127.</strong></span> 
     </span>
    </p>

    <p class='ocr_par' dir='ltr' id='par_1_24' title="bbox 170 1540 1739 1670">
     <span class='ocr_line' id='line_1_30' title="bbox 170 1540 1739 1603; baseline 0.011 -21"><span class='ocrx_word' id='word_1_140' title='bbox 170 1540 273 1583; x_wconf 85' lang='lat' dir='ltr'>Erat</span> <span class='ocrx_word' id='word_1_141' title='bbox 313 1542 479 1597; x_wconf 89' lang='lat' dir='ltr'>quidam</span> <span class='ocrx_word' id='word_1_142' title='bbox 522 1544 651 1599; x_wconf 80' lang='lat' dir='ltr'>myles</span> <span class='ocrx_word' id='word_1_143' title='bbox 693 1550 885 1589; x_wconf 82' lang='lat' dir='ltr'>strenuus</span> <span class='ocrx_word' id='word_1_144' title='bbox 925 1549 993 1603; x_wconf 91' lang='lat' dir='ltr'>qui</span> <span class='ocrx_word' id='word_1_145' title='bbox 1027 1552 1187 1592; x_wconf 91' lang='lat' dir='ltr'>tantum</span> <span class='ocrx_word' id='word_1_146' title='bbox 1221 1551 1386 1594; x_wconf 85' lang='lat' dir='ltr'>unicum</span> <span class='ocrx_word' id='word_1_147' title='bbox 1420 1552 1549 1597; x_wconf 88' lang='lat' dir='ltr'>filium</span> <span class='ocrx_word' id='word_1_148' title='bbox 1583 1556 1739 1600; x_wconf 87' lang='lat' dir='ltr'>habuit.</span> 
     </span>
     <span class='ocr_line' id='line_1_31' title="bbox 171 1612 841 1670; baseline 0.009 -16"><span class='ocrx_word' id='word_1_149' title='bbox 171 1612 325 1667; x_wconf 79' lang='lat' dir='ltr'>(Hund‚</span> <span class='ocrx_word' id='word_1_150' title='bbox 359 1613 432 1656; x_wconf 93' lang='lat' dir='ltr'>VII</span> <span class='ocrx_word' id='word_1_151' title='bbox 465 1616 570 1670; x_wconf 86' lang='lat' dir='ltr'>sap.)</span> <span class='ocrx_word' id='word_1_152' title='bbox 619 1630 747 1670; x_wconf 84' lang='lat' dir='ltr'>germ.</span> <span class='ocrx_word' id='word_1_153' title='bbox 772 1619 841 1660; x_wconf 89' lang='lat'><strong>41..</strong></span> 
     </span>
    </p>

    <p class='ocr_par' dir='ltr' id='par_1_25' title="bbox 169 1683 1738 1812">
     <span class='ocr_line' id='line_1_32' title="bbox 170 1683 1738 1755; baseline 0.011 -30"><span class='ocrx_word' id='word_1_154' title='bbox 170 1683 346 1734; x_wconf 85' lang='lat' dir='ltr'>Quidam</span> <span class='ocrx_word' id='word_1_155' title='bbox 396 1685 626 1741; x_wconf 82' lang='lat' dir='ltr'>Imperator</span> <span class='ocrx_word' id='word_1_156' title='bbox 674 1694 763 1731; x_wconf 89' lang='lat' dir='ltr'>erat</span> <span class='ocrx_word' id='word_1_157' title='bbox 810 1689 879 1744; x_wconf 89' lang='lat' dir='ltr'>qui</span> <span class='ocrx_word' id='word_1_158' title='bbox 927 1690 1069 1734; x_wconf 89' lang='lat' dir='ltr'>habuit</span> <span class='ocrx_word' id='word_1_159' title='bbox 1116 1693 1322 1747; x_wconf 88' lang='lat' dir='ltr'>quoddam</span> <span class='ocrx_word' id='word_1_160' title='bbox 1371 1709 1528 1740; x_wconf 90' lang='lat' dir='ltr'>nemus.</span> <span class='ocrx_word' id='word_1_161' title='bbox 1593 1699 1738 1755; x_wconf 79' lang='lat' dir='ltr'>(Eber,</span> 
     </span>
     <span class='ocr_line' id='line_1_33' title="bbox 169 1754 382 1812; baseline 0.009 -15"><span class='ocrx_word' id='word_1_162' title='bbox 169 1754 244 1797; x_wconf 86' lang='lat' dir='ltr'>VII</span> <span class='ocrx_word' id='word_1_163' title='bbox 277 1758 382 1812; x_wconf 85' lang='lat' dir='ltr'>sap.)</span> 
     </span>
    </p>

    <p class='ocr_par' dir='ltr' id='par_1_26' title="bbox 167 1826 1738 1957">
     <span class='ocr_line' id='line_1_34' title="bbox 167 1826 1738 1893; baseline 0.011 -25"><span class='ocrx_word' id='word_1_164' title='bbox 167 1826 272 1869; x_wconf 89' lang='lat' dir='ltr'>Erat</span> <span class='ocrx_word' id='word_1_165' title='bbox 300 1828 341 1869; x_wconf 90' lang='lat' dir='ltr'>in</span> <span class='ocrx_word' id='word_1_166' title='bbox 366 1841 447 1870; x_wconf 88' lang='lat' dir='ltr'>una</span> <span class='ocrx_word' id='word_1_167' title='bbox 469 1828 636 1872; x_wconf 81' lang='lat' dir='ltr'>civitate</span> <span class='ocrx_word' id='word_1_168' title='bbox 659 1829 777 1873; x_wconf 88' lang='lat' dir='ltr'>miles</span> <span class='ocrx_word' id='word_1_169' title='bbox 801 1845 925 1874; x_wconf 83' lang='lat' dir='ltr'>senex</span> <span class='ocrx_word' id='word_1_170' title='bbox 950 1833 1019 1888; x_wconf 90' lang='lat' dir='ltr'>qui</span> <span class='ocrx_word' id='word_1_171' title='bbox 1042 1835 1249 1889; x_wconf 87' lang='lat' dir='ltr'>quandam</span> <span class='ocrx_word' id='word_1_172' title='bbox 1267 1837 1545 1891; x_wconf 84' lang='lat' dir='ltr'>juvenculam.</span> <span class='ocrx_word' id='word_1_173' title='bbox 1587 1841 1738 1893; x_wconf 88' lang='lat' dir='ltr'>(Haus—</span> 
     </span>
     <span class='ocr_line' id='line_1_35' title="bbox 170 1897 773 1957; baseline 0.007 -17"><span class='ocrx_word' id='word_1_174' title='bbox 170 1897 378 1952; x_wconf 83' lang='lat' dir='ltr'>sehliissel,</span> <span class='ocrx_word' id='word_1_175' title='bbox 410 1899 483 1941; x_wconf 89' lang='lat' dir='ltr'>VII</span> <span class='ocrx_word' id='word_1_176' title='bbox 516 1914 603 1957; x_wconf 86' lang='lat' dir='ltr'>sap.</span> <span class='ocrx_word' id='word_1_177' title='bbox 640 1902 773 1954; x_wconf 81' lang='lat' dir='ltr'>kurz.)</span> 
     </span>
    </p>

    <p class='ocr_par' dir='ltr' id='par_1_27' title="bbox 169 1969 1735 2101">
     <span class='ocr_line' id='line_1_36' title="bbox 170 1969 1735 2035; baseline 0.01 -25"><span class='ocrx_word' id='word_1_178' title='bbox 170 1969 274 2012; x_wconf 87' lang='lat' dir='ltr'>Erat</span> <span class='ocrx_word' id='word_1_179' title='bbox 320 1971 361 2012; x_wconf 91' lang='lat' dir='ltr'>in</span> <span class='ocrx_word' id='word_1_180' title='bbox 402 1971 569 2014; x_wconf 86' lang='lat' dir='ltr'>civitate</span> <span class='ocrx_word' id='word_1_181' title='bbox 608 1986 779 2015; x_wconf 86' lang='lat' dir='ltr'>romana</span> <span class='ocrx_word' id='word_1_182' title='bbox 820 1975 987 2029; x_wconf 88' lang='lat' dir='ltr'>quidam</span> <span class='ocrx_word' id='word_1_183' title='bbox 1027 1977 1145 2021; x_wconf 90' lang='lat' dir='ltr'>miles</span> <span class='ocrx_word' id='word_1_184' title='bbox 1188 1980 1257 2035; x_wconf 90' lang='lat' dir='ltr'>qui</span> <span class='ocrx_word' id='word_1_185' title='bbox 1292 1980 1397 2024; x_wconf 78' lang='lat' dir='ltr'>‘duas</span> <span class='ocrx_word' id='word_1_186' title='bbox 1436 1981 1541 2025; x_wconf 86' lang='lat' dir='ltr'>filias</span> <span class='ocrx_word' id='word_1_187' title='bbox 1581 1983 1735 2028; x_wconf 86' lang='lat' dir='ltr'>habuit.</span> 
     </span>
     <span class='ocr_line' id='line_1_37' title="bbox 169 2040 1100 2101; baseline 0.01 -19"><span class='ocrx_word' id='word_1_188' title='bbox 169 2040 340 2093; x_wconf 89' lang='lat' dir='ltr'>(Thurm</span> <span class='ocrx_word' id='word_1_189' title='bbox 373 2041 592 2098; x_wconf 79' lang='lat' dir='ltr'>Herodots‚</span> <span class='ocrx_word' id='word_1_190' title='bbox 624 2044 695 2086; x_wconf 89' lang='lat' dir='ltr'>VII</span> <span class='ocrx_word' id='word_1_191' title='bbox 728 2048 832 2101; x_wconf 86' lang='lat' dir='ltr'>sap.)</span> <span class='ocrx_word' id='word_1_192' title='bbox 879 2061 1006 2100; x_wconf 88' lang='lat' dir='ltr'>germ.</span> <span class='ocrx_word' id='word_1_193' title='bbox 1031 2050 1100 2091; x_wconf 92' lang='grc'>42.</span> 
     </span>
    </p>

    <p class='ocr_par' dir='ltr' id='par_1_28' title="bbox 167 2111 1733 2241">
     <span class='ocr_line' id='line_1_38' title="bbox 169 2111 1733 2181; baseline 0.011 -28"><span class='ocrx_word' id='word_1_194' title='bbox 169 2111 418 2155; x_wconf 86' lang='lat' dir='ltr'>Octavianus</span> <span class='ocrx_word' id='word_1_195' title='bbox 467 2116 656 2168; x_wconf 83' lang='lat' dir='ltr'>regnavit</span> <span class='ocrx_word' id='word_1_196' title='bbox 703 2116 744 2157; x_wconf 93' lang='lat' dir='ltr'>in</span> <span class='ocrx_word' id='word_1_197' title='bbox 791 2118 956 2161; x_wconf 82' lang='lat' dir='ltr'>civitate</span> <span class='ocrx_word' id='word_1_198' title='bbox 1004 2133 1176 2163; x_wconf 88' lang='lat' dir='ltr'>romana</span> <span class='ocrx_word' id='word_1_199' title='bbox 1215 2122 1334 2166; x_wconf 91' lang='lat' dir='ltr'>valde</span> <span class='ocrx_word' id='word_1_200' title='bbox 1372 2124 1498 2167; x_wconf 86' lang='lat' dir='ltr'>dives.</span> <span class='ocrx_word' id='word_1_201' title='bbox 1563 2126 1733 2181; x_wconf 87' lang='lat' dir='ltr'>(Virgils</span> 
     </span>
     <span class='ocr_line' id='line_1_39' title="bbox 167 2183 827 2241; baseline 0.008 -16"><span class='ocrx_word' id='word_1_202' title='bbox 167 2183 319 2238; x_wconf 76' lang='lat' dir='ltr'>thui-m,</span> <span class='ocrx_word' id='word_1_203' title='bbox 351 2184 422 2226; x_wconf 88' lang='lat' dir='ltr'>VII</span> <span class='ocrx_word' id='word_1_204' title='bbox 455 2186 560 2241; x_wconf 87' lang='lat' dir='ltr'>sap.)</span> <span class='ocrx_word' id='word_1_205' title='bbox 607 2200 734 2240; x_wconf 89' lang='lat' dir='ltr'>germ.</span> <span class='ocrx_word' id='word_1_206' title='bbox 759 2190 827 2230; x_wconf 83' lang='lat'>43.</span> 
     </span>
    </p>

    <p class='ocr_par' dir='ltr' id='par_1_29' title="bbox 165 2254 1730 2386">
     <span class='ocr_line' id='line_1_40' title="bbox 166 2254 1730 2324; baseline 0.011 -29"><span class='ocrx_word' id='word_1_207' title='bbox 166 2254 255 2297; x_wconf 82' lang='lat' dir='ltr'>Rex</span> <span class='ocrx_word' id='word_1_208' title='bbox 287 2256 454 2310; x_wconf 89' lang='lat' dir='ltr'>quidam</span> <span class='ocrx_word' id='word_1_209' title='bbox 489 2257 592 2299; x_wconf 85' lang='lat' dir='ltr'>miro</span> <span class='ocrx_word' id='word_1_210' title='bbox 625 2259 746 2301; x_wconf 90' lang='lat' dir='ltr'>modo</span> <span class='ocrx_word' id='word_1_211' title='bbox 769 2260 936 2304; x_wconf 87' lang='lat' dir='ltr'>inflatus</span> <span class='ocrx_word' id='word_1_212' title='bbox 957 2261 1027 2305; x_wconf 89' lang='lat' dir='ltr'>ille</span> <span class='ocrx_word' id='word_1_213' title='bbox 1049 2263 1300 2307; x_wconf 86' lang='lat' dir='ltr'>intendebat.</span> <span class='ocrx_word' id='word_1_214' title='bbox 1351 2265 1488 2319; x_wconf 90' lang='lat' dir='ltr'>(Peter</span> <span class='ocrx_word' id='word_1_215' title='bbox 1510 2269 1594 2311; x_wconf 91' lang='lat' dir='ltr'>und</span> <span class='ocrx_word' id='word_1_216' title='bbox 1615 2269 1730 2324; x_wconf 84' lang='lat' dir='ltr'>Paul,</span> 
     </span>
     <span class='ocr_line' id='line_1_41' title="bbox 165 2326 1063 2386; baseline 0.01 -19"><span class='ocrx_word' id='word_1_217' title='bbox 165 2326 398 2369; x_wconf 78' lang='lat' dir='ltr'>seneschals</span> <span class='ocrx_word' id='word_1_218' title='bbox 431 2328 549 2382; x_wconf 84' lang='lat' dir='ltr'>weib,</span> <span class='ocrx_word' id='word_1_219' title='bbox 582 2328 654 2371; x_wconf 83' lang='lat' dir='ltr'>VH</span> <span class='ocrx_word' id='word_1_220' title='bbox 687 2333 791 2386; x_wconf 84' lang='lat' dir='ltr'>sap.)</span> <span class='ocrx_word' id='word_1_221' title='bbox 842 2346 969 2386; x_wconf 87' lang='lat' dir='ltr'>germ.</span> <span class='ocrx_word' id='word_1_222' title='bbox 994 2335 1063 2376; x_wconf 86' lang='lat'>44.</span> 
     </span>
    </p>

    <p class='ocr_par' dir='ltr' id='par_1_30' title="bbox 164 2395 1731 2522">
     <span class='ocr_line' id='line_1_42' title="bbox 164 2395 1731 2465; baseline 0.011 -27"><span class='ocrx_word' id='word_1_223' title='bbox 164 2395 268 2440; x_wconf 91' lang='lat' dir='ltr'>Erat</span> <span class='ocrx_word' id='word_1_224' title='bbox 299 2398 465 2452; x_wconf 89' lang='lat' dir='ltr'>quidam</span> <span class='ocrx_word' id='word_1_225' title='bbox 502 2399 730 2455; x_wconf 88' lang='lat' dir='ltr'>Imperator</span> <span class='ocrx_word' id='word_1_226' title='bbox 763 2403 831 2457; x_wconf 91' lang='lat' dir='ltr'>qui</span> <span class='ocrx_word' id='word_1_227' title='bbox 865 2405 1010 2447; x_wconf 90' lang='lat' dir='ltr'>statuit</span> <span class='ocrx_word' id='word_1_228' title='bbox 1043 2406 1230 2462; x_wconf 87' lang='lat' dir='ltr'>prolege</span> <span class='ocrx_word' id='word_1_229' title='bbox 1251 2411 1297 2450; x_wconf 90' lang='lat' dir='ltr'>ut</span> <span class='ocrx_word' id='word_1_230' title='bbox 1319 2409 1564 2465; x_wconf 88' lang='lat' dir='ltr'>quicunque.</span> <span class='ocrx_word' id='word_1_231' title='bbox 1613 2411 1731 2464; x_wconf 91' lang='lat' dir='ltr'>(Abi-</span> 
     </span>
     <span class='ocr_line' id='line_1_43' title="bbox 164 2468 552 2522; baseline 0.005 -12"><span class='ocrx_word' id='word_1_232' title='bbox 164 2468 251 2522; x_wconf 81' lang='lat' dir='ltr'>bas,</span> <span class='ocrx_word' id='word_1_233' title='bbox 283 2469 340 2521; x_wconf 89' lang='grc'>5.)</span> <span class='ocrx_word' id='word_1_234' title='bbox 388 2469 460 2512; x_wconf 88' lang='lat' dir='ltr'>lat.</span> <span class='ocrx_word' id='word_1_235' title='bbox 490 2472 552 2512; x_wconf 76' lang='lat'>17.</span> 
     </span>
    </p>

    <p class='ocr_par' dir='ltr' id='par_1_31' title="bbox 162 2539 1727 2654">
     <span class='ocr_line' id='line_1_44' title="bbox 166 2539 1727 2606; baseline 0.011 -26"><span class='ocrx_word' id='word_1_236' title='bbox 166 2539 340 2589; x_wconf 89' lang='lat' dir='ltr'>Quidam</span> <span class='ocrx_word' id='word_1_237' title='bbox 374 2554 531 2597; x_wconf 86' lang='lat' dir='ltr'>pauper</span> <span class='ocrx_word' id='word_1_238' title='bbox 564 2542 642 2585; x_wconf 89' lang='lat' dir='ltr'>fuit</span> <span class='ocrx_word' id='word_1_239' title='bbox 673 2544 713 2585; x_wconf 90' lang='lat' dir='ltr'>in</span> <span class='ocrx_word' id='word_1_240' title='bbox 745 2545 921 2598; x_wconf 88' lang='lat' dir='ltr'>quadam</span> <span class='ocrx_word' id='word_1_241' title='bbox 947 2546 1045 2589; x_wconf 90' lang='lat' dir='ltr'>villa</span> <span class='ocrx_word' id='word_1_242' title='bbox 1067 2549 1136 2603; x_wconf 91' lang='lat' dir='ltr'>qui</span> <span class='ocrx_word' id='word_1_243' title='bbox 1158 2549 1245 2592; x_wconf 91' lang='lat' dir='ltr'>ivit.</span> <span class='ocrx_word' id='word_1_244' title='bbox 1295 2550 1727 2606; x_wconf 85' lang='lat' dir='ltr'>(Drachenschwanz.)</span> 
     </span>
     <span class='ocr_line' id='line_1_45' title="bbox 162 2610 355 2654; baseline 0.01 -2"><span class='ocrx_word' id='word_1_245' title='bbox 162 2610 232 2653; x_wconf 88' lang='lat' dir='ltr'>lat.</span> <span class='ocrx_word' id='word_1_246' title='bbox 261 2612 355 2654; x_wconf 92' lang='lat'><strong>114.</strong></span> 
     </span>
    </p>

    <p class='ocr_par' dir='ltr' id='par_1_32' title="bbox 162 2681 1726 2805">
     <span class='ocr_line' id='line_1_46' title="bbox 162 2681 1726 2752; baseline 0.011 -30"><span class='ocrx_word' id='word_1_247' title='bbox 162 2681 267 2724; x_wconf 90' lang='lat' dir='ltr'>Erat</span> <span class='ocrx_word' id='word_1_248' title='bbox 288 2683 455 2737; x_wconf 90' lang='lat' dir='ltr'>quidam</span> <span class='ocrx_word' id='word_1_249' title='bbox 478 2683 706 2739; x_wconf 86' lang='lat' dir='ltr'>Imperator</span> <span class='ocrx_word' id='word_1_250' title='bbox 729 2687 799 2742; x_wconf 89' lang='lat' dir='ltr'>qui</span> <span class='ocrx_word' id='word_1_251' title='bbox 821 2688 965 2731; x_wconf 91' lang='lat' dir='ltr'>habuit</span> <span class='ocrx_word' id='word_1_252' title='bbox 986 2690 1193 2744; x_wconf 88' lang='lat' dir='ltr'>quoddam</span> <span class='ocrx_word' id='word_1_253' title='bbox 1216 2705 1374 2736; x_wconf 91' lang='lat' dir='ltr'>nemus.</span> <span class='ocrx_word' id='word_1_254' title='bbox 1414 2694 1588 2747; x_wconf 84' lang='lat' dir='ltr'>(Naokte</span> <span class='ocrx_word' id='word_1_255' title='bbox 1602 2697 1726 2752; x_wconf 78' lang='lat' dir='ltr'>Jung-</span> 
     </span>
     <span class='ocr_line' id='line_1_47' title="bbox 163 2753 581 2805; baseline 0.01 -11"><span class='ocrx_word' id='word_1_256' title='bbox 163 2753 339 2805; x_wconf 86' lang='lat' dir='ltr'>frauen.)</span> <span class='ocrx_word' id='word_1_257' title='bbox 386 2754 458 2797; x_wconf 91' lang='lat' dir='ltr'>lat.</span> <span class='ocrx_word' id='word_1_258' title='bbox 486 2756 581 2798; x_wconf 90' lang='grc'><strong>115.</strong></span> 
     </span>
    </p>

    <p class='ocr_par' dir='ltr' id='par_1_33' title="bbox 162 2823 1724 2954">
     <span class='ocr_line' id='line_1_48' title="bbox 165 2823 1724 2894; baseline 0.01 -29"><span class='ocrx_word' id='word_1_259' title='bbox 165 2823 340 2874; x_wconf 89' lang='lat' dir='ltr'>Quidam</span> <span class='ocrx_word' id='word_1_260' title='bbox 380 2826 574 2883; x_wconf 82' lang='lat' dir='ltr'>princeps</span> <span class='ocrx_word' id='word_1_261' title='bbox 615 2832 704 2871; x_wconf 90' lang='lat' dir='ltr'>erat</span> <span class='ocrx_word' id='word_1_262' title='bbox 741 2829 783 2871; x_wconf 90' lang='lat' dir='ltr'>in</span> <span class='ocrx_word' id='word_1_263' title='bbox 820 2843 904 2873; x_wconf 85' lang='lat' dir='ltr'>una</span> <span class='ocrx_word' id='word_1_264' title='bbox 934 2832 1101 2876; x_wconf 83' lang='lat' dir='ltr'>civitate</span> <span class='ocrx_word' id='word_1_265' title='bbox 1133 2834 1247 2889; x_wconf 79' lang='lat' dir='ltr'>cujus</span> <span class='ocrx_word' id='word_1_266' title='bbox 1279 2835 1467 2892; x_wconf 76' lang='lat' dir='ltr'>populus</span> <span class='ocrx_word' id='word_1_267' title='bbox 1521 2837 1724 2894; x_wconf 83' lang='lat' dir='ltr'>(Anfang3</span> 
     </span>
     <span class='ocr_line' id='line_1_49' title="bbox 162 2894 1106 2954; baseline 0.01 -17"><span class='ocrx_word' id='word_1_268' title='bbox 162 2894 312 2948; x_wconf 78' lang='lat' dir='ltr'>liieke.)</span> <span class='ocrx_word' id='word_1_269' title='bbox 363 2896 540 2949; x_wconf 80' lang='lat' dir='ltr'>(Waffen</span> <span class='ocrx_word' id='word_1_270' title='bbox 572 2899 868 2954; x_wconf 85' lang='lat' dir='ltr'>besohreiben.)</span> <span class='ocrx_word' id='word_1_271' title='bbox 914 2902 985 2944; x_wconf 89' lang='lat' dir='ltr'>lat.</span> <span class='ocrx_word' id='word_1_272' title='bbox 1012 2905 1106 2946; x_wconf 87' lang='grc'><strong>152.</strong></span> 
     </span>
    </p>
   </div>
  </div>
 </body>
</html>
