1919 3131
96 162 163 205 84.

96 303 164 346 85.

95 447 162 489 86.

96 589 163 631 87.

96 731 162 774 88.

95 873 162 916 89.

94 1017 163 1060 90.

93 1160 162 1202 91.

94 1302 162 1344 92.

889 59 929 70 ..-

879 66 923 98 1η

212 162 273 204 De
310 162 491 204 falsitate
529 163 746 205 mulierum
786 162 1077 206 adulterarum.
1140 163 1350 214 Quondam
1383 169 1472 207 erat
1503 165 1544 207 in
1577 166 1741 208 civitate

211 246 312 275 rom.
362 233 700 287 (Ilailsscliliil'sel,
732 233 804 276 VII
836 236 941 290 sap.)

212 303 275 347 De
307 303 447 346 subtili
480 304 580 346 fure.
628 304 731 347 Erat
768 306 972 360 quondam
1006 306 1047 347 in
1080 305 1245 348 civitate
1276 319 1459 349 romana.
1509 306 1624 349 Ohne
1656 321 1741 350 mo-

211 375 322 418 ralis.
373 375 541 426 (Thurm
577 375 794 430 llerodots,
828 376 898 419 VII
932 377 1036 432 sap.)
1084 390 1209 430 germ.
1235 377 1303 419 42.

210 446 273 489 De
310 446 490 488 falsitate
523 447 741 489 mulierum
776 448 1066 491 adulterarum.
1123 447 1234 490 Civis
1267 448 1431 502 quidam
1467 452 1555 491 erat
1592 449 1632 491 in
1665 449 1740 492 civ.

211 517 327 560 Ohne
358 518 539 560 moralis,
590 518 756 571 (Elsten
791 519 862 560 VII
896 520 1001 575 sap.)

212 588 454 632 Castitatem
488 589 682 632 debemus
716 604 891 632 servare.
956 589 1073 633 Miles
1113 591 1278 646 quidam
1319 603 1444 633 senex
1484 591 1555 633 sed
1589 591 1739 645 justus.

212 659 326 702 Ohne
358 660 538 702 moralis.
586 660 757 714 (Gattin,
789 661 861 702 VII
895 662 1001 717 sap.)

210 732 405 774 Avaricia
443 731 573 773 multa
610 731 717 774 bona
749 731 896 787 perdit.
961 732 1210 775 Octavianus
1241 733 1429 786 regnavit
1460 733 1573 776 dives
1609 733 1740 776 valde.

212 802 380 857 (Virgils
413 802 563 855 thurm,
597 802 668 845 VII
700 804 805 859 sap.)
852 817 979 857 germ.
1004 804 1073 846 43.

210 873 273 917 De
294 873 474 916 falsitate
497 873 762 929 prelatorum.
812 874 987 925 Quidam
1015 875 1242 931 imperator
1263 874 1390 918 Rome
1412 875 1612 929 regnavit.
1653 874 1743 926 (VII

211 959 314 1002 sap„
343 945 418 988 VII
449 946 554 1000 sap.)
602 958 729 998 germ.
754 946 825 987 48.

210 1016 273 1060 De
305 1017 490 1059 servicio.
539 1015 634 1058 Fuit
665 1017 833 1072 quidam
865 1017 1091 1073 imperator
1113 1017 1183 1072 qui
1206 1017 1351 1060 statuit
1372 1030 1446 1073 pro
1471 1016 1573 1071 lege.
1623 1016 1741 1069 (Abi-

211 1088 297 1142 bas,
330 1087 388 1139 5.)
434 1087 505 1129 lat.
534 1088 598 1129 17.

210 1158 272 1202 De
295 1158 508 1201 dulcedine
530 1157 668 1200 Cristi.
716 1158 891 1209 Quidam
920 1172 1077 1215 pauper
1098 1159 1177 1201 fuit
1197 1159 1239 1201 in
1263 1158 1439 1214 quadam
1463 1158 1579 1201 silva.
1619 1157 1741 1211 (Dra-

211 1230 540 1281 chenschwanz.)
585 1229 655 1271 lat.
684 1231 778 1271 114.

210 1301 272 1344 De
304 1302 495 1358 passione
527 1300 666 1343 Cristi.
714 1300 818 1342 Erat
848 1300 1013 1355 quidam
1047 1301 1273 1357 imperator
1305 1301 1375 1358 qui
1406 1300 1583 1344 habebat
1613 1300 1741 1356 quod-

143 1407 148 1411 .
209 1373 304 1415 dam
335 1387 493 1416 nemus.
543 1372 717 1425 (Nackte
743 1372 1024 1426 jungfrauen.)
1071 1372 1142 1415 lat.
1171 1373 1266 1414 115.

94 1445 163 1487 93.

94 1587 163 1630 94.

96 1730 164 1772 95.

96 1873 164 1916 96.

14 2001 25 2009 '
97 2015 165 2057 97.

96 2157 166 2200 98.

97 2300 165 2343 99.

73 2443 167 2485 100.

73 2584 168 2628 101.

74 2726 169 2770 102.

74 2869 168 2912 103.

210 1443 273 1487 De
303 1444 487 1486 vindicta
517 1447 793 1499 peccatorum.
841 1443 1031 1486 Justinus
1053 1444 1280 1500 imperator
1301 1444 1343 1486 in
1365 1443 1531 1486 civitate
1552 1456 1737 1486 romana.

211 1515 410 1567 (Untreue
441 1528 571 1569 gegen
603 1514 807 1567 erretter.)
854 1514 925 1557 lat.
954 1516 1047 1557 117.

211 1586 274 1630 De
305 1587 559 1629 amatoribus
590 1586 734 1628 mundi
766 1585 937 1628 Gestum
969 1586 1165 1642 sequitur.
1212 1585 1417 1629 Narratur
1445 1585 1553 1641 quod
1574 1584 1642 1628 lex
1662 1584 1743 1628 fuit

210 1659 332 1701 facta.
382 1657 700 1712 (Erbtheilung.)
748 1657 819 1700 lat.
845 1658 913 1700 90.

211 1729 275 1773 De
306 1729 488 1772 stulticia
518 1729 743 1771 hominum.
793 1728 918 1772 Sicud
939 1728 1039 1772 dicit
1058 1728 1221 1785 Esopus
1244 1728 1412 1784 quidam
1436 1728 1500 1771 vir
1520 1728 1738 1771 transiens.

212 1800 431 1855 (Schlange
462 1800 608 1852 losen.)
655 1799 725 1842 lat.
754 1801 848 1842 174.

210 1872 291 1916 Pro
324 1872 507 1928 quolibet
544 1874 712 1927 peccato
752 1875 916 1927 oportet
952 1872 1148 1927 penitere.
1211 1870 1386 1922 Quidam
1419 1870 1609 1913 dominus
1641 1873 1741 1913 erat.

214 1944 348 1996 (Zoll.)
394 1943 466 1985 lat.
493 1943 588 1984 157.

211 2014 450 2058 Penitencia
469 2012 709 2056 reconciliat
729 2017 999 2069 peccatorem.
1044 2012 1215 2068 Legitur
1236 2013 1280 2055 in
1301 2013 1427 2067 gestis
1448 2011 1740 2055 Romanorum.

214 2085 467 2138 (Feindliche
499 2084 680 2136 briider.)
727 2084 798 2127 lat.
823 2085 890 2127 39.

213 2157 276 2200 De
315 2157 508 2213 passione
539 2155 678 2199 Cristi.
736 2155 913 2198 Cosdras
943 2156 1171 2211 imperator
1202 2158 1459 2211 pugnaturus
1490 2157 1634 2196 contra
1663 2153 1743 2195 ini-

212 2229 355 2271 micos.
403 2227 608 2280 (Codrus.)
655 2226 726 2268 lat.
750 2227 821 2268 41.

212 2300 275 2343 De
315 2299 491 2343 annulis.
548 2298 723 2349 Quidam
762 2311 836 2340 rex
874 2297 1019 2341 habuit
1055 2303 1139 2342 tres
1179 2298 1285 2341 filios
1318 2301 1358 2341 et
1389 2309 1515 2339 unum
1547 2294 1742 2351 lapidem.

216 2370 498 2423 (Glassteine.)
547 2383 641 2425 app.
669 2370 733 2410 14.

214 2442 277 2486 De
309 2442 492 2485 stulticia
522 2445 796 2497 peccatorum.
852 2439 1021 2494 Legitur
1052 2441 1095 2483 in
1127 2441 1232 2483 vitas
1265 2443 1444 2496 patrum.
1501 2437 1618 2490 (Drei
1648 2449 1744 2479 nar-

214 2513 318 2565 ren.)
364 2513 435 2556 lat.
463 2513 557 2554 165.

213 2584 550 2628 Benefactoribus
579 2595 740 2638 semper
760 2581 980 2624 invidetur.
1027 2581 1248 2639 Pompejus
1271 2581 1415 2624 statuit
1436 2593 1511 2636 pro
1532 2579 1634 2634 lege.
1683 2578 1744 2632 (In

214 2655 359 2699 waffen
391 2654 629 2709 begraben.)
677 2652 748 2695 lat.
775 2654 871 2695 134.

215 2726 278 2770 De
309 2725 605 2781 ingratitudine
635 2723 833 2767 beneficii.
880 2722 1086 2767 Leuncius
1105 2724 1295 2779 regnavit
1315 2726 1460 2779 potens
1482 2720 1613 2764 valde.
1663 2719 1744 2773 (In-

216 2802 357 2852 gratus
388 2798 474 2840 und
505 2795 669 2848 Guido.)
715 2794 786 2837 lat.
813 2795 908 2837 119.

213 2869 276 2912 De
307 2869 544 2925 prudencia.
593 2867 861 2911 Domicianus
892 2866 935 2908 in
967 2866 1133 2909 civitate
1164 2866 1350 2909 Romana
1379 2863 1580 2918 regnavit.
1628 2861 1744 2914 (Drei

214 2939 454 2983 weisheiten
485 2939 741 2991 verkaufen.)
789 2937 861 2980 lat.
889 2937 983 2979 103.

1412 3008 1468 3045 54<-
