1949 3162
999 52 1085 93 454

201 162 235 203 si
268 165 434 213 tangam
469 172 573 212 eam,
608 162 726 200 extra
757 172 799 200 se
830 159 964 213 ipsam
997 158 1176 213 rapitur3
1210 161 1250 199 et
1282 158 1371 200 ideo
1404 157 1528 200 nichil
1560 158 1691 210 magis
1716 157 1883 212 expedit

201 232 309 286 egris
342 230 532 273 curandis
564 229 645 271 nisi
677 230 775 271 dare
807 230 866 271 eis
899 229 1006 283 quod
1039 229 1181 271 volunt
1217 232 1258 271 et
1293 229 1400 283 quod
1432 228 1680 271 desiderant.
1737 228 1792 270 Et
1823 228 1882 270 sic

200 316 274 358 per
306 301 408 344 tales
442 300 712 354 allegaciones
744 300 852 341 filius
886 301 1017 342 evasit
1048 304 1089 342 et
1119 313 1295 342 noverca
1327 299 1520 341 defuncta
1551 303 1625 342 est.

318 373 605 414 Mor-alicacia
669 371 897 423 Clarissimi,
922 385 993 413 rex
1018 372 1095 413 iste
1119 375 1256 426 potest
1278 371 1356 413 dici
1380 371 1538 426 primus
1560 383 1710 426 parens
1731 370 1881 424 Adam,

153 452 174 486 5
201 444 270 498 qui
301 443 433 485 locum
468 447 509 484 et
539 442 758 497 imperium
792 442 991 495 habebat,
1035 442 1191 484 scilicet
1230 442 1490 497 paradisum,
1529 455 1648 496 quem
1681 442 1780 483 deus
1811 441 1883 483 do-

199 515 358 556 minum
405 514 536 555 tocius
584 514 726 555 mundi
774 513 999 555 constituit.
1062 513 1303 555 Psalmista:
1357 513 1505 555 Omnia
1552 512 1762 566 subjecisti
1809 512 1883 554 sub

199 585 373 640 pedibus
407 585 492 638 ejus
526 589 600 626 etc.
649 584 724 634 Qui
760 584 1026 639 desponsavit
1057 584 1269 639 pulchram
1304 597 1472 625 uxorem
1507 584 1533 624 i.
1557 597 1590 625 e.
1625 585 1805 625 animam
1833 584 1882 625 ad

201 656 265 698 dei
307 655 617 697 similitudinem
660 659 862 708 creatam,
905 669 954 696 ex
994 669 1074 709 qua
1109 656 1252 709 genuit
1285 655 1414 696 filium
1453 656 1479 696 i.
1503 668 1535 696 e.
1570 654 1779 696 Christum
1811 668 1885 696 sua

202 727 398 783 progenie
446 727 688 782 productum
740 730 937 780 quantum
985 727 1034 767 ad
1074 727 1386 768 humanitatem.
1449 725 1563 767 Uxor
1609 726 1635 767 i.
1666 740 1700 767 e.
1748 726 1886 767 anima

134 808 176 842 10
203 799 375 840 moritur
408 798 678 853 spiritualiter
702 811 774 852 per
798 801 1026 852 peccatum,
1060 798 1167 852 quod
1197 798 1424 849 commisit3
1458 798 1600 839 statim
1622 797 1741 839 duxit
1762 797 1885 839 aliam

202 883 394 922 uxorem,
427 869 583 911 scilicet
613 869 875 922 iniquitatem
909 873 950 910 et
982 869 1188 911 miseriam
1224 870 1265 910 in
1299 882 1418 923 quam
1453 869 1619 921 cecidit,
1657 882 1731 924 per
1763 881 1885 923 quam

203 941 394 996 paradiso
434 940 675 995 privabatur
716 944 756 981 et
793 940 835 981 in
876 940 952 982 isto
985 941 1137 982 mundo
1178 940 1427 996 ponebatur,
1469 940 1537 982 ubi
1578 940 1619 981 in
1660 939 1807 981 sudore
1846 943 1887 982 et

201 1012 341 1055 labore
375 1012 490 1054 vixit.
541 1011 670 1053 Filius
704 1011 781 1063 dei‚
816 1011 884 1064 qui
917 1014 1008 1052 erat
1039 1012 1088 1053 de
1121 1025 1195 1054 sua
1227 1012 1436 1067 progenie,
1470 1011 1692 1053 secundum
1721 1023 1886 1052 carnem

204 1084 252 1126 de
276 1084 450 1139 imperio
474 1083 613 1125 celesti
637 1087 807 1137 propter
823 1086 1004 1124 nostram
1026 1082 1309 1125 infirmitatem
1329 1087 1370 1126 et
1385 1083 1646 1137 iniquitatem
1663 1082 1886 1135 descendit,

135 1162 178 1197 15
204 1156 273 1210 qui
306 1156 437 1197 factus
470 1158 532 1197 est
562 1159 702 1196 noster
734 1153 930 1196 medicus.
989 1152 1077 1208 [95]
1113 1154 1323 1197 Perfectus
1363 1159 1498 1196 autem
1531 1154 1715 1196 medicus
1746 1167 1886 1196 omnes

204 1227 466 1269 infirmitates
506 1230 641 1279 curat,
682 1226 724 1266 in
764 1228 924 1267 tantum
964 1226 1073 1280 quod
1103 1226 1216 1268 fama
1247 1227 1334 1281 ejus
1366 1226 1407 1267 in
1441 1225 1527 1267 celo
1561 1229 1602 1267 et
1631 1226 1672 1266 in
1705 1229 1817 1267 terra
1847 1229 1888 1267 et

204 1300 244 1341 in
277 1298 437 1340 inferno
471 1297 636 1339 volavit.
687 1296 767 1338 Sed
800 1300 918 1352 pater
949 1297 1252 1339 noster‘Adam
1285 1298 1466 1351 graviter
1497 1296 1784 1339 infirmabatur
1814 1310 1888 1351 per

205 1373 417 1425 peccatum
459 1369 723 1410 commissum
763 1371 846 1409 tam
887 1368 929 1409 in
968 1381 1138 1424 corpore
1181 1383 1301 1422 quam
1346 1369 1387 1410 in
1430 1369 1590 1420 anima3
1637 1368 1680 1409 in
1718 1381 1888 1423 corpore

204 1441 386 1497 perdidit
425 1440 597 1493 gloriam
633 1444 673 1481 et
711 1439 927 1492 honorem,
970 1440 1131 1493 quando
1174 1440 1222 1481 de
1255 1440 1446 1495 paradiso
1488 1443 1550 1488 est
1589 1438 1806 1494 expulsus3
1845 1439 1888 1480 in

135 1519 180 1553 20
207 1513 365 1566 anima,
408 1511 570 1566 quando
618 1525 640 1552 a
672 1511 746 1552 deo
780 1514 995 1566 separatus
1029 1516 1091 1552 est
1122 1515 1162 1553 et
1193 1512 1233 1552 in
1267 1512 1471 1553 infernum
1506 1510 1749 1564 collocatus,
1788 1510 1888 1552 deus

206 1597 302 1626 vero
342 1583 496 1638 optime
536 1588 575 1625 et
612 1585 789 1638 perfecte
829 1582 943 1623 illum
985 1596 1060 1624 sua
1098 1583 1314 1624 benedicta
1353 1583 1544 1638 passione
1589 1582 1769 1636 curavit,
1817 1582 1887 1624 sed

206 1668 439 1707 novercam,
473 1654 629 1696 scilicet
661 1653 884 1707 diabolum,
919 1654 982 1695 cui
1016 1668 1089 1708 per
1119 1659 1333 1708 peccatum
1366 1654 1605 1708 conjunctus
1638 1658 1740 1706 erat,
1771 1667 1889 1695 num-

207 1741 327 1782 quam
369 1726 532 1768 volebat
573 1739 728 1767 curare.
783 1725 860 1767 Dic
902 1739 997 1778 ergo
1037 1725 1162 1766 michi
1202 1739 1328 1779 quare
1368 1725 1586 1767 habuerint
1624 1725 1794 1767 eandem
1827 1725 1889 1766 in-

209 1798 461 1851 firmitatem⁷
494 1799 591 1852 quia
623 1797 742 1839 ambo
776 1810 849 1852 per
881 1801 1092 1852 peccatum
1128 1796 1389 1838 ceciderunt?
1428 1797 1492 1838 Ad
1525 1796 1601 1838 hoc
1631 1796 1740 1838 dico:
1773 1795 1890 1839 Licet

138 1875 183 1909 25
209 1869 327 1912 ambo
362 1873 647 1924 peccaverunt7
680 1873 819 1910 tamen
852 1868 931 1910 alio
965 1872 1005 1910 et
1035 1868 1112 1909 alio
1136 1869 1277 1919 mod03
1311 1868 1497 1910 diabolus
1519 1868 1607 1910 sine
1629 1868 1889 1921 suggestione

211 1945 252 1984 et
284 1955 334 1983 ex
358 1941 527 1996 propria
551 1940 726 1992 malicia,
759 1939 880 1981 homo
915 1954 1008 1981 vero
1041 1953 1115 1994 per
1136 1939 1342 1981 diabolum
1374 1943 1598 1995 temptatus
1622 1943 1663 1981 et
1682 1953 1732 1981 ex
1752 1938 1890 1992 fragili

209 2013 385 2054 materia
425 2012 650 2066 plasmatus
689 2011 730 2051 in
764 2016 975 2065 peccatum
1016 2011 1162 2052 cecidit
1194 2015 1233 2052 et
1264 2010 1397 2053 oleum
1430 2010 1710 2052 misericordie
1743 2010 1888 2066 peciit;

209 2085 300 2126 ideo
341 2083 525 2125 medicus
558 2081 747 2123 dominus
779 2087 919 2123 noster
951 2082 1091 2124 ihesus
1124 2081 1312 2123 Christus
1349 2082 1556 2124 hominem
1596 2082 1776 2132 curavit,
1816 2081 1889 2123 sed

210 2169 291 2196 non
323 2167 539 2196 novercam
574 2153 730 2194 scilicet
762 2153 983 2194 diabolum.
1040 2153 1227 2195 Noverca
1257 2153 1329 2195 illa
1361 2158 1423 2195 est
1454 2167 1589 2207 causa,
1624 2166 1751 2207 quare
1781 2152 1888 2194 filius

140 2231 184 2264 30
211 2226 274 2268 dei
318 2240 340 2267 a
372 2225 511 2266 multis
551 2224 783 2265 hominibus
823 2225 864 2266 in
898 2224 1073 2266 alienam
1114 2225 1323 2277 regionem
1364 2225 1542 2267 mittitur
1573 2228 1614 2266 et
1643 2223 1695 2266 ab
1727 2224 1786 2266 eis
1818 2237 1888 2266 ex-

212 2297 398 2353 pellitur3
439 2296 508 2337 sed
549 2309 570 2337 e
609 2308 803 2337 converso
843 2296 1057 2350 presencia
1095 2296 1234 2338 divina
1273 2301 1336 2338 est
1372 2308 1496 2338 causa
1537 2296 1681 2337 mortis
1720 2295 1887 2348 diaboli,

212 2369 307 2423 quia
340 2367 458 2410 ambo
491 2381 534 2408 se
565 2380 645 2408 non
679 2367 1003 2421 compaciuntur.

858 2597 959 2639 CAP.
989 2599 1081 2639 113.
1107 2599 1238 2649 (105.)

370 2685 443 2730 De
478 2683 708 2744 spirituali
734 2699 893 2743 puyna
933 2691 971 2730 et
1006 2686 1373 2730 remuneracione
1400 2699 1490 2744 pro
1527 2684 1728 2728 victoria.

142 2803 187 2836 35
330 2793 514 2835 Adoni-as
562 2793 749 2845 regnavit
786 2793 900 2834 dives
950 2793 1086 2847 valde,
1140 2793 1208 2847 qui
1253 2797 1536 2835 torneamenta
1581 2796 1620 2833 et
1666 2791 1888 2834 hastiludia

213 2864 386 2905 multum
421 2865 639 2913 dilexerat3
674 2863 780 2904 unde
813 2864 1015 2917 quoddam
1050 2868 1377 2906 torneamentum
1409 2863 1507 2905 fecit
1538 2863 1804 2918 proclamari,
1844 2867 1889 2904 ut

214 2935 459 2990 quicumque
491 2949 533 2976 se
567 2935 607 2975 in
639 2938 922 2976 torneamento
959 2935 1104 2976 melius
1146 2935 1333 2988 haberet⁷
1375 2934 1599 2976 mercedem
1643 2934 1887 2988 condignam
