1954 3137
153 440 223 480 44.

154 581 223 622 45.

154 724 223 764 46.

154 866 224 907 47.

155 1150 224 1191 49.

156 1292 224 1334 50.

157 1577 226 1619 52.

159 1720 229 1761 53.

159 1862 228 1903 54.

161 2145 230 2187 56.

162 2288 231 2329 57.

165 2569 233 2611 58.

166 2710 235 2751 59.

168 2850 236 2891 60.

968 50 1047 90 178

213 189 221 197 .
271 155 334 198 De
372 156 505 197 milite
547 156 616 209 qui
658 156 770 197 venit
813 155 863 196 ad
903 155 1062 196 curiam
1104 155 1213 208 regis
1246 168 1340 197 cum
1373 154 1616 199 fidelissimo
1651 157 1782 200 amico
1815 161 1856 200 et

271 227 453 267 inimico.
504 225 629 276 (Halb
662 226 872 279 geritten.)
920 224 992 267 lat.
1021 226 1117 267 124.

184 298 222 339 3.
271 297 484 346 Quomodo
526 310 599 338 rex
639 297 843 338 danorum
884 295 1016 337 tribus
1056 296 1224 350 regibus
1263 310 1439 339 munera
1479 297 1594 340 dedit
1626 302 1666 341 et
1698 299 1857 353 majora

270 368 514 423 reportavit.
546 392 598 395 —
634 367 720 410 Rex
755 368 971 409 danorum.
1022 367 1145 419 (Heil.
1171 367 1259 409 drei
1292 368 1474 421 konige.)
1521 368 1592 410 lat.
1617 370 1688 411 47.

274 439 335 481 De
376 439 434 479 xii
467 438 628 492 legibus
663 439 702 480 in
739 438 919 493 quadam
952 438 1120 480 civitate
1153 438 1334 480 statutis.
1389 438 1545 481 Narrat
1576 440 1708 493 trojus
1740 453 1858 496 pom-

272 511 390 564 pejus
425 509 474 551 de
506 509 671 563 ligurio.
724 509 936 564 (Lycurg.)
988 509 1059 551 lat.
1090 510 1184 551 169.

273 580 336 622 De
376 594 474 634 rege
508 581 577 635 qui
610 580 739 622 filiam
774 594 890 621 suam
925 579 1039 622 dedit
1070 580 1129 621 illi
1165 580 1234 634 qui
1267 579 1474 622 elementa
1506 581 1774 623 mensuravit.
1802 605 1856 610 —

274 651 451 701 Quidam
486 665 560 693 rex
594 655 695 694 erat.
746 652 863 702 (Drei
896 652 1072 705 fragen.)
1120 650 1192 693 lat.
1219 652 1288 692 70.

274 722 337 765 De
369 736 465 775 rege
500 723 569 776 qui
597 723 725 777 jussit
757 722 886 764 filium
914 736 1036 764 suum
1061 736 1226 778 pomum
1253 736 1423 765 aureum
1447 723 1596 777 majori
1617 723 1723 766 fatui
1745 723 1856 766 dare.

275 793 599 849 (Narrenapfel.)
647 794 717 835 lat.
745 794 812 835 74.

274 865 337 907 De
369 865 460 906 sure
494 865 564 918 qui
597 878 671 919 per
704 868 860 907 tectum
893 865 1040 907 domus
1075 865 1262 907 ascendit
1294 868 1335 907 et
1366 865 1527 908 cecidit.
1577 865 1754 916 Quidam
1777 865 1856 907 fur.

275 936 583 985 (illondstrahl.)
632 936 703 977 lat.
735 937 827 977 136.

187 1010 224 1048 «ἲ.
274 1007 337 1049 De
370 1007 588 1061 sagittario
623 1007 693 1062 qui
727 1007 1009 1062 philomenam
1043 1008 1154 1063 cepit
1185 1011 1226 1049 et
1258 1020 1350 1049 eam
1383 1010 1555 1063 propter
1579 1020 1698 1050 versa
1721 1007 1860 1050 volare

274 1079 478 1132 permisit.
502 1103 551 1106 —
580 1077 832 1131 Sagittarius
852 1079 1034 1133 quidam.
1072 1078 1190 1130 (Drei
1209 1078 1450 1120 weisheiten
1468 1077 1642 1130 lehren.)
1674 1078 1857 1120 lat.167.

274 1149 337 1191 De
371 1149 561 1205 principe
587 1149 657 1203 qui
679 1149 853 1192 muliere
876 1163 948 1191 sue
970 1149 1130 1192 fercula
1150 1149 1193 1191 in
1217 1149 1354 1205 capite
1378 1149 1532 1191 mortui
1553 1149 1668 1191 dedit
1689 1152 1860 1205 propter

276 1220 539 1262 adulterium.
590 1220 764 1270 Quidam
800 1234 874 1263 rex
909 1224 1010 1263 erat.
1061 1220 1204 1270 (Fiirst
1235 1220 1319 1262 und
1352 1220 1612 1273 kaufmann.)
1659 1220 1730 1262 lat.
1755 1220 1824 1262 56.

274 1292 337 1333 De
370 1292 502 1334 milite
535 1291 605 1346 qui
638 1291 690 1333 ad
722 1291 886 1333 leonem
920 1296 1009 1334 erat
1041 1292 1202 1347 positus
1234 1295 1275 1334 et
1296 1291 1360 1334 leo
1384 1305 1479 1334 eum
1501 1305 1583 1333 non
1605 1291 1712 1334 lesit.
1763 1291 1861 1342 Qui-

276 1363 372 1405 dam
404 1362 524 1404 miles
559 1366 660 1404 erat.
711 1362 995 1414 (Androclus.)
1044 1363 1113 1405 lat.
1143 1364 1238 1404 104.

217 1468 225 1476 .
275 1434 338 1476 De
371 1434 503 1475 milite
536 1433 605 1487 qui
639 1437 876 1488 serpentem
911 1438 951 1476 et
983 1434 1177 1476 bufonem
1212 1447 1398 1488 pugnare
1431 1433 1536 1475 vidit
1565 1436 1606 1476 et
1627 1436 1862 1489 serpentem

269 1505 391 1559 juvit.
442 1504 568 1546 Cesar
601 1505 805 1557 regnavit.
856 1505 1080 1558 (Schlange
1112 1505 1197 1547 und
1230 1505 1380 1556 krote.)
1428 1504 1500 1546 lat.
1525 1505 1593 1546 99.

277 1576 340 1618 De
377 1575 551 1617 muliere
585 1589 663 1629 que
696 1576 798 1617 duos
832 1576 969 1631 pullos
1003 1577 1154 1618 occidit
1186 1590 1232 1618 eo
1267 1575 1376 1631 quod
1408 1576 1503 1631 ipsa
1535 1575 1761 1618 adulterari
1792 1588 1864 1618 vo-

275 1648 366 1689 luit.
416 1646 653 1689 Gordianus
686 1647 890 1700 regnavit.
940 1647 1135 1699 (Hahne.)
1183 1647 1254 1689 lat.
1282 1648 1350 1688 68.

279 1718 343 1761 De
383 1718 574 1773 principe
617 1718 686 1773 qui
725 1719 867 1772 fugam
909 1718 1123 1761 simulavit
1160 1722 1200 1760 et
1230 1718 1422 1760 inimicos
1454 1718 1674 1761 interfecit.
1729 1717 1865 1770 (Wein

278 1790 503 1843 vergiftet.)
551 1789 623 1831 lat.
651 1791 718 1831 88.

277 1860 430 1903 Forma
453 1861 583 1903 Jhesu
617 1861 751 1915 qualis
784 1861 912 1903 fuerit
940 1861 1012 1903 dat
1039 1860 1189 1903 lettera
1211 1861 1320 1903 talis.
1370 1860 1543 1915 Legitur
1564 1861 1608 1903 in
1630 1860 1862 1903 annalibus.

281 1932 609 1984 (Christusbild.)
657 1932 728 1973 lat.
758 1932 852 1973 154.

221 2036 229 2045 .
278 2003 529 2045 Aristoteles
563 2003 614 2044 ad
646 2003 920 2044 alexandrum
947 2017 1145 2057 magnum
1168 2003 1218 2045 de
1241 2004 1411 2046 secretis
1434 2006 1701 2046 secretorum.
1750 2002 1866 2045 Nun-

280 2088 404 2129 quam
438 2087 593 2129 speres.
646 2073 775 2125 (Secr.
801 2075 965 2126 secret.)

279 2145 529 2187 Aristoteles
570 2144 620 2186 de
653 2144 894 2186 Alexandro
936 2145 985 2187 de
1024 2145 1313 2200 physonomia.
1369 2145 1483 2199 Fuge
1521 2145 1573 2188 ab
1613 2144 1727 2187 omni
1758 2143 1865 2186 flavo

282 2220 323 2269 et
353 2215 494 2257 livido.
547 2215 906 2270 (Physiognomie3
941 2229 1043 2258 secr.
1069 2218 1233 2267 secret.)

280 2287 343 2328 De
383 2286 605 2328 anthiocho
644 2286 714 2340 qui
746 2285 876 2327 liliam
908 2287 1123 2342 propriam
1157 2289 1369 2341 cognovit,
1411 2291 1452 2330 et
1482 2289 1646 2329 tantum
1679 2299 1771 2329 eam
1803 2285 1865 2327 di-

280 2357 384 2399 lexit
416 2357 526 2411 quod
557 2357 671 2398 nullo
705 2370 795 2399 eam
829 2357 872 2398 in
905 2371 1077 2400 uxorem
1111 2359 1263 2402 habere
1294 2359 1432 2414 potuit
1462 2358 1544 2400 nisi
1575 2357 1792 2413 problema
1814 2356 1865 2399 ab

282 2442 328 2470 eo
360 2428 621 2483 propositum
655 2427 846 2469 solveret.
875 2452 925 2456 ——
959 2429 1193 2472 Antiochus
1225 2430 1269 2472 in
1295 2430 1464 2473 civitate
1487 2428 1697 2471 antiochia
1717 2441 1866 2483 regna-

283 2499 355 2540 vit.
405 2498 671 2553 (Apollonius
705 2511 784 2539 von
818 2498 984 2554 Tyrus.)
1032 2500 1104 2542 lat.
1132 2501 1228 2542 153.

281 2569 345 2611 De
385 2569 578 2624 pompejo
617 2569 688 2623 qui
728 2569 903 2611 tradidit
941 2569 1071 2612 filiam
1111 2571 1186 2613 sub
1228 2571 1416 2613 custodia
1453 2571 1637 2626 quinque
1668 2569 1863 2612 militum.
1919 2612 1926 2617 ,

283 2639 506 2695 Pompejus
538 2639 742 2693 regnavit.
793 2639 1010 2692 (Entffihrt
1040 2641 1127 2683 und
1157 2641 1414 2693 beschenkt.)
1458 2641 1531 2684 lat.
1558 2642 1595 2683 1.

282 2710 346 2752 De
377 2711 454 2752 tito
488 2711 558 2764 qui
589 2710 736 2752 statuit
764 2724 839 2765 pro
862 2711 952 2764 lege
974 2715 1021 2753 ut
1040 2711 1115 2754 filii
1138 2716 1333 2768 parentes
1357 2711 1527 2755 alerent.
1578 2711 1696 2754 Titus
1717 2724 1865 2766 regna-

284 2780 357 2822 vit.
408 2780 535 2832 (Zwei
566 2780 732 2834 briider⁷
767 2781 921 2833 onkel.)
969 2782 1038 2824 lat.
1065 2783 1104 2824 2.

285 2850 347 2892 De
380 2851 553 2894 muliere
586 2865 664 2905 que
698 2857 869 2906 propter
902 2852 1152 2894 adulterium
1187 2867 1210 2895 a
1234 2857 1372 2896 monte
1395 2857 1457 2896 est
1478 2853 1665 2909 projecta
1686 2856 1727 2895 et
1747 2852 1866 2895 illesa

286 2922 429 2963 evasit.
461 2946 511 2949 —
548 2921 723 2972 Quidam
756 2922 996 2976 imperator.
1047 2923 1260 2975 (Zweimal
1291 2923 1621 2977 hinabstiirzen.)
1667 2923 1740 2966 lat.
1764 2924 1803 2965 3.
