1954 3137
171 302 240 343 36.

172 443 240 483 37.

173 584 241 624 38.

173 724 241 765 39.

172 866 242 907 40.

171 1007 241 1048 41.

172 1148 241 1189 42.

172 1289 242 1330 43.

173 1431 243 1472 44.

173 1572 243 1613 45.

174 1713 244 1755 46.

175 1854 244 1895 47.

176 1993 246 2035 48.

175 2133 246 2174 49.

995 57 1048 99 18

289 160 351 202 De
391 162 584 216 ymagine
618 162 862 216 penitencie.
917 160 1076 214 Ymago
1110 162 1342 217 penitencie
1374 164 1602 207 secundum
1634 166 1867 220 remigium.

290 231 400 282 (Bild
433 232 506 274 der
537 231 809 282 Penitencia.)
858 245 952 286 app.
980 233 1044 273 11.

288 301 352 344 De
389 301 624 344 humilitate
657 305 698 344 et
729 302 816 355 ejus
850 301 1079 357 speciebus.
1136 302 1277 346 Refert
1309 304 1424 347 Titus
1458 304 1613 348 Livius.
1671 304 1871 358 (Goldner

289 372 394 413 tisch
428 373 519 413 dem
554 373 803 423 weisesten.)
852 386 946 427 app.
975 373 1040 413 12.

290 442 352 484 De
385 443 462 484 dea
493 442 672 485 fortune.
730 443 843 485 Idem
877 443 1006 498 Tytus
1039 441 1182 485 Livius
1215 444 1371 487 scribit.
1426 445 1627 496 (Fortuna
1657 446 1737 489 mit
1767 447 1870 489 zwei

290 513 557 565 gesichtern.)
607 527 701 568 app.
731 515 796 554 13.

290 583 353 625 De
385 583 518 626 tribus
553 583 776 625 honoribus
810 587 850 626 et
882 584 1015 626 tribus
1048 583 1268 640 vituperiis
1301 585 1399 627 olim
1430 587 1639 630 exhibitis.
1688 586 1870 630 Consue-

289 654 388 695 tudo
421 658 522 696 erat.
573 654 824 710 (Triumph.)
873 654 943 696 lat.
969 656 1037 696 30.

290 724 353 766 De
385 725 518 766 tribus
550 724 677 767 fatuis
710 726 752 767 in
787 725 882 767 vitis
916 728 1096 780 patrum.
1144 725 1316 780 Legitur
1336 727 1378 769 in
1403 727 1499 770 vitis
1521 731 1702 783 patrum.
1751 727 1870 781 (Drei

290 795 473 846 narren.)
520 795 592 837 lat.
621 796 716 837 165.

290 865 353 907 De
379 866 550 919 justicia
584 870 624 908 et
655 870 768 909 recto
794 867 966 921 judicio.
1015 866 1247 922 Imperator
1279 867 1447 921 quidam
1471 872 1512 911 et
1533 869 1715 912 creditur
1737 869 1870 912 Theo-

291 937 444 978 dosius.
495 937 833 991 (Riigenglocke.)
881 937 952 979 lat.
982 938 1078 979 105.

290 1007 353 1049 De
381 1007 552 1061 justicia
584 1008 716 1050 malos
750 1008 964 1063 puniendi.
1013 1008 1116 1049 Cum
1150 1009 1317 1063 quidam
1352 1010 1479 1052 dives.
1529 1010 1870 1065 (Todtensiegel.)

290 1077 361 1119 lat.
390 1079 486 1119 128.

290 1148 354 1190 De
386 1149 716 1203 predicatoribus
750 1149 882 1191 tribus
915 1149 1153 1203 designatos
1186 1163 1260 1205 per
1281 1153 1366 1193 tres
1389 1151 1533 1205 gallos.
1581 1151 1757 1196 Maritus
1781 1152 1871 1207 qui-

291 1219 399 1261 dam.
450 1219 622 1271 (Cantus
657 1220 898 1273 angelicus.)
948 1219 1143 1273 (Hahne.)
1190 1220 1262 1263 lat.
1288 1222 1356 1262 68.

291 1289 404 1331 Deus
437 1290 572 1344 parcit
605 1291 892 1344 peccatoribus
925 1304 1076 1345 penam
1101 1290 1400 1334 differentibus
1448 1291 1539 1335 Mos
1562 1296 1652 1336 erat
1671 1293 1869 1336 romanis.

292 1360 474 1412 (Kerze.)
520 1360 591 1402 lat.
616 1361 686 1402 98.

293 1431 479 1481 Qualiter
517 1431 720 1486 superbus
760 1431 1003 1486 reprimitur
1043 1445 1066 1473 a
1099 1431 1174 1474 deo
1207 1435 1248 1474 et
1280 1433 1447 1476 humilis
1480 1434 1700 1477 exaltatur.
1756 1434 1872 1477 Jovi-

291 1502 454 1544 nianus.
505 1501 736 1552 (Moralitas
770 1505 886 1556 patet
918 1502 959 1543 in
992 1502 1145 1554 titulo.)
1194 1502 1489 1557 (Jovinianus.)
1536 1505 1608 1548 lat.
1632 1506 1702 1548 59.

292 1572 356 1614 De
397 1572 635 1627 penitencia
674 1572 852 1627 qualiter
890 1576 1151 1627 peccatorem
1184 1574 1331 1617 salvat.
1387 1575 1476 1618 Rex
1509 1576 1678 1631 quidam
1711 1577 1869 1619 statuit.

294 1643 412 1693 (Drei
444 1643 713 1695 wahrheiten,
746 1643 856 1694 frei.)
904 1642 976 1684 lat.
1000 1644 1070 1685 58.

293 1713 356 1755 De
395 1714 572 1769 epykeia
605 1718 645 1756 et
676 1713 910 1756 voluntarie
942 1726 1050 1756 ceca.
1106 1713 1194 1757 Lex
1228 1715 1451 1770 aliquando
1483 1721 1585 1760 erat.
1643 1718 1747 1770 (100
1777 1730 1872 1773 gro-

294 1784 451 1835 schen.)
499 1784 570 1826 lat.
597 1785 664 1825 73.

293 1854 356 1896 De
389 1854 560 1896 occultis
593 1855 659 1896 dei
685 1854 867 1909 judiciis.
917 1854 1133 1897 Heremita
1165 1855 1345 1909 quidam.
1395 1857 1545 1912 (Engel
1575 1858 1662 1900 und
1693 1858 1871 1912 eremit.)

294 1923 366 1966 lat.
391 1925 459 1965 80.

294 1993 358 2035 De
397 1994 537 2036 anima
576 2008 698 2048 quam
740 1995 840 2036 deus
879 1995 1062 2037 maxime
1094 1995 1230 2049 diligit
1261 1999 1302 2038 et
1333 1997 1378 2038 in
1409 1997 1475 2040 die
1500 1998 1650 2052 judicii
1681 1999 1869 2055 requirit.

295 2063 511 2118 Troyanus
542 2065 784 2119 imperator.
834 2064 961 2115 (Eber
993 2065 1099 2108 ohne
1130 2067 1260 2117 herz.)
1307 2066 1379 2109 lat.
1405 2068 1473 2109 83.

292 2132 356 2174 De
387 2133 521 2175 tribus
553 2135 733 2176 inimicis
766 2134 937 2176 humani
969 2137 1146 2189 generis.
1195 2136 1372 2187 Quidam
1405 2138 1456 2180 de
1486 2151 1614 2192 regno
1638 2139 1870 2182 ambulans.

294 2202 505 2255 (Bi-iicke.)
553 2216 681 2256 germ.
706 2204 774 2245 53.

669 2330 737 2366 IV.
771 2329 863 2366 Cod.
882 2331 1094 2368 Dresdens.
1113 2334 1157 2379 F,
1184 2334 1228 2369 61
1239 2346 1278 2380 α,
1304 2335 1376 2370 fol.

479 2392 534 2427 Bl.
553 2394 822 2429 arza—2560.
860 2395 1028 2440 Register
1053 2396 1100 2432 bl.
1120 2399 1200 2433 269.
1238 2408 1269 2432 c.
1290 2399 1392 2433 1423.
1429 2399 1473 2434 91
1492 2409 1572 2444 cap.

293 2473 444 2529 Incipit
483 2488 749 2518 romanorum
789 2477 977 2533 hystoria
1007 2480 1171 2523 mistice
1203 2481 1431 2535 designata.
1484 2481 1546 2524 Bl.
1571 2482 1703 2536 2566,
1736 2495 1798 2538 sp.
1824 2484 1869 2526 1:

175 2543 420 2598 Expliciunt
458 2548 576 2597 gesta
616 2560 895 2590 romanorum.
953 2548 1023 2603 Sp.
1049 2550 1095 2592 2:
1135 2550 1347 2606 Incipiunt
1386 2551 1596 2594 mirabilia
1633 2551 1753 2595 beate
1787 2552 1871 2595 vir-

176 2613 284 2667 ginis
317 2637 371 2641 —
405 2614 536 2656 268b.
585 2615 647 2657 Bl.
673 2617 812 2659 269a:
846 2618 1083 2671 Registrum
1117 2633 1242 2675 super
1272 2624 1391 2675 gesta
1420 2634 1700 2664 romanorum.

209 2690 245 2729 1.

206 2827 245 2868 2.

294 2688 357 2730 De
395 2689 528 2732 milite
566 2691 636 2744 qui
675 2691 727 2734 ad
765 2695 1116 2748 peregrinandum
1153 2697 1365 2750 profectus
1398 2700 1473 2739 est.
1525 2696 1762 2741 Dorotheus
1793 2698 1871 2740 im-

295 2763 474 2812 perator.
525 2760 669 2811 (Vater
701 2762 800 2805 oder
831 2767 986 2806 mutter
1017 2764 1188 2817 folgen.)
1234 2765 1306 2808 lat.
1333 2767 1399 2807 14.

295 2827 357 2869 De
380 2827 588 2882 Gorgonio
622 2832 693 2885 qui
724 2846 897 2875 uxorem
931 2834 1148 2888 pulchram
1180 2836 1352 2890 accepit.
1402 2835 1636 2889 Gorgonius
1665 2838 1867 2892 regnavit.

296 2897 439 2947 (Vater
471 2898 622 2953 heilen‚
655 2905 809 2944 mutter
840 2903 986 2954 nicht.)
1034 2904 1105 2945 lat.
1133 2905 1228 2946 112.
