1919 3157
868 49 949 90 687

71 152 240 194 invenit.
294 151 495 194 Jonathas
532 166 667 195 coram
702 154 949 209 imperatore
987 158 1048 196 est
1079 153 1278 195 adductus
1312 161 1352 196 et
1382 156 1478 209 quia
1510 159 1748 210 preceptum

71 222 226 265 domini
265 237 338 278 per
369 224 505 264 omnia
545 223 786 278 adimplevit
826 224 931 265 filius
972 224 1233 279 imperatoris
1266 225 1384 267 datus
1418 230 1479 267 est
1517 226 1551 267 ei
1590 226 1641 267 ad
1675 239 1748 268 nu-

70 293 273 336 triendum
309 294 383 335 sub
415 293 485 335 tali
518 294 649 335 forma
682 295 758 336 viz.
794 295 899 349 quod
934 295 966 335 si
1002 295 1150 336 munde
1183 301 1222 337 et
1245 310 1345 350 pure
1370 311 1539 351 puerum
1574 297 1750 339 nutriret

71 363 122 406 ad
155 377 344 418 magnam
379 365 618 417 dignitatem
656 370 865 419 promotus
899 370 1026 417 esset,
1065 366 1125 406 sin
1161 371 1317 418 autem,
1351 367 1458 408 mala
1491 372 1621 409 morte
1653 381 1748 409 con—

70 434 316 490 dempnatus
342 439 460 476 esset.
494 434 694 476 ι1011311135
715 450 883 490 puerum
909 449 1042 477 5001111]
1064 436 1182 477 duxit
1205 442 1244 477 et
1265 435 1458 491 [vocavit]
1479 439 1748 480 cementarios

70 508 116 546 ut
131 518 334 547 cameram
359 519 407 547 ex
432 510 616 547 cemento
640 511 678 547 et
700 507 905 561 lapidibus
925 507 1141 559 erigerent,
1161 512 1200 548 et
1217 508 1274 548 sic
1296 508 1447 549 factum
1473 513 1544 550 est.
1579 509 1748 559 Quando

71 579 204 618 autem
239 589 401 618 camera
436 581 579 631 parata
601 578 758 630 fuisset,
793 578 953 619 vocavit
984 579 1161 632 pictores
1195 578 1242 619 ad
1269 593 1311 621 se
1344 584 1384 621 et
1415 580 1510 621 fecit
1543 594 1746 622 cameram

70 646 234 702 depingi
269 647 307 688 in
343 647 417 689 hac
448 648 600 689 forma:
637 648 677 689 ln
711 649 867 702 pariete
890 649 1033 690 dextro
1066 648 1203 690 decem
1230 651 1442 704 ymagines
1475 651 1750 706 depinxerunt

70 722 110 759 et
141 717 248 759 ultra
280 719 492 772 ymagines
525 719 748 774 descripcio
781 720 859 761 fuit
896 719 1009 761 talis:
1050 719 1124 769 Qui
1166 720 1265 761 istas
1298 722 1511 776 ymagines
1550 736 1631 763 non
1665 723 1749 764 vio-

69 787 237 841 laverit,
277 802 468 830 coronam
509 803 674 831 auream
715 790 916 832 obtinebit
954 791 1003 832 ab
1045 791 1306 845 imperatore.
1371 791 1424 833 Et
1463 793 1495 833 si
1536 794 1748 848 ymagines

70 859 297 912 violaverit,
330 864 460 902 morte
492 861 735 915 turpissima
766 862 844 902 erit
876 862 1213 916 condempnatus.
1263 861 1421 904 Deinde
1455 864 1495 905 111
1519 864 1622 905 05110
1653 865 1750 906 fecit

69 930 253 972 contrahi
286 931 521 972 cathedram
556 945 720 973 auream
762 937 801 974 et
833 933 873 974 in
907 946 954 974 ea
987 933 1166 987 seipsum
1202 932 1410 975 sedentem
1445 947 1594 975 corona
1626 948 1750 977 aurea

68 1007 327 1053 coronatum,
368 1006 407 1043 et
439 1002 545 1043 ultra
577 1007 701 1056 caput
732 1017 848 1044 suum
884 1007 972 1045 erat
1003 1004 1201 1058 scriptum
1237 1005 1315 1045 sic:
1361 1004 1641 1047 Honorahitur
1680 1006 1748 1060 qui

69 1072 171 1114 bene
211 1076 251 1114 et
283 1072 395 1125 juste
434 1072 560 1114 filium
607 1074 867 1128 imperatoris
907 1075 1110 1116 nutrierit.
1170 1074 1270 1116 Cum
1316 1080 1450 1117 autem
1494 1076 1631 1117 omnia
1670 1077 1750 1118 ista

68 1143 233 1186 fuerunt
263 1143 390 1196 facta,
428 1143 629 1185 ι1011311135
661 1145 739 1185 fuit
771 1146 909 1200 sepius
942 1150 1167 1200 temptatus
1211 1147 1423 1200 ymagines
1464 1145 1638 1198 violare3
1679 1147 1748 1189 sed

69 1228 189 1269 quam
230 1215 309 1256 cito
348 1215 743 1270 superscripcionem
783 1215 963 1269 legebat,
1012 1218 1201 1258 timorem
1247 1217 1443 1270 habehat,
1495 1218 1602 1272 quod
1641 1218 1750 1260 mala

68 1289 201 1328 morte
240 1286 562 1341 condempnatus
605 1290 731 1339 esset,
772 1290 812 1328 et
850 1287 907 1328 510
939 1291 1026 1329 1013
1058 1288 1278 1342 temptacio
1321 1288 1507 1330 abcessit.
1562 1288 1618 1330 Et
1656 1302 1746 1331 cum

68 1355 118 1398 de
149 1362 300 1399 'corona
339 1356 447 1398 ultra
485 1357 622 1412 capita
654 1358 889 1412 ymaginum
932 1358 1088 1413 scripta
1126 1359 1258 1411 magis
1299 1363 1339 1400 et
1379 1360 1510 1413 magis
1551 1360 1748 1414 studeret,

69 1426 205 1469 decem
254 1428 465 1483 ymagines
513 1428 622 1482 cepit
668 1428 868 1470 honorare
915 1434 955 1470 et
1000 1429 1040 1470 in
1089 1443 1163 1471 sua
1207 1430 1482 1484 pulcritudine
1531 1445 1599 1473 eas
1647 1431 1749 1474 bene

69 1498 285 1540 custodire.
355 1498 454 1540 Cum
507 1512 600 1540 vero
649 1513 750 1553 puer
787 1499 933 1541 fuisset
974 1500 1075 1542 hene
1122 1500 1318 1543 educatus
1365 1506 1405 1543 et
1444 1503 1643 1555 nutritus,
1698 1503 1746 1544 ad

67 1569 270 1624 picturam
312 1569 406 1622 agili
440 1583 561 1611 cursu
599 1571 789 1612 currebat
828 1575 868 1612 et
906 1584 995 1612 cum
1030 1571 1258 1626 patibulum
1295 1577 1334 1613 et
1366 1573 1544 1628 seipsum
1578 1573 1750 1616 vidisset

68 1640 172 1682 miro
194 1640 314 1682 modo
345 1640 519 1682 timebat
550 1645 591 1682 et
622 1654 762 1683 omnes
785 1641 966 1683 defectus
989 1643 1232 1684 nutricionis
1266 1648 1463 1697 quantum
1498 1644 1548 1686 ad
1574 1658 1746 1699 puerum

69 1710 323 1753 emendabat.
374 1711 453 1753 Sed
486 1725 575 1752 cum
611 1711 846 1754 cathedram
882 1727 1046 1754 auream
1082 1713 1252 1756 vidisset
1283 1718 1324 1756 et
1349 1715 1746 1770 superscripcionem

67 1781 240 1836 legeret,
281 1782 388 1837 quod
430 1783 487 1824 sic
527 1782 794 1824 honorabitur
834 1784 902 1837 (1111
934 1783 1061 1825 filium
1096 1785 1358 1839 imperatoris
1393 1785 1493 1827 hene
1526 1790 1566 1828 et
1596 1787 1748 1829 munde

67 1853 278 1906 nutrierit,
311 1853 532 1907 gaudebat3
570 1854 612 1894 in
644 1858 802 1895 tantum
837 1855 1001 1907 gavisus
1033 1855 1112 1896 fuit
1142 1856 1191 1897 de
1224 1856 1384 1911 pictura
1416 1857 1607 1900 cathedre
1640 1858 1747 1912 quod

67 1927 152 1966 toto
191 1928 377 1980 tempore
416 1926 497 1967 vite
535 1926 621 1978 ejus
662 1939 832 1980 puerum
874 1926 1048 1967 nutrivit
1088 1927 1331 1982 peroptime.
1391 1927 1617 1983 Imperator
1655 1942 1746 1970 cum

66 1994 142 2036 hoc
173 1995 367 2049 audisset,
401 1996 514 2038 misit
546 2009 619 2050 pro
642 2010 688 2038 eo
721 2001 762 2038 et
792 1996 874 2038 filio
898 2010 970 2038 suo
1003 2000 1043 2038 et
1063 1997 1198 2052 ipsum
1222 1997 1443 2040 Jonatham
1479 1999 1530 2040 ad
1553 2013 1746 2053 magnam

67 2065 308 2119 dignitatem
342 2067 559 2121 promovit.

184 2138 415 2180 Mor-aliter.
472 2138 709 2191 Karissimi,
743 2139 820 2180 iste
851 2139 1076 2193 imperator
1109 2143 1171 2181 est
1202 2143 1319 2194 pater
1352 2140 1534 2193 celestis,
1567 2141 1746 2196 impera-

66 2207 149 2249 trix
199 2207 317 2250 beata
358 2210 471 2263 virgo
512 2209 690 2262 gloriosa
735 2209 886 2261 maria3
935 2223 1037 2265 puer
1084 2210 1152 2252 ille
1198 2216 1260 2252 est
1298 2210 1457 2253 Cristus
1505 2210 1612 2253 filius
1659 2212 1745 2264 dei3

66 2291 188 2333 preco
227 2279 377 2321 missus
408 2294 482 2335 per
513 2280 721 2321 civitatem
753 2279 963 2321 Johannes
996 2280 1178 2335 baptista
1209 2286 1304 2324 ante
1337 2282 1457 2324 deum
1490 2282 1661 2336 missus,
1702 2287 1748 2325 ut

67 2349 153 2403 ejus
206 2350 424 2392 adventum
478 2351 716 2393 enunciaret
759 2351 881 2404 juxta
926 2351 1047 2393 illud:
1101 2351 1206 2394 Ecce
1258 2366 1332 2406 ego
1383 2353 1501 2394 mitto
1555 2353 1744 2407 angelum

67 2433 201 2463 meum
242 2426 317 2463 etc.
372 2421 487 2463 Unde
527 2426 690 2477 satrape
729 2434 783 2462 50.
819 2422 1051 2476 patriarche
1092 2426 1132 2464 et
1171 2424 1370 2478 prophete
1410 2437 1500 2465 eum
1539 2424 1746 2466 desidera-

67 2489 166 2533 bant
211 2492 348 2534 videre
395 2496 517 2546 atque
555 2493 713 2534 nutrire
755 2496 795 2534 et
834 2506 913 2533 non
955 2493 1164 2547 viderunt,
1213 2495 1319 2536 sicut
1357 2494 1516 2536 Cristus
1558 2494 1657 2536 dicit
1703 2495 1744 2536 in

67 2562 298 2616 evangelio:
342 2562 458 2603 Multi
492 2564 594 2616 justi
634 2566 674 2604 et
714 2562 912 2617 prophete
954 2563 1170 2606 voluerunt
1206 2565 1344 2607 videre
1384 2579 1461 2619 que
1494 2579 1565 2606 vos
1598 2565 1745 2607 videtis

68 2636 109 2675 et
146 2646 226 2674 non
268 2633 457 2674 viderunt
495 2637 570 2675 etc.
613 2633 708 2687 quia
745 2633 852 2685 ignis
892 2637 932 2674 et
971 2647 1077 2688 aqua
1117 2635 1157 2675 in
1191 2636 1248 2677 eis
1283 2627 1400 2677 era⁴nt
1435 2636 1618 2677 extincti.
1668 2635 1747 2678 Per

66 2702 202 2756 ignem
236 2703 420 2757 intelligo
452 2703 641 2758 spiritum
665 2708 865 2755 sanctum,
899 2704 967 2757 qui
1001 2705 1179 2745 nondum
1215 2705 1273 2746 eis
1308 2706 1502 2760 apparuit
1524 2706 1630 2747 sicut
1651 2719 1746 2761 pro-

67 2772 211 2828 pheta,
251 2774 347 2828 quia
384 2787 462 2815 non
507 2779 624 2815 erant
662 2774 733 2816 loti
778 2788 883 2828 aqua
915 2774 1174 2829 baptismatis
1214 2775 1283 2817 sed
1318 2775 1501 2817 moderni
1535 2775 1742 2820 Cristiani.

66 2842 146 2886 Per
176 2844 310 2898 ignem
345 2848 487 2900 potero
519 2844 749 2898 intelligere
780 2845 1002 2900 perfectam
1029 2846 1244 2888 caritatem
1277 2849 1317 2887 et
1339 2860 1412 2901 per
1434 2859 1581 2900 aquam
1604 2861 1743 2890 veram

10 2952 13 2955 .
68 2915 373 2957 contricionem.
435 2915 514 2957 Iste
546 2915 625 2957 duo
656 2915 748 2957 istis
780 2916 922 2958 diebus
954 2916 995 2957 in
1028 2916 1169 2957 multis
1203 2916 1397 2958 deficiunt
1428 2921 1469 2959 et
1500 2917 1632 2959 adhuc
1663 2931 1743 2960 non
