1929 3162
971 102 1055 143 306

171 206 366 249 divitibus
398 206 486 248 sine
518 206 822 261 acceptacione,
857 210 1025 261 propter
1057 206 1165 260 quod
1196 210 1236 248 et
1267 207 1386 261 panis
1419 207 1649 248 cotidianus
1681 207 1844 249 dicitur.

170 277 272 319 Item
304 276 437 332 panis,
471 276 576 319 sicut
597 277 738 319 dicunt
759 276 1006 332 philosophi,
1039 277 1233 332 precipue
1260 276 1384 319 habet
1405 277 1598 319 virtutem
1622 277 1846 331 nutriendi,

170 348 284 402 cujus
319 348 482 401 signum
515 351 589 402 est,
623 348 719 402 quia
751 348 836 402 ejus
869 349 1065 390 comestio
1097 361 1178 389 non
1210 348 1321 403 parit
1350 348 1562 389 fastidium
1594 347 1845 390 comedendi.

171 419 239 461 Sic
270 422 333 461 est
364 419 482 474 panis
515 418 682 472 Christi,
716 419 765 461 de
795 432 874 473 quo
895 418 1051 462 Eccles.
1076 432 1208 460 xxiv:
1242 417 1319 468 Qui
1342 418 1468 460 edunt
1488 432 1566 473 me,
1601 419 1734 462 adhuc
1756 433 1848 462 esu-

123 494 144 528 5
169 491 289 533 rient.
339 490 442 532 Item
474 490 580 532 sicut
601 490 719 546 panis
741 490 926 532 triticeus
951 494 1012 532 est
1034 489 1148 532 cibus
1172 488 1418 542 adultorum,
1450 503 1533 532 non
1564 490 1844 545 parvulorum,

170 562 276 604 sicut
307 561 408 604 dicit
439 560 672 616 apostolus,
713 561 771 603 ita
810 574 957 616 corpus
990 561 1144 603 Christi
1184 564 1245 602 est
1283 560 1396 602 cibus
1429 560 1657 615 spiritualis
1690 574 1846 615 eorum,

170 632 240 687 qui
272 635 490 674 creverunt
520 633 564 674 in
594 632 673 674 fide
706 636 747 675 et
777 632 1010 674 virtutibus.
1064 631 1225 674 Deinde
1256 631 1458 685 queritur:
1492 631 1570 681 Qui
1601 631 1751 674 debent
1781 644 1848 673 co-

169 703 334 746 medere
379 704 504 746 istum
543 704 720 759 panem?
787 703 907 745 Certe
938 703 1021 756 illi,
1061 703 1111 745 de
1153 702 1299 757 quibus
1343 701 1493 743 dicitur
1530 702 1573 744 in
1613 702 1846 756 evangelio:

170 774 317 817 Venite
350 774 401 816 ad
433 788 518 828 me,
552 788 706 827 omnes,
741 774 810 828 qui
840 774 1038 816 laboratis
1071 777 1111 815 et
1143 773 1301 816 onerati
1334 773 1455 826 estis,
1489 777 1530 815 et
1561 786 1634 827 ego
1666 772 1848 816 reficiam

100 851 143 885 10
171 859 253 887 vos.
303 845 463 887 Deinde
496 846 698 900 queritur:
733 845 943 894 Quomodo
977 845 1095 900 panis
1118 844 1272 887 Christi
1304 847 1439 898 potest
1470 844 1655 886 converti
1685 844 1728 886 in
1760 857 1848 886 cor-

168 930 246 972 pus
287 916 466 958 Christi?
512 916 620 959 Ecce
657 916 763 958 ratio
803 920 865 958 est
903 917 1065 970 nutrix,
1109 930 1186 971 que
1224 916 1356 958 nutrit
1393 929 1578 970 puerum.
1633 914 1677 957 Si
1707 914 1849 956 nutrix

167 989 320 1031 famem
359 990 572 1043 pateretur
612 990 651 1029 et
690 987 795 1029 lacte
836 990 1013 1040 careret,
1054 1001 1155 1042 puer
1194 987 1375 1029 inediam
1414 987 1637 1029 sustineret
1666 985 1731 1028 vel
1767 986 1848 1029 cito

169 1059 374 1102 deficeret.
428 1059 471 1101 Si
497 1070 599 1100 'vero
632 1058 675 1099 in
706 1062 824 1100 tanta
855 1058 1029 1113 penuria
1060 1058 1208 1099 dentur
1240 1058 1276 1100 ei
1308 1058 1416 1100 feces
1438 1058 1490 1100 ad
1513 1057 1747 1111 bibendum,
1779 1057 1849 1100 ille

168 1131 276 1173 feces
308 1144 383 1186 per
415 1143 459 1172 os
492 1132 632 1185 potate
664 1132 877 1171 mutantur
908 1130 951 1170 in
983 1130 1225 1182 sanguinem
1265 1129 1317 1170 ad
1347 1128 1472 1171 robur
1509 1129 1694 1171 mulieris
1736 1132 1777 1171 et
1805 1129 1849 1171 in

100 1207 143 1241 15
169 1201 233 1244 lac
265 1202 316 1244 ad
347 1201 612 1243 nutriendum
645 1214 830 1255 puerum.
879 1199 934 1242 Et
962 1201 996 1242 si
1025 1200 1101 1242 hoc
1121 1200 1220 1242 facit
1241 1204 1391 1242 natura
1412 1200 1456 1241 in
1477 1200 1662 1254 muliere,
1696 1203 1848 1255 quanto

169 1273 301 1326 magis
333 1273 464 1314 virtus
504 1285 631 1327 supra
661 1275 853 1313 naturam
884 1272 927 1313 in
960 1275 1217 1313 sacramento
1248 1271 1415 1324 altaris,
1456 1275 1496 1313 et
1533 1285 1607 1326 per
1638 1285 1682 1314 os
1714 1284 1849 1314 sacer-

169 1343 275 1386 dotis
307 1343 382 1385 loti
413 1343 440 1385 i.
465 1357 498 1385 e.
534 1342 708 1396 Christi,
748 1356 822 1397 per
853 1342 978 1385 verba
1015 1342 1065 1384 de
1104 1356 1174 1384 ore
1214 1343 1412 1384 exeuncia
1443 1346 1626 1384 mutatur
1656 1343 1776 1397 panis
1809 1346 1850 1385 et

169 1415 312 1456 vinum
342 1414 385 1455 in
417 1427 583 1456 carnem
624 1418 664 1456 et
697 1414 950 1466 sanguinem.
1006 1412 1086 1455 Sed
1125 1413 1174 1455 de
1212 1413 1380 1466 indigne
1419 1413 1675 1456 sumentibus
1713 1416 1850 1469 potest

170 1485 250 1527 dici
282 1485 385 1527 illud
417 1484 608 1527 Genesis:
648 1483 754 1527 Fera
785 1485 965 1540 pessima
996 1484 1210 1527 devoravit
1240 1483 1370 1526 filium
1400 1498 1550 1526 meum.
1603 1484 1847 1526 Psalmista:

99 1562 144 1596 20
171 1555 225 1598 Os
257 1556 487 1610 peccatoris
528 1559 568 1597 et
607 1555 738 1597 dolosi
777 1570 901 1611 super
940 1569 1006 1598 me
1044 1559 1231 1610 apertum
1266 1559 1338 1597 est.
1387 1554 1538 1597 Vinum
1572 1559 1634 1597 est
1665 1554 1849 1598 sanabile

170 1627 327 1669 homini
359 1640 458 1669 sano
495 1625 823 1681 [infirmativum]
868 1627 1023 1669 homini
1064 1630 1224 1679 egroto,
1264 1626 1390 1667 immo
1422 1626 1575 1681 poterit
1605 1640 1694 1668 esse
1726 1639 1850 1668 causa

169 1698 328 1740 mortis.
381 1698 539 1740 Eodem
570 1698 692 1739 modo
725 1711 874 1752 corpus
906 1697 1059 1739 Christi
1091 1697 1227 1739 anime
1253 1710 1351 1739 sane
1374 1701 1436 1739 est
1456 1698 1554 1751 vita,
1587 1697 1723 1739 anime
1754 1709 1850 1753 pec-

171 1769 314 1811 catrici
346 1772 408 1811 est
437 1782 561 1810 mors.
615 1768 715 1811 Item
749 1769 935 1824 percussi
966 1772 1061 1810 sunt
1091 1768 1141 1810 de
1168 1767 1435 1809 Bethsamitis
1467 1781 1562 1810 Lxx
1593 1768 1671 1810 viri
1701 1768 1849 1810 famosi

172 1844 212 1882 et
242 1839 321 1881 duo
353 1839 470 1881 milia
502 1839 646 1895 plebis,
680 1853 726 1882 eo
760 1839 867 1893 quod
899 1839 1098 1881 vidissent
1130 1839 1295 1881 archam
1327 1839 1495 1893 nudam,
1528 1843 1569 1881 et
1596 1843 1734 1895 potest
1754 1839 1848 1893 dici,

101 1919 145 1953 25
172 1911 280 1965 quod
310 1924 393 1952 non
426 1915 700 1966 peccaverunt
731 1911 926 1965 videndo,
967 1910 1113 1965 quibus
1152 1924 1235 1952 non
1275 1914 1363 1952 erat
1401 1910 1655 1966 prohibitum
1693 1911 1845 1954 videre.

170 1981 394 2024 Videamus
427 1995 544 2036 ergo,
584 1986 629 2024 ut
666 1982 817 2024 munde
856 1986 897 2024 et
933 1982 1103 2024 honeste
1141 1981 1420 2024 custodiamus
1459 1994 1609 2038 corpus
1647 1982 1848 2038 principis

170 2053 196 2094 i.
220 2066 254 2095 e.
286 2051 453 2096 Christi.
508 2053 742 2096 Secundum
780 2053 1075 2106 ministerium,
1119 2052 1226 2107 quod
1259 2053 1545 2107 promisimus,
1584 2057 1647 2096 est
1677 2053 1849 2107 vigilare

170 2124 214 2165 in
245 2123 363 2166 bonis
396 2123 610 2179 operibus,
645 2124 808 2178 quando
841 2124 911 2166 alii
943 2124 1154 2166 dormiunt
1183 2123 1227 2164 in
1258 2123 1451 2178 peccatis,
1479 2122 1566 2178 [19]
1592 2124 1698 2167 sicut
1719 2125 1850 2180 scrip-

170 2197 260 2236 tum
293 2198 374 2236 est:
407 2194 600 2248 Vigilate,
634 2195 730 2249 quia
760 2196 942 2249 nescitis,
977 2209 1058 2249 qua
1094 2194 1196 2236 hora
1232 2194 1340 2236 filius
1380 2195 1559 2237 hominis
1598 2195 1745 2237 veniet.
1793 2194 1850 2238 Et

101 2272 146 2307 30
170 2264 323 2307 Paulus
355 2266 456 2307 dicit
487 2265 539 2307 ad
570 2265 744 2320 EpheS.:
780 2266 923 2320 Surge,
956 2266 1026 2321 qui
1058 2265 1226 2319 dormis,
1261 2269 1301 2308 et
1325 2279 1501 2319 exsurge
1534 2279 1558 2308 a
1588 2266 1776 2319 mortuis,
1809 2269 1850 2308 et

170 2336 422 2379 illuminabit
452 2339 493 2378 te
522 2336 723 2378 Christus.
776 2337 906 2391 Unde,
939 2337 1156 2390 carissimi,
1189 2336 1347 2378 debetis
1379 2337 1496 2390 scire,
1530 2336 1639 2391 quod
1669 2337 1848 2380 viatores

171 2407 298 2462 aliqui
329 2411 504 2461 surgunt
536 2408 587 2449 ad
618 2408 799 2462 primum
830 2408 1117 2462 gallicantum,
1151 2407 1278 2462 aliqui
1311 2408 1362 2450 ad
1393 2407 1616 2449 secundum
1650 2411 1691 2450 et
1721 2407 1849 2463 aliqui

172 2478 223 2520 ad
255 2479 431 2521 tercium
463 2482 504 2520 et
535 2477 663 2532 aliqui
695 2479 738 2520 in
771 2493 933 2533 aurora,
967 2479 1128 2534 quando
1160 2479 1262 2534 pulli
1293 2479 1474 2521 clamant
1502 2482 1543 2520 et
1564 2478 1725 2521 dicunt:
1757 2477 1849 2520 Non

172 2549 434 2604 estamplius
457 2549 764 2591 dormiendum!
812 2550 918 2592 Ecce
946 2550 1051 2605 pulli
1072 2550 1272 2592 clamant:
1307 2549 1551 2603 Surgamus!
1600 2549 1729 2591 Primi
1750 2549 1850 2603 galli
1880 2569 1885 2571 ·

102 2627 146 2661 35
170 2620 338 2662 fuerunt
369 2619 581 2675 prophete,
616 2620 685 2674 qui
718 2625 997 2675 surrexerunt,
1030 2624 1076 2662 ut
1106 2620 1315 2662 Christum
1346 2619 1390 2662 in
1421 2633 1543 2662 carne
1573 2620 1774 2673 viderent,
1807 2623 1849 2663 et

172 2704 255 2733 non
285 2691 491 2733 viderunt.
546 2690 724 2733 Secundi
762 2691 861 2744 galli
897 2696 993 2734 sunt
1031 2691 1208 2747 apostoli
1249 2695 1290 2733 et
1321 2691 1590 2745 evangeliste,
1630 2690 1700 2745 qui
1731 2690 1849 2733 Chri-

174 2765 283 2803 stum
315 2762 519 2804 viderunt.
568 2761 703 2804 Tercii
734 2762 832 2815 galli
864 2767 960 2804 sunt
990 2763 1268 2818 predicatores
1289 2762 1469 2804 minores
1498 2766 1539 2805 et
1560 2762 1709 2804 fratres
1732 2761 1849 2804 beate

173 2831 303 2875 Marie
335 2833 401 2875 dei
431 2832 642 2886 genitricis
675 2833 725 2875 de
756 2837 895 2876 monte
927 2833 1106 2876 Carmeli
1138 2837 1178 2875 et
1210 2833 1278 2875 alii
1311 2833 1381 2886 qui
1412 2833 1583 2875 verbum
1614 2833 1680 2875 dei
1711 2832 1849 2888 predi-

174 2906 280 2956 cant,
313 2907 353 2946 et
385 2903 697 2957 augustinenses
730 2907 770 2945 et
800 2904 979 2959 plebani.
1033 2904 1107 2946 Isti
1139 2908 1234 2946 sunt
1263 2903 1380 2959 pulli,
1414 2905 1483 2958 qui
1506 2903 1685 2946 clamant
1715 2907 1756 2946 et
1787 2903 1848 2945 di-

268 2984 311 3018 12
336 2984 502 3028 inediam]
530 2990 615 3030 oriy.
636 2983 802 3018 mediam.
