1949 3162
969 53 1056 94 410

847 173 949 216 CAP.
976 174 1043 217 82.
1077 177 1181 227 (74.)

677 261 750 306 De
771 261 950 320 judicio
991 262 1351 308 adulterantium.

287 366 462 417 Quidam
495 368 613 411 miles
653 374 762 422 erat,
804 370 871 424 qui
909 373 1088 412 castrum
1130 370 1451 426 pulcherrimum
1492 372 1686 426 habebat,
1727 386 1851 428 super

172 451 249 491 quo
291 438 369 480 due
409 439 564 481 ciconie
603 440 890 491 nidificabant3
932 441 1006 483 sub
1047 444 1181 483 castro
1221 446 1309 484 erat
1346 443 1437 484 fons
1477 443 1634 497 clarus,
1683 444 1725 485 in
1771 457 1850 498 quo

100 513 121 547 5
170 508 325 551 ciconie
364 509 551 552 solebant
587 525 630 553 se
663 511 867 554 balneare.
937 512 1100 554 Accidit
1141 513 1249 567 quod
1280 513 1444 555 femella
1475 513 1608 569 pullos
1640 514 1850 569 produxit,

171 580 378 622 masculus
420 595 515 623 vero
556 597 629 638 per
666 586 820 624 terram
859 583 1041 637 volabat,
1082 588 1128 626 ut
1159 583 1282 639 pullis
1315 585 1451 626 cibum
1485 584 1706 638 colligeret.
1777 585 1850 628 Illo

170 650 345 693 abeunte
377 652 541 695 femella
574 658 636 696 est
677 654 930 708 adulterata,
973 655 1044 697 sed
1086 659 1303 709 antequam
1345 655 1549 697 masculus
1582 656 1758 710 veniret,
1798 657 1850 699 ad

168 721 322 764 fontem
365 723 655 779 descenderat,
705 731 748 767 ut
795 739 838 768 se
884 726 1062 779 lavaret,
1111 740 1161 768 ne
1203 726 1409 768 masculus
1448 726 1618 768 fetorem
1660 727 1850 770 adulterii

169 793 353 835 sentiret.
417 794 534 837 Miles
567 810 658 838 cum
685 798 823 852 sepius
847 797 921 838 hoc
954 797 1138 851 vidisset,
1173 797 1469 851 admirabatur,
1501 798 1656 840 fontem
1689 798 1850 852 clausit,

101 871 143 904 10
168 878 218 907 ne
259 865 417 906 ciconia
455 880 498 908 se
536 867 695 910 lavaret
735 868 795 910 vel
835 868 1064 921 balnearet3
1106 869 1178 911 illa
1215 882 1311 910 vero
1350 882 1442 911 cum
1478 869 1633 911 fontem
1666 869 1849 911 clausum

168 935 339 978 vidisset
379 941 419 978 et
457 951 537 979 non
578 944 740 994 poterat
779 954 821 982 se
863 940 1023 993 lavare,
1071 945 1165 995 post
1206 940 1452 982 adulterium
1493 941 1759 982 commissum
1800 940 1850 983 ad

166 1007 310 1049 nidum
350 1011 412 1050 est
449 1024 628 1052 reversa.
698 1010 904 1053 Masculus
945 1012 1112 1053 veniens
1152 1017 1193 1053 et
1224 1012 1409 1054 senciens
1442 1012 1633 1054 adulterii
1663 1012 1850 1066 fetorem,

166 1084 262 1126 inde
294 1084 449 1126 volavit
482 1087 521 1125 et
552 1082 660 1124 infra
692 1083 800 1123 diem
832 1082 1063 1124 naturalem
1097 1095 1233 1124 secum
1267 1083 1573 1125 multitudinem
1599 1083 1850 1126 ciconiarum

168 1155 286 1197 duxit
319 1160 358 1197 et
389 1156 431 1197 in
464 1154 679 1210 presencia
711 1153 854 1194 militis
887 1167 977 1195 eam
1011 1154 1261 1196 occiderunt.

99 1227 142 1261 15
285 1228 573 1268 Moralizaca'o.
637 1224 864 1277 Carissimi,
897 1225 975 1266 iste
1009 1225 1086 1267 due
1109 1225 1265 1268 ciconie
1289 1229 1385 1267 sunt
1407 1224 1594 1267 Christus
1627 1229 1668 1268 et
1699 1225 1850 1279 anima,

168 1297 306 1339 anima
338 1301 400 1340 est
422 1297 574 1340 Christi
608 1310 760 1352 sponsa
792 1300 832 1338 et
864 1297 1220 1351 quocienscunque
1250 1297 1375 1339 fuerit
1405 1311 1478 1352 per
1499 1301 1712 1353 peccatum
1737 1296 1852 1338 adul-

166 1372 314 1422 terata,
348 1369 398 1411 ad
429 1370 583 1411 fontem
619 1368 887 1410 confessionis
919 1373 1118 1422 recurrat,
1152 1373 1197 1410 ut
1228 1369 1382 1424 poterit
1412 1369 1617 1423 mundari,
1649 1381 1701 1410 ne
1733 1367 1851 1410 Chri-

167 1444 254 1482 stus
288 1441 374 1495 ejus
408 1454 582 1496 sponsus
615 1440 785 1482 fetorem
816 1439 1007 1481 adulterii
1040 1441 1207 1482 senciat.
1270 1439 1389 1482 Miles
1423 1441 1492 1494 qui
1513 1440 1667 1482 fontem
1690 1439 1849 1494 clausit,

168 1515 229 1553 est
268 1511 476 1565 diabolus,
519 1512 587 1566 qui
620 1524 688 1553 cor
720 1511 899 1553 hominis
933 1511 1128 1564 obdurat,
1170 1511 1239 1565 qui
1271 1524 1435 1567 semper
1465 1512 1612 1553 nititur
1642 1511 1848 1553 hominem

97 1589 142 1623 20
166 1582 390 1638 impedire,
432 1597 482 1625 ne
522 1586 663 1625 currat
700 1583 751 1624 ad
788 1583 945 1625 fontem
983 1583 1251 1624 confessionis
1285 1588 1325 1624 et
1356 1596 1408 1625 ne
1439 1583 1560 1624 homo
1593 1582 1847 1624 confiteatur.

168 1653 286 1696 Unde
326 1655 360 1696 si
393 1654 581 1697 Christus
622 1654 664 1695 in
703 1654 768 1696 die
793 1655 939 1708 judicii
979 1658 1019 1696 te
1059 1655 1217 1696 invenit
1247 1668 1330 1696 non
1360 1654 1489 1696 lotum
1522 1655 1548 1696 i.
1573 1668 1606 1696 e.
1639 1667 1722 1696 non
1754 1667 1850 1695 con-

165 1725 341 1779 fessum,
381 1727 470 1768 sine
511 1726 633 1768 dubio
666 1730 809 1767 contra
847 1730 888 1768 te
930 1726 1066 1767 veniet
1104 1739 1195 1768 cum
1229 1726 1492 1768 multitudine
1532 1725 1771 1779 angelorum
1810 1728 1851 1767 et

168 1797 407 1839 eternaliter
437 1801 477 1839 te
509 1797 707 1839 occident.

843 2027 945 2070 CAP.
972 2028 1039 2070 83.
1072 2029 1174 2079 (75.)

97 2132 141 2166 25
622 2115 695 2160 De
732 2117 951 2160 timorosa
992 2116 1193 2161 custodia
1233 2117 1391 2161 anime.

285 2223 487 2277 Trajanus
526 2224 733 2277 regnavit,
776 2224 844 2279 qui
883 2224 986 2265 miro
1027 2224 1147 2266 modo
1190 2228 1300 2266 ortos
1339 2223 1496 2266 dilexit.
1558 2222 1675 2264 Unde
1707 2221 1848 2275 semel,

168 2307 260 2336 cum
301 2294 505 2349 quendam
548 2298 682 2337 ortum
715 2296 1015 2337 construxisset
1047 2303 1087 2337 et
1119 2296 1284 2338 arbores
1318 2295 1499 2337 universi
1533 2294 1694 2347 generis
1726 2294 1769 2335 in
1801 2306 1847 2335 eo

167 2366 417 2421 plantasset,
457 2366 667 2408 custodem
707 2381 831 2422 super
870 2372 1004 2408 ortum
1047 2367 1282 2420 constituit,
1322 2371 1368 2408 ut
1403 2365 1579 2408 fideliter
1610 2364 1846 2407 custodiret.

167 2437 272 2479 Erat
303 2441 439 2479 autem
473 2437 641 2491 quidam
673 2451 773 2492 aper
805 2442 1018 2492 strenuus,
1059 2439 1128 2492 qui
1161 2443 1294 2480 ortum
1328 2438 1522 2491 intravit,
1553 2436 1720 2478 arbores
1752 2449 1848 2477 con-

97 2515 142 2549 30
168 2509 274 2550 fodit
314 2513 355 2551 et
393 2508 552 2550 evertit.
629 2508 717 2550 Hoc
756 2509 988 2564 percipiens
1020 2513 1157 2551 custos
1190 2509 1356 2551 nomine
1386 2507 1588 2550 Jonathas
1621 2506 1846 2549 auriculam
1898 2550 1904 2553 χ

169 2581 254 2634 ejus
295 2580 505 2621 sinistram
547 2580 740 2632 abscidit,
790 2594 889 2635 aper
930 2594 1026 2622 vcro
1060 2581 1213 2622 amissa
1255 2594 1352 2622 aure
1391 2579 1585 2621 clamavit
1625 2582 1666 2620 et
1706 2578 1846 2632 exivit,

169 2651 299 2693 altera
342 2664 439 2693 vero
487 2651 551 2692 die
593 2664 691 2706 aper
730 2652 901 2694 intravit
939 2657 979 2694 et
1017 2651 1178 2693 infinita
1219 2651 1327 2693 mala
1367 2650 1622 2706 perpetravit
1658 2650 1702 2690 in
1742 2653 1844 2690 orto.

168 2722 255 2763 Hoc
301 2722 443 2764 videns
482 2721 682 2764 Jonathas
728 2736 867 2764 aurem
917 2722 1038 2777 [Tib]
1085 2723 1171 2776 ejus
1218 2723 1406 2764 dextram
1453 2721 1629 2764 abscidit
1669 2725 1709 2763 et
1753 2733 1846 2762 cum

169 2792 346 2835 clamore
386 2793 521 2835 valido
562 2807 660 2848 aper
700 2794 839 2835 exivit.
911 2795 999 2836 Hoc
1036 2808 1118 2835 non
1158 2794 1346 2836 obstante
1385 2793 1513 2835 tercia
1544 2793 1631 2835 vice
1661 2791 1844 2834 intravit.

98 2868 143 2903 35
168 2862 284 2913 Quod
317 2864 458 2906 videns
489 2864 662 2906 Jonatas
694 2865 866 2906 caudam
900 2866 986 2919 ejus
1019 2865 1194 2907 abscidit
1216 2869 1256 2907 et
1278 2865 1336 2907 sic
1357 2865 1531 2920 turpiter
1553 2877 1645 2905 cum
1668 2862 1847 2904 clamore

169 2947 268 2990 aper
307 2936 446 2977 exivit.
516 2935 663 2978 Adhuc
704 2940 850 2990 quarta
887 2937 973 2978 vice
1004 2937 1175 2978 intravit
1207 2941 1246 2978 et
1277 2936 1407 2977 multa
1438 2934 1547 2977 mala
1577 2934 1844 2990 perpetravit.
