1949 3162
997 42 1082 83 630

869 188 970 242 223,
1004 201 1105 243 app.
1130 189 1197 231 27.

314 288 484 343 Legitur
521 289 564 330 in
600 288 773 331 historia
810 302 1095 342 romanorum7
1135 289 1241 343 quod
1274 289 1437 344 quidam
1471 303 1642 344 magnus
1675 291 1867 347 princeps

198 360 342 402 habuit
376 360 477 402 duos
509 359 634 414 filios,
675 373 779 402 unus
819 373 872 414 sc.
908 361 1038 414 major
1069 360 1306 402 morabatur
1339 374 1430 403 cum
1462 364 1578 415 patre
1616 362 1657 403 in
1691 361 1866 415 quodam

196 431 383 487 pallacio.
438 431 494 473 Et
523 430 670 473 Junior
708 432 750 473 111
781 431 861 473 0110
893 436 1026 473 003110
1063 431 1237 473 multum
1274 432 1514 487 periculoso.
1569 431 1644 482 Qui
1675 433 1867 488 princeps

197 502 362 557 scripsit
392 506 475 545 tres
506 501 648 544 literas
680 515 752 557 per
783 506 866 545 tres
898 503 1068 544 nuncios
1101 503 1284 545 diversos
1317 503 1368 545 ad
1398 502 1540 556 filium,
1577 503 1647 545 sed
1679 507 1864 558 quartam

196 573 310 615 misit
349 572 432 615 filio
458 573 614 627 juniori
653 587 726 628 per
758 572 885 615 filium
920 574 1134 616 seniorem.
1189 575 1322 616 Tenor
1363 575 1494 630 prime
1532 574 1649 616 litere
1682 588 1753 629 per
1784 575 1867 630 pri-

196 658 308 686 mum
339 644 534 686 nuncium
572 642 654 686 filio
686 645 811 687 misse
851 644 945 686 talis
985 649 1091 687 erat:
1124 645 1339 688 Peccatum
1380 649 1419 687 et
1448 644 1654 686 maliciam
1685 644 1868 688 totaliter

197 715 400 770 relinque,
439 714 659 757 virtutibus
692 719 732 757 et
764 715 976 759 honestate
1007 720 1047 758 te
1086 718 1296 771 conjunge.
1360 716 1493 758 Tenor
1532 716 1707 758 secunde
1749 715 1867 759 litere

195 786 289 828 talis
322 790 430 828 erat:
464 786 601 840 Dilige
633 786 751 829 deum
786 801 834 829 ex
867 791 953 828 toto
986 788 1106 830 corde
1139 792 1178 829 et
1211 788 1419 829 voluntate
1451 787 1519 841 qui
1552 787 1602 828 ad
1633 786 1866 842 ymaginem

196 860 237 899 et
267 857 578 900 similitudinem
610 871 726 899 suam
758 861 798 900 te
838 859 1003 900 creavit.
1056 859 1189 901 Tenor
1225 859 1350 901 tercie
1381 858 1499 901 litere
1529 857 1624 900 talis
1657 861 1764 899 erat:
1803 856 1866 900 De

194 927 383 970 omnibus
414 929 495 971 tuis
527 929 684 971 nullum
716 929 826 971 aliud
858 933 966 985 peto,
998 930 1078 971 nisi
1110 934 1155 972 ut
1184 944 1250 972 me
1282 930 1441 983 diligas.

310 1001 381 1042 Ad
412 1003 688 1057 propositum.
757 1000 838 1043 Iste
876 1002 1068 1057 princeps
1100 1006 1163 1044 est
1202 1002 1313 1056 (10113,
1353 1001 1423 1056 qui
1460 1000 1584 1043 habet
1620 1000 1721 1041 duos
1760 998 1865 1041 filios

195 1084 365 1126 quorum
400 1072 536 1114 senior
567 1076 630 1115 est
661 1072 847 1114 Christus
880 1073 948 1128 qui
981 1077 1166 1114 moratur
1196 1086 1289 1114 cum
1323 1075 1438 1127 patre
1469 1085 1542 1113 suo
1573 1072 1615 1113 in
1643 1070 1729 1113 celo
1760 1074 1866 1112 tam-

194 1155 317 1197 quam
348 1143 391 1184 in
422 1144 590 1199 proprio
622 1143 818 1199 pallacio,
857 1143 965 1185 filius
996 1144 1137 1198 junior
1170 1148 1231 1186 est
1262 1144 1441 1186 humana
1476 1133 1625 1185 natura
1663 1155 1741 1197 que
1779 1155 1865 1183 mo—

193 1218 309 1257 ratur
340 1215 382 1256 in
414 1215 565 1257 mundo
598 1218 808 1270 tamquam
839 1215 882 1256 in
915 1219 1049 1257 castro
1081 1215 1256 1257 multum
1288 1215 1529 1270 periculoso.
1577 1213 1688 1255 Deus
1728 1217 1863 1255 autem

193 1286 404 1327 nunciavit
442 1286 619 1328 humane
649 1290 794 1328 nature
824 1286 898 1328 has
931 1290 1104 1340 quatuor
1135 1286 1295 1328 literas:
1338 1286 1472 1341 prima
1503 1285 1624 1327 litera
1654 1284 1748 1326 talis
1781 1287 1863 1326 est:

135 1372 145 1378 “
193 1361 406 1413 peccatum
439 1357 501 1399 vel
533 1357 738 1399 maliciam
772 1361 847 1400 etc.
895 1357 978 1399 Ista
1006 1357 1127 1399 litera
1156 1357 1234 1399 11111
1265 1357 1392 1399 1111330
1422 1357 1464 1398 111
1495 1357 1585 1410 lege
1615 1360 1760 1398 nature
1793 1369 1865 1410 per

195 1429 388 1471 abraham
438 1429 506 1483 qui
558 1429 616 1470 ita
662 1429 767 1470 vixit
806 1429 848 1469 in
887 1429 1172 1481 matrimonio,
1215 1431 1260 1470 ut
1306 1428 1405 1470 dicit
1442 1428 1712 1481 Augustinus,
1757 1426 1864 1481 quod

193 1500 361 1542 castitas
402 1513 524 1554 quam
572 1499 715 1542 habuit
752 1499 960 1542 Johannes
1001 1500 1182 1555 baptista
1218 1500 1260 1541 in
1299 1513 1373 1541 sua
1412 1500 1648 1553 virginitate
1685 1511 1766 1540 non
1803 1501 1866 1540 est

193 1571 435 1626 preferenda
467 1571 647 1613 castitati
678 1571 830 1613 abrahe
863 1585 984 1626 quam
1018 1571 1159 1613 habuit
1189 1571 1232 1612 in
1262 1585 1333 1613 suo
1357 1571 1630 1613 matrimonio.
1680 1569 1866 1612 Secunda

192 1641 313 1684 litera
343 1642 440 1684 fuit:
473 1642 597 1696 dilige
628 1643 748 1685 deum
781 1656 831 1685 ex
862 1647 948 1685 1010
983 1643 1103 1684 corde
1136 1646 1211 1684 etc.
1263 1642 1346 1685 Ista
1376 1643 1496 1685 litera
1524 1642 1603 1684 11111
1635 1641 1762 1683 1111330
1792 1655 1866 1696 per

194 1726 364 1768 moysen
403 1713 446 1755 in
484 1713 573 1767 lege
607 1704 776 1769 scripta.
841 1713 944 1764 Quia
984 1715 1072 1770 ipse
1117 1727 1279 1769 moyses
1319 1713 1596 1769 promulgavit
1632 1713 1762 1766 legem
1804 1712 1864 1754 di-

195 1784 382 1826 lectionis
415 1784 479 1826 dei
511 1798 633 1839 quam
666 1785 764 1827 deus
797 1786 923 1839 digito
946 1799 1019 1827 suo
1052 1786 1217 1841 scripsit
1247 1790 1287 1828 et
1318 1786 1405 1840 ipse
1437 1798 1598 1841 moyses
1620 1798 1710 1827 eam
1733 1783 1865 1839 primo

193 1855 485 1911 promulgavit
505 1860 545 1898 et
576 1856 778 1910 quomodo
810 1857 908 1898 deus
946 1857 1153 1899 hominem
1193 1857 1348 1899 creavit
1386 1857 1436 1898 ad
1470 1857 1704 1912 ymaginem
1733 1870 1862 1898 suam.

194 1927 338 1969 Tercia
369 1926 489 1969 litera
519 1927 616 1969 fuit:
651 1927 746 1969 Sine
769 1942 906 1970 amore
939 1929 1038 1970 deus
1062 1932 1136 1970 etc.
1184 1928 1267 1970 Ista
1298 1928 1416 1971 litera
1446 1928 1524 1970 fuit
1553 1928 1680 1970 missa
1710 1928 1752 1969 in
1776 1927 1864 1981 lege

194 1998 488 2054 prophetarum
521 2012 593 2053 per
624 1999 865 2053 Ihremiam,
908 2000 1070 2054 quando
1110 2001 1198 2055 ipse
1237 2013 1335 2054 prae
1375 1999 1521 2041 ceteris
1558 1999 1769 2054 prophetis
1804 1998 1864 2040 10-

193 2069 454 2111 mentabatur
492 2083 619 2123 genus
651 2070 873 2112 humanum
915 2071 1121 2126 perditum
1163 2074 1331 2126 propter
1362 2071 1586 2113 carentiam
1621 2071 1772 2112 amoris
1803 2070 1864 2112 di-

194 2140 290 2182 vini.
339 2140 494 2190 Quarta
523 2140 643 2183 litera
673 2141 767 2184 talis
801 2145 909 2185 erat:
942 2143 991 2184 de
1024 2143 1213 2185 omnibus
1245 2142 1326 2184 tuis
1362 2142 1487 2184 nichil
1519 2141 1629 2184 aliud
1661 2148 1755 2196 peto
1787 2144 1862 2184 etc.

193 2211 277 2254 Ista
295 2211 416 2254 litera
447 2212 573 2254 missa
604 2216 666 2255 est
695 2213 737 2255 in
758 2213 847 2268 lege
877 2214 1009 2268 gratie
1038 2228 1060 2256 a
1082 2214 1155 2256 deo
1178 2227 1250 2269 per
1270 2212 1399 2255 filium
1429 2226 1547 2254 suum
1576 2213 1775 2255 seniorem
1806 2225 1861 2255 sc.

194 2282 404 2325 dominum
445 2297 580 2326 meum
622 2284 781 2326 Ihesum
822 2284 1052 2339 Christum,
1094 2284 1254 2339 quando
1286 2284 1457 2326 intravit
1495 2287 1656 2326 uterum
1693 2283 1863 2338 virginis

192 2354 380 2408 gloriose.

864 2607 965 2663 2⁶24,
999 2621 1102 2664 app.
1126 2608 1199 2651 28.

315 2707 574 2751 Consuetudo
614 2712 702 2750 erat
738 2709 780 2750 in
822 2709 996 2763 quadam
1035 2709 1170 2751 insula
1214 2708 1321 2763 quod
1361 2707 1531 2761 singulis
1571 2707 1688 2749 annis
1725 2720 1863 2761 regem

196 2779 413 2833 faciebant,
461 2779 530 2821 sed
576 2779 646 2821 ille
677 2793 749 2821 rex
796 2784 888 2835 post
932 2793 1082 2821 annum
1124 2780 1283 2822 finitum
1331 2779 1570 2821 mittebatur
1613 2778 1655 2820 in
1695 2778 1862 2820 exilium

198 2855 306 2892 totus
358 2851 502 2892 nudus.
571 2850 734 2892 Accidit
794 2856 929 2893 autem
984 2852 1090 2905 quod
1137 2851 1302 2905 quidam
1356 2854 1573 2892 extraneus
1627 2849 1737 2891 venit
1795 2849 1863 2904 qui

197 2921 404 2964 nesciebat
450 2934 605 2964 morem
651 2921 782 2975 illum,
829 2926 869 2963 et
899 2922 1082 2964 fecerunt
1127 2936 1219 2964 eum
1265 2935 1422 2975 regem:
1476 2921 1589 2963 venit
1636 2924 1769 2962 autem
1812 2920 1863 2962 ad
