1919 3157
857 87 937 128 387

57 196 258 238 defectum
292 194 494 237 habebitis
526 194 596 235 sed
630 194 669 235 in
704 193 847 246 majori
882 192 1034 233 bonore
1066 205 1187 245 quarn
1221 192 1424 246 meipsum
1460 204 1530 232 vos
1563 191 1733 233 habebo.

58 267 141 309 Rex
182 279 278 308 vero
311 265 480 308 credens
519 265 638 306 dictis
671 265 757 318 ejus
798 276 967 315 regnum
1009 263 1045 304 ei
1078 262 1190 304 dedit
1222 266 1261 304 et
1293 262 1416 303 nichil
1451 262 1526 303 sibi
1561 262 1639 316 ipsi
1674 275 1735 303 re-

57 339 193 380 tinuit.
250 336 351 379 Cum
395 350 489 378 vero
531 339 750 377 coronatus
790 338 897 376 esset
942 338 981 375 et
1019 334 1058 374 in
1100 332 1200 373 solio
1243 334 1421 387 positus,
1464 333 1572 374 ultra
1613 346 1735 387 quam

57 409 166 451 credi
200 412 335 464 potest
365 420 435 448 cor
467 408 552 460 ejus
586 411 647 448 est
689 406 915 450 elevatum:
959 418 1031 458 per
1064 403 1222 457 aliquos
1256 418 1383 445 annos
1423 408 1582 458 patrem
1617 417 1736 445 suum

58 480 98 522 in
138 479 290 521 honore
330 477 505 519 habebat
544 482 584 519 et
624 481 715 532 post
756 476 828 518 hec
867 475 1061 516 bonorem
1101 488 1175 516 nec
1217 474 1355 529 aliqua
1395 474 1501 516 bona
1542 475 1577 516 ei
1611 475 1734 516 dedit.
1787 478 1808 512 5

59 550 129 592 llle
161 562 257 592 vero
289 550 399 604 cepit
430 549 686 603 sapientibus
719 547 831 600 regni
856 546 1063 600 conqueri,
1098 545 1204 599 quod
1229 546 1314 598 ejus
1337 545 1444 586 filius
1468 550 1632 600 pactum
1657 559 1735 587 non

57 620 241 671 tenebat3
275 620 481 675 sapientes
517 633 625 671 vero,
659 619 726 673 qui
761 631 923 672 semper
956 630 1047 658 eum
1072 616 1318 669 dilexerunt,
1352 630 1488 669 regem
1514 617 1740 669 arguebant

59 692 166 746 quod
198 691 305 732 male
338 695 496 745 patrem
532 704 648 731 suum
683 693 913 731 tractasset.
963 687 1047 729 Rex
1081 687 1156 728 hoc
1189 687 1358 729 audiens
1384 687 1520 729 furore
1543 687 1737 742 repletus,

60 767 218 818 patrem
251 775 371 803 suum
405 762 444 803 in
478 761 653 815 quodam
687 765 822 802 castro
856 758 1041 811 inclusit,
1077 758 1143 799 ubi
1177 757 1313 799 nullus
1347 771 1553 800 accessum
1589 758 1739 800 habere

58 838 222 889 poterat
260 832 310 874 ad
344 846 456 883 eum,
500 833 538 873 in
573 846 651 886 quo
693 832 780 873 loco
812 832 963 872 famem
1008 833 1048 871 et
1080 829 1231 870 multas
1264 829 1452 871 miserias
1486 829 1737 884 paciebatur.
1768 834 1811 867 10

58 905 223 947 Accidit
254 904 394 945 eodem
429 909 628 958 tempore,
662 902 768 956 quod
791 915 860 943 rex
887 902 927 942 in
951 900 1092 943 eodem
1116 900 1283 942 castello
1308 900 1590 955 pernoctabat,
1624 905 1740 956 pater

60 989 154 1018 vero
188 974 238 1017 ad
271 988 362 1016 eum
399 975 573 1017 accessit
605 979 645 1016 et
677 974 752 1015 ait:
788 972 820 1014 O
843 972 913 1025 tili,
949 972 1143 1014 miserere
1166 971 1273 1026 patri
1297 976 1365 1013 tuo
1389 972 1490 1024 seni,
1525 973 1592 1026 qui
1623 970 1737 1026 [osb]

60 1051 99 1088 te
138 1046 281 1100 genuit
319 1050 359 1088 et
398 1047 537 1088 onmia
577 1045 709 1087 dedit!
760 1044 801 1085 ln
836 1044 909 1085 hoc
941 1043 1028 1084 loco
1061 1043 1213 1084 famem
1247 1048 1287 1084 et
1318 1043 1427 1084 sitim
1463 1044 1624 1098 pacior,
1652 1043 1741 1097 jam

60 1131 150 1159 sum
184 1117 224 1158 in
257 1117 371 1170 gravi
406 1117 644 1159 infirmitate
678 1115 834 1171 positus
868 1119 907 1156 et
940 1114 1109 1156 haustus
1141 1114 1224 1155 vini
1258 1127 1322 1155 me
1355 1114 1617 1156 confortaret.
1671 1114 1743 1155 Ait

61 1202 154 1230 rex:
196 1188 343 1241 [gnoro
377 1189 410 1230 si
445 1192 540 1230 sunt
571 1189 667 1229 vina
699 1187 741 1228 in
774 1190 907 1228 castro
940 1186 1032 1226 isto.
1086 1185 1159 1226 Ait
1190 1184 1276 1226 ille:
1312 1185 1440 1226 Immo
1472 1184 1529 1227 fili
1562 1186 1743 1240 quinque
1772 1192 1813 1226 15

61 1259 171 1301 dolia
202 1260 285 1301 vini
319 1260 407 1302 sine
439 1260 542 1301 scitu
576 1263 710 1300 vestro
744 1257 992 1299 senescallus
1014 1257 1133 1310 hujus
1156 1256 1279 1297 castri
1303 1255 1425 1297 babet
1455 1260 1496 1298 et
1517 1270 1597 1298 non
1622 1256 1745 1298 audet

61 1331 271 1386 perforare
305 1344 352 1372 ea
385 1335 424 1373 et
458 1330 580 1372 michi
613 1329 804 1370 baustum
838 1328 949 1381 dare,
983 1341 1081 1380 rogo
1114 1332 1154 1369 te
1186 1340 1281 1380 ergo
1314 1326 1392 1378 fili3
1435 1327 1506 1369 des
1539 1328 1662 1369 michi
1695 1328 1744 1370 de

61 1402 194 1457 primo
227 1401 346 1443 dolio.
395 1403 487 1443 Ait:
522 1401 610 1443 Non
643 1400 790 1441 faciam
825 1399 920 1453 quia
953 1402 1133 1440 mustum
1168 1402 1208 1440 et
1240 1411 1314 1440 nec
1336 1398 1445 1440 valet
1467 1412 1540 1453 pro
1564 1398 1742 1441 senibus.

60 1473 118 1514 At
155 1472 225 1514 ille
266 1473 390 1514 dixit:
438 1472 521 1514 Des
562 1471 684 1513 micbi
719 1484 814 1523 ergo
847 1470 896 1512 de
937 1469 1114 1511 secundo
1148 1469 1269 1510 dolio.
1317 1469 1394 1518 Qui
1427 1470 1503 1511 ait:
1544 1469 1632 1512 Hoc
1663 1483 1745 1511 non

60 1544 229 1595 faciam;
263 1544 338 1586 hoc
370 1558 443 1599 pro
477 1557 646 1598 corpore
678 1556 768 1583 meo
802 1541 1030 1583 custodiam
1065 1545 1105 1582 et
1136 1540 1449 1595 projuvenibus
1484 1541 1550 1594 qui
1584 1555 1743 1583 mecum
1771 1548 1816 1582 20

61 1620 167 1657 sunt.
218 1616 274 1657 At
304 1615 392 1657 ille:
439 1614 521 1656 Des
553 1627 649 1667 ergo
683 1613 804 1655 michi
841 1612 890 1654 de
922 1612 1062 1654 tercio.
1111 1611 1185 1661 Qui
1221 1612 1297 1653 ait:
1345 1611 1434 1652 Non
1468 1612 1615 1654 faciam
1651 1612 1747 1666 quia

63 1687 201 1728 vinum
233 1687 338 1728 forte
371 1690 433 1728 est
463 1689 504 1727 et
534 1689 578 1726 tu
611 1698 653 1726 es
686 1683 832 1725 debilis
865 1687 905 1725 et
936 1682 1142 1731 infirmus;
1175 1685 1314 1737 posset
1337 1696 1426 1724 esse
1456 1696 1580 1724 causa
1601 1683 1746 1725 mortis

63 1761 144 1799 tue.
193 1757 265 1799 Ait
296 1757 384 1799 ille:
419 1757 501 1799 Des
534 1756 656 1797 michi
691 1755 740 1796 de
774 1759 918 1808 quarto
952 1754 1072 1796 dolio.
1123 1753 1199 1804 Qui
1233 1754 1309 1795 ait:
1343 1753 1433 1795 Non
1467 1754 1615 1796 faciam
1651 1754 1747 1809 quia

63 1829 186 1870 nimis
228 1832 344 1870 vetus
388 1832 428 1870 et
468 1832 673 1869 acetosum
709 1831 771 1868 est
808 1830 848 1867 et
887 1839 966 1867 non
1009 1825 1181 1866 multum
1222 1825 1332 1866 valet
1373 1830 1413 1866 et
1446 1825 1639 1880 precipue
1671 1838 1746 1880 pro

64 1899 347 1954 complexione
386 1903 469 1941 tua.
525 1899 598 1940 Ait
630 1902 766 1953 pater:
816 1897 894 1938 Fili
935 1897 1004 1938 des
1045 1910 1140 1950 ergo
1183 1895 1307 1937 michi
1351 1896 1400 1937 de
1440 1897 1582 1949 quinto
1623 1897 1743 1938 dolio.
1771 1903 1817 1937 25

65 1971 122 2012 At
152 1970 240 2012 ille:
274 1970 398 2012 Absit
429 1985 453 2011 a
486 1984 549 2012 me
581 1970 677 2024 quia
707 1968 815 2010 feces
848 1972 963 2019 sunt;
996 1972 1161 2023 satrape
1193 1968 1307 2021 regni
1342 1967 1462 2009 michi
1486 1967 1747 2023 imponerent

65 2041 171 2096 quod
205 2046 244 2083 te
277 2041 515 2083 occidissem
558 2041 590 2081 si
623 2041 728 2082 feces
772 2039 846 2082 tibi
880 2039 1097 2081 dedissem.
1151 2039 1273 2081 Pater
1305 2039 1381 2080 hoc
1414 2039 1583 2081 audiens
1616 2039 1666 2081 ab
1700 2052 1746 2080 eo

65 2113 195 2154 tristis
228 2113 410 2164 recessit,
444 2116 484 2154 et
515 2112 653 2153 statim
687 2111 843 2153 occulte
875 2111 1053 2166 satrapis
1085 2111 1200 2164 regni
1222 2110 1401 2152 litteram
1436 2110 1615 2165 scripsit,
1648 2123 1746 2164 quo-

65 2183 186 2225 modo
217 2183 326 2225 filius
358 2184 444 2237 ejus
478 2197 568 2225 eum
603 2182 809 2225 tractabat
847 2185 892 2223 ut
929 2185 1097 2237 propter
1139 2181 1258 2224 deum
1294 2195 1386 2223 eum
1420 2194 1443 2222 a
1474 2181 1547 2223 tali
1581 2181 1747 2223 miseria

65 2255 338 2297 sublevarent.
389 2254 564 2309 Satrape
596 2267 737 2296 omnes
770 2253 805 2295 ei
838 2253 1212 2308 compaciebantur,
1247 2252 1384 2294 statim
1421 2252 1602 2305 regimen
1635 2265 1747 2293 rece·
1771 2258 1817 2292 30

67 2329 217 2381 perunt
256 2330 297 2368 et
335 2329 493 2381 patrem
537 2325 643 2366 sicut
682 2324 794 2379 prius
835 2337 973 2377 regem
1014 2324 1334 2376 constituerunt,
1375 2323 1502 2364 filium
1546 2337 1664 2365 suum
1704 2323 1746 2364 in

66 2410 271 2439 carcerem
305 2399 544 2452 posuerunt,
578 2395 645 2437 ubi
679 2398 848 2450 propter
881 2395 1088 2436 miseriam
1123 2394 1338 2436 defunctus
1372 2398 1445 2436 est.

185 2466 412 2520 Carissimi,
446 2480 516 2508 rex
552 2466 630 2508 iste
663 2471 724 2508 est
756 2466 945 2508 dominus
968 2470 1106 2507 noster
1129 2465 1270 2506 Ihesus
1292 2464 1494 2518 Christus,
1527 2464 1634 2506 tilius
1657 2464 1746 2518 qui-

67 2538 168 2580 libet
199 2538 467 2590 christianus,
509 2551 629 2591 quem
662 2538 885 2579 tenerrime
917 2536 1072 2589 diligit,
1113 2536 1308 2590 quamdiu
1340 2536 1460 2577 homo
1493 2535 1535 2576 in
1567 2535 1746 2590 puritate

68 2609 150 2652 vite
181 2613 339 2660 manen
380 2609 519 2651 omnia
551 2608 706 2649 bomini
747 2607 859 2649 dedit
899 2621 976 2661 que
1009 2607 1128 2648 homo
1166 2607 1290 2648 habet
1329 2611 1370 2649 et
1400 2607 1488 2661 ipse
1520 2607 1653 2647 factus
1685 2608 1748 2647 est
1772 2613 1817 2648 35

67 2693 224 2736 pauper
256 2680 478 2722 secundum
512 2679 618 2734 quod
651 2682 827 2720 testatur
859 2678 1084 2732 scriptura:
1119 2676 1272 2732 Vulpes
1303 2678 1463 2720 foveam
1495 2676 1649 2718 habent
1669 2678 1744 2718 etc.

70 2749 148 2793 Sed
181 2751 330 2793 cotidie
362 2750 548 2792 Christus
580 2750 731 2791 famem
765 2753 805 2791 et
837 2749 947 2790 sitim
982 2748 1150 2803 patitur,
1184 2748 1258 2790 boc
1289 2752 1351 2790 est
1379 2749 1421 2790 in
1444 2748 1528 2789 suis
1550 2746 1746 2789 membris

69 2821 226 2864 scilicet
257 2821 506 2877 pauperibus
539 2825 579 2863 et
609 2820 825 2873 debilibus,
859 2819 965 2861 unde
998 2819 1198 2874 scriptum
1230 2824 1311 2861 est:
1345 2819 1459 2869 Quod
1495 2818 1562 2860 uni
1596 2831 1645 2859 ex
1670 2818 1747 2859 mi-

69 2891 192 2933 nimis
225 2892 326 2934 meis
356 2892 525 2945 fecistis,
559 2891 682 2933 michi
713 2890 882 2933 fecistis.
927 2890 982 2931 Et
1003 2903 1094 2932 cum
1118 2889 1218 2932 deus
1242 2890 1346 2945 petit
1368 2904 1391 2931 a
1412 2889 1530 2931 nobis
1552 2888 1744 2930 haustum

165 2973 183 3007 1
209 2971 360 3016 habebo]
389 2978 474 3019 oriy.
492 2971 618 3007 habeo.

1392 3033 1469 3069 25)ξ
