1919 3157
854 89 931 130 451

55 194 166 250 cepit
205 199 245 236 et
276 194 338 235 leo
378 193 516 235 alium.
575 193 653 236 Per
683 194 850 235 fluvium
885 194 998 235 illum
1033 194 1228 235 mundum
1263 193 1492 246 intelligere
1524 193 1733 245 debemus,

54 278 129 321 per
158 264 317 307 leonem
351 264 578 317 diabolum,
619 279 691 320 per
722 265 863 320 lupum
903 266 1113 320 propriam
1153 277 1330 306 carnem.
1386 264 1583 306 Diabolus
1625 265 1735 319 rapit

56 349 80 378 a
109 336 231 378 corde
263 336 440 378 hominis
474 335 621 377 bonam
656 335 932 379 voluntatem.
966 349 1058 377 caro
1093 335 1242 377 bonum
1277 349 1392 390 opus.
1447 335 1550 377 Caro
1584 336 1734 377 bonum

55 419 172 462 opus,
204 407 315 449 racio
348 406 469 457 dicit,
503 406 651 448 bonum
687 420 774 448 esse
801 407 990 460 jejunare
1023 411 1062 448 et
1095 407 1135 447 in
1167 405 1284 447 bonis
1319 406 1511 461 operibus
1545 406 1732 459 vigilare;

54 490 149 519 caro
181 477 300 520 dicit:
334 476 480 519 Melius
513 481 587 529 est,
622 478 723 519 bene
755 477 968 519 comedere
995 483 1033 519 et
1057 477 1238 518 suaviter
1270 477 1460 519 dormire.
1510 476 1615 527 Quid
1639 490 1734 530 ergo

55 553 118 590 est
154 548 413 591 faciendum?
461 548 503 590 Si
542 548 614 590 illa
652 549 730 590 duo
769 547 906 589 ablata
943 548 1097 590 fuerint
1128 547 1178 589 ab
1211 547 1394 600 homine,
1435 547 1591 590 scilicet
1629 548 1735 590 bona

55 619 244 662 voluntas
277 624 318 662 et
348 634 451 675 opus
490 620 767 672 meritorium,
807 623 916 661 certe
955 623 1140 674 pastores
1173 624 1213 660 et
1245 626 1427 660 aratores
1459 618 1612 660 habent
1642 632 1732 660 cum

55 689 223 733 canibus
262 691 437 733 viriliter
477 691 604 744 sequi.
664 690 854 732 Pastores
895 690 963 731 isti
1003 694 1098 731 sunt
1135 690 1389 731 confessores
1429 689 1616 742 discreti,
1666 690 1735 744 qui

54 761 207 804 habent
247 775 320 804 nos
366 762 563 813 dirigere,
612 767 652 803 et
692 775 715 802 a
753 762 819 802 via
865 761 1112 816 perdicionis
1151 761 1370 810 deducere3
1419 765 1601 802 aratores
1641 765 1737 802 sunt

54 832 355 888 predic-atores,
393 834 461 887 qui
495 833 645 875 habent
677 838 828 874 terram
862 832 996 873 cordis
1028 832 1156 873 nostri
1188 845 1262 887 per
1293 845 1451 873 sacram
1486 831 1733 887 scripturam
1764 839 1806 872 10

55 917 185 956 arare,
218 904 360 959 spinas
384 909 642 960 peccatorum
666 903 852 956 evellere,
885 907 926 945 et
947 903 1119 945 virtutes
1142 903 1335 956 inserere,
1366 903 1468 944 vitia
1490 902 1736 957 exstirpare,

54 979 95 1017 et
124 988 199 1030 per
230 988 483 1030 consequens
517 976 722 1017 hominem
755 975 795 1016 in
829 974 1002 1016 servicio
1035 974 1099 1016 dei
1134 975 1311 1026 nutrire,
1349 974 1408 1015 ita
1441 973 1548 1028 quod
1580 974 1664 1015 sint
1694 973 1736 1014 in

55 1059 136 1088 una
173 1046 361 1099 civitate,
402 1047 559 1089 scilicet
597 1047 639 1088 in
671 1060 754 1088 una
792 1045 1009 1087 dilectione
1048 1050 1089 1087 et
1119 1045 1337 1087 concordia
1369 1050 1414 1086 ut
1445 1057 1539 1086 caro
1572 1044 1737 1099 spiritui

53 1130 134 1159 non
167 1117 434 1160 contradicat.
492 1118 605 1160 Tunc
645 1131 717 1160 rex
761 1117 875 1159 misit
907 1117 956 1158 ad
990 1117 1241 1170 querendum
1275 1116 1509 1168 Placidum3
1548 1115 1607 1158 sic
1639 1115 1737 1156 deus

54 1188 168 1230 misit
200 1188 334 1243 primo
366 1189 625 1244 patriarchas
657 1189 707 1231 ad
740 1188 968 1240 hominem,
1011 1187 1188 1229 secundo
1227 1187 1471 1243 prophetas,
1513 1186 1584 1228 sed
1615 1185 1737 1227 homo
1765 1193 1808 1228 15

53 1258 220 1302 nolebat
249 1259 371 1301 fateri
405 1273 473 1302 eos
505 1273 769 1314 cognoscere,
808 1260 938 1301 donec
977 1259 1090 1300 venit
1125 1258 1234 1300 filius
1266 1258 1331 1301 dei
1364 1263 1404 1300 et
1434 1271 1509 1300 nos
1541 1270 1613 1298 suo
1645 1270 1738 1312 pre-

53 1330 163 1373 cioso
196 1332 395 1384 sanguine
427 1331 624 1383 redemit3
658 1331 750 1373 ideo
774 1331 931 1385 justum
967 1336 1048 1383 est,
1083 1334 1128 1371 ut
1159 1330 1389 1385 hospicium
1421 1329 1566 1371 domus
1597 1332 1738 1370 nostre

53 1402 109 1443 sit
138 1402 335 1444 mundum
372 1416 443 1458 per
475 1416 601 1458 opera
640 1402 872 1455 meritoria,
914 1402 956 1443 in
990 1414 1069 1455 quo
1101 1414 1182 1442 non
1215 1401 1270 1443 sit
1310 1404 1536 1456 peccatum.
1594 1398 1649 1441 Et
1680 1399 1739 1441 sic

54 1473 272 1528 apparebit
303 1487 407 1515 uxor
439 1474 592 1515 munda
629 1478 669 1515 et
709 1474 915 1528 speciosa,
957 1472 1114 1514 scilicet
1154 1472 1293 1513 anima
1329 1485 1420 1514 cum
1454 1471 1612 1513 duobus
1643 1470 1738 1512 filiis

52 1544 83 1585 i.
104 1557 137 1586 e.
179 1556 270 1586 cum
304 1544 514 1587 voluntate
554 1545 723 1600 propria
764 1545 838 1586 deo
872 1557 1034 1598 semper
1066 1543 1282 1586 serviendo
1315 1556 1389 1598 per
1421 1555 1547 1597 opera
1577 1542 1738 1584 miseri—
1764 1551 1808 1585 20

53 1615 202 1657 cordie.
255 1614 310 1657 Et
347 1615 509 1669 videas,
551 1616 658 1670 quod
691 1616 852 1669 signum
886 1615 1058 1668 habeas,
1099 1628 1173 1670 per
1205 1614 1312 1668 quod
1346 1614 1501 1669 poteris
1533 1614 1737 1667 cognosci,

53 1685 160 1728 sicut
179 1685 371 1728 Placidus
403 1686 557 1729 habuit.
607 1687 778 1740 Signum
812 1687 912 1728 illud
945 1687 1067 1729 debet
1095 1699 1184 1728 esse
1206 1685 1370 1727 dilectio
1394 1684 1459 1726 dei
1482 1688 1522 1727 et
1544 1685 1737 1740 proximi,

52 1762 100 1799 ut
129 1757 250 1800 deum
282 1771 408 1813 super
440 1759 579 1800 omnia
611 1758 760 1812 diligas
794 1757 866 1812 [93
878 1756 918 1812 b]
952 1762 993 1800 et
1026 1758 1282 1813 proximum,
1321 1757 1427 1798 sicut
1457 1757 1657 1812 teipsum3
1698 1760 1739 1798 et

53 1829 113 1870 sic
133 1829 287 1884 poteris
309 1828 397 1871 fieri
421 1830 618 1883 magister
650 1830 843 1882 militum,
877 1828 1033 1871 scilicet
1065 1829 1248 1870 omnium
1272 1841 1480 1880 sensuum,
1514 1840 1582 1869 eos
1607 1827 1737 1869 virtu-

51 1899 162 1942 tibus
194 1899 460 1954 subjiciendo,
495 1905 535 1942 et
566 1914 690 1956 super
714 1900 942 1942 martirium
976 1900 1294 1942 marceracionis
1328 1898 1379 1941 ad
1400 1899 1528 1940 vitam
1551 1902 1735 1941 eternam
1762 1906 1807 1941 25

53 1971 281 2026 pervenire.
328 1971 445 2022 Quod
476 1971 593 2014 nobis
625 1971 823 2014 concedat
853 1975 928 2014 etc.

1760 484 1782 518 σε

691 2201 794 2244 CAP.
832 2203 927 2243 111.
960 2202 1092 2252 (103.)

53 2288 126 2334 De
163 2290 365 2335 custodia
405 2295 444 2334 et
481 2290 872 2351 circvmspectiom
896 2288 1102 2333 habenda
1142 2289 1205 2333 ad
1223 2303 1399 2348 yreyem
1439 2289 1732 2333 commissum.

169 2397 344 2448 Quidam
368 2397 518 2439 nobilis
540 2397 746 2452 quandam
768 2410 934 2438 vaccam
965 2396 1180 2438 candidam
1214 2396 1369 2449 habuit,
1403 2409 1524 2450 quam
1557 2396 1731 2438 multum

52 2467 198 2511 dilexit
234 2472 406 2524 propter
444 2468 543 2518 duo3
585 2469 763 2524 primum
805 2469 912 2523 quod
953 2468 1128 2510 candida
1167 2471 1275 2521 erat,
1323 2467 1500 2510 secundo
1541 2466 1649 2521 quod
1689 2467 1731 2508 in
1756 2475 1802 2509 30

51 2538 187 2582 dando
218 2539 282 2581 lac
313 2539 578 2582 habundavit.
627 2539 786 2582 Nobilis
818 2539 888 2582 ille
921 2552 994 2594 pre
1024 2539 1151 2580 nimio
1185 2551 1324 2580 amore
1364 2537 1589 2591 ordinavit,
1623 2537 1731 2592 quod

51 2623 175 2652 vacca
213 2610 293 2652 duo
331 2624 484 2652 cornua
523 2623 649 2652 aurea
694 2610 857 2661 habuit3
906 2614 946 2651 et
986 2610 1093 2651 inter
1134 2622 1176 2651 se
1218 2610 1434 2663 cogitavit,
1481 2609 1546 2650 cui
1593 2611 1732 2663 posset

51 2694 216 2724 vaccam
250 2681 301 2723 ad
333 2681 645 2724 custodiendum
677 2681 946 2723 committere.
1002 2680 1105 2722 Erat
1143 2680 1249 2722 enim
1283 2683 1382 2722 tunc
1412 2680 1610 2735 temporis
1642 2679 1731 2733 qui-

52 2751 146 2794 dam
178 2751 313 2806 homo,
345 2753 510 2794 nomine
534 2754 683 2805 Argus,
717 2752 786 2806 qui
812 2764 935 2793 verax
959 2751 1000 2792 in
1023 2751 1212 2792 omnibus
1234 2754 1323 2793 erat
1344 2755 1386 2793 et
1406 2754 1569 2793 centum
1592 2749 1730 2792 oculos

51 2821 240 2865 habebat.
282 2823 441 2866 Nobilis
473 2824 552 2866 iste
581 2822 775 2864 nuncium
801 2822 851 2864 ad
874 2823 1032 2875 Argum
1065 2822 1192 2875 misit,
1225 2826 1270 2864 ut
1294 2822 1381 2864 sine
1404 2821 1606 2863 dilacione
1626 2820 1730 2863 ulte·
1755 2829 1800 2864 35

49 2892 151 2936 riori
182 2894 233 2936 ad
265 2908 358 2936 eum
389 2894 560 2937 veniret.
613 2892 689 2944 Qui
722 2907 813 2935 cum
847 2893 1049 2945 venisset,
1082 2893 1140 2934 ait
1171 2894 1227 2935 ei:
1262 2892 1436 2934 Vaccam
1469 2905 1603 2934 meam
1636 2905 1728 2934 cum

50 2964 244 3007 cornibus
277 2965 412 3008 aureis
444 2968 514 3008 tue
545 2964 729 3007 custodie
760 2964 993 3017 committ0,
1034 2967 1075 3006 et
1104 2965 1138 3006 si
1170 2964 1273 3006 bene
1305 2963 1568 3017 custodieris,
1606 2966 1646 3004 te
1678 2962 1729 3004 ad

1371 3037 1449 3073 29*
