1949 3162
991 86 1076 126 492

837 235 940 278 CAP.
968 234 1063 276 137.
1095 231 1228 284 (129.)

192 344 266 390 De
310 339 513 387 naturali
551 339 817 398 beniqmtatp
857 334 1023 380 Christi
1068 337 1107 376 et
1146 328 1456 374 misericordia
1495 324 1655 386 quibus
1690 327 1877 368 natura-

194 427 292 471 liter
338 422 652 485 pecccztort'bus
707 415 1058 466 convertentibus
1117 415 1349 458 miseretur
1410 416 1450 455 et
1500 408 1624 469 quod
1680 404 1881 452 Christus

692 503 850 562 recipit
884 514 997 561 quos
1033 498 1228 542 mundus
1266 494 1391 555 (ejicit.

149 635 171 670 5
314 627 517 670 Eusebius
550 628 694 667 narrat
725 624 767 664 in
797 620 971 664 cronicis
1004 619 1053 660 de
1086 617 1262 672 quodam
1295 616 1560 670 imperatore,
1593 609 1663 665 qui
1684 605 1883 664 populum

196 713 414 743 romanum
435 699 477 740 in
501 697 686 739 maxima
708 694 890 749 equitate
913 689 1183 746 gubernabat,
1215 686 1317 729 nulli
1340 697 1526 741 parc-ens,
1560 681 1631 723 sed
1652 693 1727 736 pro
1750 676 1885 733 equali

200 772 322 828 culpa
355 770 539 824 equalem
575 781 724 823 penam
756 765 942 807 tribuens
974 767 1060 805 tam
1084 759 1280 803 divitibus
1303 770 1425 812 quam
1451 752 1715 810 pauperibus.
1759 749 1886 792 Sena-

200 848 312 886 tores
360 841 521 884 romani
569 853 661 881 eum
707 841 877 894 propter
915 835 992 876 hoc
1030 832 1204 888 imperio
1251 830 1540 885 privaverunt,
1588 827 1629 866 et
1673 826 1887 876 tamquam

201 927 427 972 pauperem
464 912 607 965 fugere
649 908 766 963 [115]
813 906 1135 962 compulserunt.
1190 902 1264 944 Ille
1305 900 1446 943 statim
1486 895 1659 939 accessit
1695 892 1746 935 ad
1782 891 1888 934 Con-

133 994 176 1028 10
203 987 431 1029 stantinum
466 987 506 1025 et
538 996 630 1024 cum
664 995 710 1023 eo
742 984 909 1036 pactum
941 977 1060 1029 fecit,
1101 979 1142 1017 et
1180 977 1264 1016 tam
1309 976 1475 1014 strenue
1513 972 1554 1010 et
1584 966 1810 1022 prudenter
1846 976 1890 1004 se

203 1058 369 1110 habuit,
410 1056 469 1098 sic
512 1053 619 1109 quod
653 1055 747 1108 post
779 1064 868 1093 eum
904 1050 945 1090 in
979 1048 1271 1103 imperatorem
1313 1043 1479 1086 electus,
1531 1038 1609 1088 Qui
1644 1037 1891 1089 congregato

206 1129 390 1172 exercitu
421 1127 593 1169 Romam
629 1123 810 1176 obsedit,
847 1125 888 1163 et
919 1134 1010 1162 cum
1044 1117 1219 1160 Romani
1251 1115 1425 1158 evadere
1455 1124 1538 1154 non
1568 1111 1757 1166 possent,
1793 1105 1891 1160 quin

206 1202 255 1244 ab
290 1214 336 1243 eo
370 1201 630 1254 caperentur,
662 1195 866 1236 miserunt
897 1192 1032 1248 primo
1066 1190 1117 1232 ad
1145 1202 1235 1230 eum
1270 1187 1467 1238 seniores,
1499 1181 1677 1226 secundo
1703 1179 1892 1233 juvenes,

205 1272 333 1315 tercio
355 1270 564 1321 mulieres,
592 1281 669 1322 que
692 1280 735 1308 se
757 1265 879 1308 nudis
901 1263 1076 1319 pedibus
1100 1263 1195 1303 ante
1218 1273 1310 1301 eum
1334 1271 1377 1300 se
1398 1254 1728 1312 prostraverunt,
1751 1251 1894 1305 postu-

138 1352 182 1387 15
206 1345 339 1387 lantes
379 1342 566 1393 veniam,
607 1352 728 1394 quam
772 1337 957 1379 obtinere
996 1347 1078 1376 non
1119 1333 1324 1388 poterant.
1378 1328 1534 1370 Ultimo
1574 1324 1779 1367 miserunt
1816 1319 1895 1362 sibi

208 1418 402 1472 parentes
436 1426 532 1454 suos
566 1410 798 1465 simplices,
841 1421 942 1462 quos
974 1405 1121 1448 habuit
1151 1404 1192 1445 in
1225 1402 1412 1452 civitate,
1446 1402 1487 1441 et
1516 1400 1650 1440 mater
1679 1406 1777 1436 vero
1809 1392 1896 1446 ejus

210 1491 352 1543 pectus
386 1488 427 1528 et
457 1484 585 1526 ubera
617 1482 652 1524 ei
693 1480 892 1533 ostendit,
934 1492 1011 1533 que
1052 1478 1232 1518 suxerat.
1293 1472 1410 1523 Quod
1441 1484 1530 1513 cum
1565 1465 1896 1518 vidisset'impe-

210 1562 324 1601 rator
364 1570 503 1599 amore
542 1553 723 1596 naturali
762 1551 1022 1607 compaciens
1063 1552 1194 1591 totam
1234 1545 1430 1588 offensam
1471 1540 1649 1592 dimisit,
1687 1536 1897 1579 civitatem

210 1631 384 1673 intravit
415 1632 456 1671 et
486 1625 710 1669 honorifice
741 1626 956 1678 susceptus
988 1624 1062 1664 est.

141 1708 187 1742 20
330 1701 619 1744 Moralizacio.
690 1695 924 1748 Carissimi,
971 1693 1200 1748 imperator
1235 1690 1314 1731 iste
1353 1690 1416 1729 est
1453 1684 1663 1736 Christus,
1711 1679 1783 1734 qui
1824 1691 1900 1733 per

213 1776 427 1829 peccatum
462 1771 510 1812 de
533 1770 700 1812 civitate
723 1781 797 1809 sua
818 1767 844 1808 i.
870 1779 903 1807 e.
928 1765 978 1807 de
1000 1764 1121 1806 corde
1143 1761 1321 1804 hominis
1345 1757 1566 1814 expellitur
1593 1767 1666 1809 per
1688 1752 1903 1808 peccatum

215 1858 262 1887 ac
294 1844 343 1886 de
374 1843 528 1885 mundo
561 1842 655 1894 isto,
689 1839 851 1894 quando
883 1837 1006 1880 Judei
1031 1849 1124 1878 eum
1147 1833 1271 1875 morti
1302 1829 1576 1873 tradiderunt.
1624 1824 1697 1867 Ille
1724 1835 1821 1864 vero
1844 1821 1904 1862 sic

216 1916 412 1971 expulsus
436 1914 487 1956 ad
509 1917 670 1969 patrem
693 1910 890 1967 perrexit,
922 1909 991 1951 ubi
1016 1911 1078 1950 est
1101 1906 1254 1948 electus
1276 1904 1317 1945 in
1342 1903 1585 1958 perpetuum
1608 1897 1904 1951 imperatorem

217 1992 257 2030 et
288 1987 468 2041 judicem
509 1989 696 2027 nostrum
737 1983 779 2024 in
813 1982 877 2023 die
910 1979 1075 2035 judicii,
1117 1977 1212 2031 quia
1252 1987 1372 2017 omne
1397 1970 1602 2027 judicium
1640 1966 1754 2010 dedit
1787 1967 1906 2020 pater

147 2067 192 2101 25
216 2059 301 2101 filio
324 2058 416 2100 Joh.
438 2070 549 2099 xxn.
593 2055 703 2108 Ergo
733 2054 852 2096 nobis
882 2052 1001 2093 valde
1022 2049 1252 2092 timendum
1276 2051 1350 2099 est,
1381 2041 1584 2099 quomodo
1612 2040 1655 2082 in
1678 2038 1745 2080 die
1760 2034 1907 2091 judic-ii

219 2131 416 2173 debemus
450 2129 486 2170 ei
520 2140 747 2178 occurrere,
781 2124 942 2179 quando
974 2122 1112 2164 veniet
1144 2134 1234 2163 cum
1269 2130 1418 2171 magno
1441 2113 1625 2157 exercitu
1653 2108 1905 2163 angelorum.

220 2202 324 2252 Quid
359 2214 455 2253 ergo
487 2198 714 2241 faciemus?
747 2196 867 2239 Certe
900 2194 1190 2250 permittamus
1223 2191 1357 2246 primo
1391 2187 1572 2230 seniores
1603 2183 1630 2225 i.
1654 2195 1688 2225 e.
1723 2180 1804 2222 alte
1826 2178 1908 2220 cla-

221 2286 380 2316 memus
414 2272 465 2313 ad
487 2269 745 2326 patriarchas
779 2272 819 2310 et
848 2266 1086 2322 prophetaS,
1118 2267 1164 2305 ut
1196 2276 1269 2318 pro
1292 2260 1410 2303 nobis
1441 2256 1666 2312 implorent
1696 2251 1817 2295 nudis
1838 2263 1909 2305 pe-

223 2345 341 2388 dibus
364 2344 390 2385 i.
417 2357 449 2384 e.
474 2356 564 2384 cum
590 2340 818 2391 affectione,
841 2339 939 2380 item
964 2336 1142 2379 secundo
1160 2336 1333 2389 juvenes
1356 2332 1382 2372 i.
1407 2344 1440 2371 e.
1466 2325 1688 2383 apostolos,
1717 2322 1910 2365 martires

153 2425 198 2459 30
225 2420 265 2459 et
308 2415 562 2458 confessores
605 2412 701 2454 novi
739 2409 977 2452 testamenti
1020 2421 1094 2464 per
1134 2419 1259 2461 opera
1298 2399 1580 2445 misericordie
1625 2395 1910 2451 imploremus,

225 2489 322 2530 item
367 2485 559 2528 mulieres
600 2483 757 2525 scilicet
796 2484 959 2524 sanctas
991 2480 1173 2533 virgines
1211 2480 1253 2518 et
1282 2474 1426 2516 viduas
1459 2475 1500 2513 et
1529 2466 1816 2525 principaliter
1845 2477 1911 2507 ro-

225 2572 368 2614 gemus
402 2560 575 2599 matrem
611 2555 676 2596 dei
709 2554 909 2606 virginem
944 2551 1167 2605 gloriosam
1191 2551 1235 2589 ut
1257 2548 1348 2602 ipsa
1370 2543 1488 2586 nobis
1510 2539 1741 2583 intercedat
1762 2540 1803 2579 et
1823 2536 1912 2578 sine

228 2631 351 2672 dubio
385 2629 504 2671 nobis
537 2626 739 2669 obtinebit
770 2626 896 2666 vitam
932 2627 1131 2674 eternam,
1165 2632 1288 2674 quam
1320 2615 1438 2658 nobis
1464 2611 1687 2656 concedere
1707 2609 1911 2662 dignetur.
1948 2663 1949 2666 Ἴ
