1949 3162
999 129 1084 170 500

201 242 358 284 scilicet
389 252 513 292 morS,
548 252 624 292 que
656 237 758 279 nulli
793 239 946 292 parcet,
981 238 1021 276 et
1052 236 1271 287 antequam
1304 235 1494 287 speratur
1527 231 1675 282 veniet,
1710 233 1750 271 et
1781 243 1880 284 quo—

201 313 336 365 modo,
368 311 437 353 ubi
469 310 533 352 vel
567 309 743 364 quando,
776 307 939 363 penitus
970 306 1136 357 ignoro:
1172 317 1194 344 a
1216 306 1332 358 parte
1355 302 1571 358 posteriori
1596 301 1698 343 alius
1721 299 1881 353 gladius

201 386 370 439 paratus
409 381 462 423 ad
494 380 832 436 percuciendum,
875 377 1031 419 scilicet
1069 378 1239 431 peccata
1279 388 1389 427 mea,
1434 386 1512 428 que
1551 373 1592 414 in
1631 372 1707 414 hoc
1746 369 1882 413 seculo

202 454 410 506 commisi,
458 456 604 507 parata
642 455 738 493 sunt
777 453 870 492 ante
909 446 1088 490 tribunal
1128 460 1193 488 me
1233 458 1445 496 accusare3
1495 443 1654 497 gladius
1702 457 1725 484 a
1766 445 1884 497 parte

154 532 175 566 5
203 525 351 568 dextra
382 527 444 566 est
475 523 685 576 diabolus,
720 522 789 576 qui
821 520 966 563 circuit
998 531 1172 573 querens
1205 530 1323 570 quem
1359 516 1526 558 devoret
1558 520 1598 556 et
1629 527 1791 568 semper
1823 516 1886 554 est

201 600 371 652 paratus
406 595 585 637 animam
618 607 752 636 meam
785 592 967 647 recipere
1000 593 1040 631 et
1072 589 1120 630 ad
1154 588 1357 629 infernum
1396 586 1617 637 deducere3
1660 584 1820 638 gladius
1863 596 1886 625 a

202 672 321 724 parte
361 667 531 709 sinistra
571 663 702 719 [sunt]
744 676 923 715 vermes,
964 675 1040 716 que
1080 673 1243 701 carnem
1284 672 1418 701 meam
1459 662 1553 713 post
1592 660 1766 697 mortem
1798 667 1886 696 cor-

202 739 369 790 rodent3
404 751 495 779 cum
530 737 668 778 omnia
699 736 779 777 ista
811 733 1037 786 considero,
1070 744 1293 785 numquam
1327 729 1505 783 gaudere
1538 732 1699 783 poter0;
1735 726 1768 767 si
1791 735 1886 778 ergo

203 815 249 852 tu
280 813 440 851 tantum
474 808 595 850 hodie
628 821 692 849 me
724 805 914 858 timuisti,
949 804 1017 858 qui
1048 817 1138 845 sum
1160 801 1361 854 mortalis,
1396 800 1523 842 multo
1548 798 1638 854 plus
1661 800 1886 840 creatorem

134 889 179 923 10
204 895 341 923 meum
391 880 516 922 debeo
562 879 721 920 timere.
785 877 898 919 Vade
948 889 1042 929 ergo
1091 878 1130 916 et
1174 873 1258 915 noli
1297 872 1475 927 amplius
1514 870 1616 913 tales
1656 869 1888 924 questiones

206 965 377 1008 querere
409 965 433 993 a
465 951 549 992 me!
584 949 655 991 Ille
689 962 783 991 vero
817 948 998 989 surrexit
1030 950 1068 988 et
1100 945 1259 999 gracias
1293 944 1342 986 de
1376 944 1460 985 vita
1483 956 1555 984 sua
1576 941 1664 995 regi
1695 939 1888 992 reddidit,

207 1025 450 1080 promittens
489 1021 662 1063 firmiter
703 1019 892 1061 ammodo
934 1032 977 1060 se
1015 1018 1233 1070 corrigere.
1289 1015 1376 1057 Hoc
1416 1014 1627 1056 audientes
1665 1011 1892 1054 laudabant

205 1107 449 1151 responsum
482 1093 604 1147 regis.

855 1320 957 1363 CAP.
989 1320 1080 1360 144.
1113 1319 1245 1369 (136.)

141 1424 185 1458 15
733 1409 807 1454 De
842 1413 959 1453 statu
995 1407 1155 1451 mundi
1191 1404 1370 1450 actuali.

328 1518 478 1561 Fertur
509 1518 559 1560 de
592 1518 768 1572 quodam
802 1529 917 1570 rege,
959 1515 1072 1568 cujus
1104 1526 1274 1567 regnum
1316 1512 1358 1553 in
1391 1515 1476 1553 tam
1509 1509 1686 1551 subitam
1730 1506 1896 1549 devenit

213 1591 500 1643 mutacionem,
536 1589 643 1643 quod
677 1589 826 1630 bonum
861 1588 903 1628 in
929 1586 1097 1638 malum,
1130 1598 1272 1627 verum
1295 1584 1338 1625 in
1359 1582 1524 1635 falsum,
1556 1581 1661 1622 forte
1682 1579 1726 1621 in
1747 1577 1894 1631 debile,

207 1663 365 1717 justum
398 1661 441 1702 in
473 1661 672 1715 injustum
705 1664 767 1701 est
798 1661 1016 1700 mutatum.
1065 1656 1193 1706 Quam
1219 1655 1493 1697 mutacionem
1525 1666 1599 1694 rex
1631 1650 1840 1693 admirans
1873 1662 1896 1690 a

215 1737 390 1788 quatuor
412 1732 668 1788 philosophis
692 1729 1010 1786 sapientissimis
1032 1741 1197 1770 causam
1231 1727 1350 1780 hujus
1383 1724 1571 1780 quesivit.
1619 1722 1696 1772 Qui
1728 1721 1896 1775 inquam

145 1813 189 1847 20
214 1804 450 1861 philosophi
482 1808 576 1859 post
608 1816 749 1844 sanam
784 1800 1125 1843 deliberacionem
1161 1799 1212 1840 ad
1234 1803 1409 1852 quatuor
1433 1800 1572 1852 portas
1595 1793 1774 1836 civitatis
1803 1805 1897 1848 per-

215 1880 381 1930 gentes,
424 1875 596 1929 quilibet
633 1886 773 1915 eorum
805 1876 889 1914 tres
922 1885 1066 1914 causas
1099 1870 1249 1912 ibidem
1285 1868 1463 1924 scripsit.
1518 1866 1680 1908 Primus
1712 1863 1897 1919 scripsit:

216 1947 408 1990 Potentia
431 1950 493 1988 est
517 1945 699 1999 justicia,
733 1944 824 1986 ideo
848 1948 958 1985 terra
980 1943 1067 1984 sine
1089 1942 1196 1995 lege3
1231 1941 1317 1982 dies
1350 1944 1412 1982 est
1435 1952 1531 1991 noir,
1564 1937 1655 1979 ideo
1677 1940 1789 1978 terra
1810 1934 1898 1976 sine

217 2020 304 2070 via3
344 2018 441 2071 fuga
479 2022 541 2059 est
578 2030 736 2072 pugna,
778 2015 868 2057 ideo
909 2027 1079 2068 regnum
1117 2015 1204 2055 siue
1236 2012 1402 2054 honore.
1461 2008 1672 2052 Secundus
1711 2006 1897 2062 scripsit:

218 2089 332 2132 Unus
365 2093 429 2131 est
460 2088 559 2140 duc,
592 2088 684 2129 ideo
716 2100 886 2140 regnum
922 2086 1009 2128 sine
1041 2085 1234 2135 veritate3
1277 2083 1432 2125 amicus
1465 2085 1528 2124 est
1558 2078 1769 2131 inimicus,
1807 2076 1899 2119 ideo

150 2170 195 2205 25
219 2174 393 2215 regnum
436 2159 523 2201 sine
561 2159 778 2212 fidelitate,
818 2158 970 2200 malurn
1013 2162 1074 2199 est
1113 2156 1286 2208 bonum,
1328 2154 1418 2195 ideo
1458 2156 1570 2195 terra
1607 2151 1695 2193 sine
1735 2150 1899 2205 pietate.

221 2232 389 2275 Tercius
423 2231 609 2286 scripsit:
649 2230 772 2272 Racio
815 2229 937 2271 habet
975 2228 1210 2280 licenciam,
1250 2226 1341 2267 ideo
1382 2237 1554 2278 regnum
1594 2222 1681 2263 sine
1713 2221 1900 2271 nomine3

220 2304 289 2346 fur
328 2307 390 2345 est
429 2302 686 2357 propositus,
727 2302 818 2342 ideo
858 2313 1031 2354 regnum
1071 2299 1158 2340 sine
1191 2297 1395 2353 pecuniis3
1436 2293 1649 2337 corrobola
1687 2292 1776 2334 vult
1815 2304 1903 2333 esse

224 2374 377 2429 aquila,
408 2373 499 2415 ideo
532 2373 646 2414 nulla
678 2372 873 2414 discrecio
907 2372 950 2413 in
982 2370 1128 2425 patria.
1178 2368 1357 2419 Quartus
1391 2366 1576 2421 scripsit:
1611 2363 1810 2405 Voluntas
1842 2365 1905 2404 est

224 2445 505 2497 consiliarius,
548 2444 639 2486 ideo
672 2448 783 2485 terra
814 2443 921 2484 male
953 2442 1119 2493 colitur3
1153 2440 1345 2482 denarius
1379 2438 1449 2480 dat
1473 2436 1675 2492 judicium
1707 2448 1778 2477 seu
1810 2447 1903 2476 sen·
1948 2480 1949 2485 Ἰ

154 2525 198 2560 30
224 2518 416 2570 tenciam,
448 2515 539 2558 ideo
562 2520 673 2557 terra
694 2514 800 2556 male
821 2514 998 2567 regitur3
1033 2513 1130 2554 deus
1153 2516 1215 2554 est
1236 2515 1436 2564 mortuus,
1466 2509 1556 2550 ideo
1578 2510 1711 2549 totum
1732 2517 1904 2559 regnum
1948 2491 1949 2542 }

226 2587 510 2645 peccatoribus
543 2590 605 2628 est
635 2585 852 2641 repletum.

344 2657 578 2710 Carissimi,
626 2656 677 2698 ad
723 2656 1004 2711 propositum,
1053 2653 1296 2709 quandoque
1342 2656 1452 2694 terra
1498 2649 1655 2692 solebat
1699 2648 1787 2701 regi
1832 2660 1906 2702 per

221 2730 432 2785 justiciam
466 2727 690 2770 secundum
721 2727 831 2780 leges
864 2727 1025 2768 divinas
1065 2729 1105 2767 et
1141 2723 1397 2779 imperiales,
1436 2734 1544 2763 nunc
1582 2723 1719 2761 autem
1751 2718 1908 2772 regitur

229 2815 303 2856 per
347 2798 500 2854 [1196]
542 2798 786 2854 potenciam.
848 2797 957 2840 Nota
1001 2796 1233 2849 moraliter,
1281 2798 1322 2836 et
1361 2806 1502 2836 verum
1545 2794 1627 2844 est,
1675 2789 1772 2844 quia
1809 2788 1907 2831 olim

161 2882 206 2916 35
225 2872 394 2926 justicia
431 2871 622 2923 dictavit,
663 2869 771 2924 quod
809 2868 908 2910 deus
949 2872 1057 2910 esset
1095 2866 1324 2921 diligendus
1364 2877 1487 2919 super
1519 2861 1657 2904 omnia
1695 2864 1770 2902 etc.
1828 2857 1908 2901 Sed

231 2943 423 2998 potencia
453 2942 497 2983 in
527 2954 653 2995 regno
686 2940 821 2982 anime
853 2940 952 2981 vicit
982 2939 1202 2991 intantum,
1237 2937 1344 2991 quod
1375 2936 1497 2977 homo
1530 2947 1579 2975 ex
1612 2935 1724 2974 certa
1745 2929 1909 2972 malicia

233 3018 376 3056 contra
396 3012 710 3055 inclinacionem
732 3010 899 3066 proprie
918 3009 1153 3061 voluntatis,
1176 3022 1254 3063 que
1274 3006 1518 3050 naturaliter
1539 3004 1671 3057 magis
1688 3002 1909 3046 inclinatur
