1919 3131
894 34 946 76 21

76 135 147 177 45.
195 134 258 178 De
299 136 460 190 virgine
499 150 577 191 que
614 137 712 178 fecit
743 138 957 180 camisiam
990 138 1210 181 habentem
1245 141 1284 182 in
1317 140 1535 184 latitudine
1567 148 1608 184 et
1637 143 1769 196 longi-

72 348 143 390 46.

72 488 143 531 47.

71 629 141 672 48.

70 770 141 813 49.

70 911 141 955 50.

74 1054 144 1096 51.

70 1194 140 1237 52.

68 1336 142 1387 53.

68 1477 138 1520 54.

67 1619 137 1661 55.

67 1830 137 1872 56.

67 1970 137 2013 57.

67 2112 136 2156 58.

66 2254 135 2297 59.

67 2397 136 2439 60.

67 2537 136 2579 61.

61 2678 137 2720 62.

69 2818 138 2862 63.

193 205 336 249 tudine
376 210 538 248 tantum
578 210 663 249 tres
708 207 890 262 pollices.
953 209 1191 252 Anthonius
1231 212 1430 264 regnavit.
1494 212 1646 263 (llemd
1682 214 1767 256 drei

193 276 304 328 zoll.)
352 276 423 319 lat.
448 278 517 318 64.

191 346 255 389 De
286 347 454 389 domina
486 351 527 389 et
550 346 682 389 milite
706 351 745 390 et
767 348 927 392 falcone
950 353 990 391 et
1012 348 1134 392 rebus
1157 351 1470 406 temporalibus
1520 352 1766 409 Pompeyus.

191 417 368 470 (Falke.)
412 417 483 460 lat.
509 418 576 459 94.

191 488 255 531 De
293 488 426 531 tribus
465 488 686 542 generibus
726 493 766 531 et
806 503 887 531 uno
923 503 1029 545 pane
1061 494 1101 532 et
1133 490 1266 533 tribus
1299 493 1433 535 sociis.
1490 493 1610 549 Olym
1651 500 1769 537 erant

190 563 274 601 tres
307 559 420 601 socii.
470 558 778 611 (Traumbrod.)
825 559 896 601 lat.
924 561 1018 601 106.

189 628 252 672 De
284 643 413 685 puero
445 629 666 672 nutriendo
700 634 740 672 et
772 630 869 685 lupo
903 634 944 672 et
974 633 1154 685 pastore.
1204 631 1355 675 Lucius
1386 634 1587 687 regnavit.
1642 635 1766 686 (Kind

190 701 462 752 anvertraut.)
509 714 639 754 germ.
664 702 733 742 34.

189 769 253 814 De
283 771 458 814 muliere
490 770 679 813 adultera
710 775 750 812 et
784 771 943 824 virgine
977 771 1110 814 beata.
1160 773 1370 816 Adrianus
1399 775 1599 828 regnavit.
1649 775 1767 827 (Ker-

189 841 498 897 kergesprach.)
546 841 616 883 lat.
642 842 709 882 96.

188 911 252 955 De
283 916 461 967 quatuor
492 912 570 953 viis
604 915 644 954 et
676 912 762 953 vita
791 912 982 954 hominis.
1024 912 1163 956 Telius
1186 915 1228 956 in
1251 915 1420 958 civitate
1441 928 1544 957 rom.
1563 916 1766 970 regnavit.

190 983 343 1034 (Kreuz
375 983 453 1025 mit
484 982 761 1035 inschriften.)
808 983 880 1025 lat.
906 984 974 1025 65.

193 1052 257 1096 De
287 1053 406 1108 nigro
440 1067 544 1108 equo
578 1057 617 1095 et
651 1066 752 1095 cane
785 1058 825 1095 et
856 1054 1017 1098 falcone
1049 1059 1090 1097 et
1121 1069 1261 1098 cornu.
1311 1055 1541 1112 Symachus
1564 1058 1765 1111 regnavit.

189 1123 434 1175 (Schwarz.)
481 1137 610 1178 germ.
636 1125 704 1165 35.

188 1194 252 1237 De
291 1194 378 1236 filia
418 1196 527 1248 regis
569 1207 644 1250 pro
685 1208 767 1249 qua
805 1195 924 1237 miles
963 1197 1166 1250 pugnavit
1205 1202 1246 1239 et
1283 1198 1332 1240 de
1374 1198 1567 1253 passione
1600 1198 1765 1241 Christi.

188 1264 382 1308 Severius
414 1278 488 1307 rex
520 1266 722 1319 regnavit.
772 1264 948 1316 (Waffen
982 1267 1248 1321 aufhiingen.)
1295 1268 1367 1310 lat.
1392 1270 1460 1311 66.

187 1335 251 1378 De
283 1335 416 1378 milite
448 1340 489 1378 et
510 1336 688 1379 dracone
710 1336 828 1378 leone
852 1341 892 1379 et
913 1338 1031 1378 mari.
1074 1338 1310 1380 Anthonius
1333 1339 1535 1393 regnavit.
1576 1337 1767 1390 (Wiiste.)

187 1420 211 1449 a
274 1407 346 1448 .3.

186 1420 269 1520 Dpep
299 1476 451 1519 ancilla
497 1490 576 1531 que
622 1480 790 1519 cantum
839 1478 979 1520 avium
1027 1478 1244 1521 intellexit.
1308 1479 1520 1522 Adrianus
1563 1480 1765 1534 regnavit.

186 1547 383 1599 (Hahne.)
428 1547 500 1589 lat.
526 1548 595 1589 68.

186 1618 250 1661 De
287 1618 552 1674 carpentario
592 1621 633 1659 et
673 1618 847 1660 camisia
888 1623 929 1661 et
968 1631 1097 1661 uxore
1136 1632 1211 1661 sua
1242 1623 1357 1662 casta
1388 1624 1429 1662 et
1459 1620 1592 1663 tribus
1623 1620 1766 1663 militi-

187 1688 264 1731 bus
307 1689 377 1743 qui
419 1702 509 1731 eam
551 1688 826 1744 temptabant.
881 1688 1024 1731 Gallus
1063 1691 1265 1744 regnavit.
1319 1690 1766 1743 (Keuschheitshemd.)

185 1759 257 1802 lat.
282 1760 351 1802 69.

184 1829 248 1872 De
288 1830 506 1884 sagittario
547 1834 588 1872 et
625 1828 878 1884 phylomena
909 1838 951 1872 et
983 1831 1032 1873 de
1065 1835 1210 1874 sancta
1241 1832 1457 1875 Trinitate.
1516 1831 1765 1886 Sagittarius

185 1900 368 1955 quidam.
417 1900 536 1952 (Drei
568 1900 841 1952 weisheiten.)
888 1901 959 1943 lat.
987 1902 1083 1943 167.

185 1970 250 2014 De
280 1970 365 2013 filio
398 1971 468 2025 qui
500 1974 585 2013 tres
618 1971 772 2013 amicos
805 1971 848 2013 in
879 1972 1033 2014 mundo
1068 1972 1299 2027 acquisivit.
1349 1972 1525 2023 Quidam
1557 1986 1631 2016 rex
1662 1977 1762 2016 erat.

186 2041 577 2097 (Freundesprobe.)
621 2042 693 2084 lat.
721 2042 816 2083 129.

186 2112 249 2155 De
286 2112 481 2155 thesauro
523 2113 564 2154 in
603 2116 750 2155 trunco
782 2116 823 2155 et
853 2112 971 2155 fabro
1005 2114 1075 2168 qui
1107 2115 1247 2169 rapuit
1276 2118 1482 2157 truncum.
1537 2114 1642 2157 Erat
1675 2114 1763 2168 qui-
1816 2157 1822 2163 ,

185 2183 280 2226 dam
314 2196 476 2225 avarus.
526 2183 694 2234 (Schatz
727 2184 782 2226 im
817 2184 997 2235 haume.)
1044 2184 1116 2226 lat.
1143 2185 1238 2226 109.

184 2253 249 2296 De
288 2253 624 2296 buccinatoribus
666 2258 707 2296 et
744 2255 867 2296 unica
903 2257 1049 2297 morte.
1105 2254 1280 2305 Quidam
1321 2268 1394 2297 rex
1429 2258 1529 2297 erat.
1587 2254 1763 2306 (Todes-

183 2325 422 2380 trompete.)
467 2324 539 2366 lat.
566 2326 662 2366 143.

184 2395 248 2438 De
279 2395 351 2437 illo
383 2395 454 2450 qui
487 2395 596 2438 eruit
627 2395 766 2437 oculos
800 2398 845 2437 ut
872 2398 1037 2437 centum
1066 2395 1220 2438 solidos
1243 2395 1413 2438 haberet
1435 2409 1459 2438 a
1480 2409 1588 2449 rege.
1636 2394 1763 2445 Quin-

183 2466 299 2508 tillus
329 2466 531 2520 regnavit.
581 2466 685 2517 (100
715 2465 949 2519 groschen.)
994 2465 1065 2508 lat.
1091 2466 1158 2507 73.

184 2536 248 2579 De
286 2549 411 2579 aureo
451 2549 574 2592 pomo
608 2539 649 2578 et
680 2536 807 2578 stulto
840 2540 882 2578 et
912 2535 992 2579 fine
1024 2535 1218 2578 hominis.
1275 2536 1527 2579 Aurelianus
1559 2535 1759 2590 regnavit.

185 2606 506 2662 (Narrenapfel.)
552 2606 624 2648 lat.
650 2607 718 2648 74.

186 2677 249 2720 De
287 2677 447 2720 duobus
487 2677 661 2720 medicis
703 2690 877 2732 quorum
919 2690 1026 2719 unus
1067 2677 1194 2719 alium
1233 2677 1326 2719 odio
1366 2676 1521 2719 habuit.
1585 2676 1760 2727 Quidam

184 2761 259 2791 rex
291 2751 393 2791 erat.
442 2748 749 2802 (Ziegenauge.)
797 2747 869 2789 lat.
893 2748 962 2790 76.

184 2818 250 2862 De
280 2819 475 2874 passione
507 2819 677 2861 domini.
725 2818 911 2868 Quedam
943 2817 1090 2860 civitas
1123 2822 1224 2861 erat.
1271 2817 1451 2869 (Drache
1477 2816 1606 2860 durch
1627 2816 1759 2859 lowen

185 2889 395 2941 entfernt.)
443 2889 542 2931 200.
