1949 3162
127 449 148 483 5

106 804 148 837 10

106 1160 148 1195 15

974 49 1058 89 364

172 170 252 210 me,
285 155 515 208 maledicte,
557 159 602 197 tu
634 169 715 197 non
750 169 792 197 es
824 156 1065 210 imperator,
1107 155 1177 196 sed
1211 154 1396 196 diabolus
1429 155 1470 195 in
1501 155 1636 196 forma
1665 155 1856 198 hominis.

173 227 245 269 Ille
278 227 353 268 hoc
387 227 556 268 audiens
591 226 641 268 ad
673 230 825 268 terram
860 240 933 281 pre
966 225 1105 268 dolore
1137 226 1296 279 cecidit,
1330 226 1463 267 crines
1495 225 1642 281 capitis
1666 239 1712 268 ac
1733 226 1858 269 barbe

177 296 266 351 [46]
307 297 548 339 dilaceravit
587 301 627 339 et
665 298 789 339 dixit:
844 296 934 338 Heu
966 297 1104 350 michi,
1147 297 1243 351 quid
1282 297 1431 338 faciam
1472 298 1564 349 ego!
1605 296 1696 338 Hiis
1738 297 1858 340 dictis

174 368 411 410 recordatus
452 368 530 409 fuit
571 368 677 422 quod
718 369 757 409 111
798 371 931 409 stratu
971 382 1043 409 suo
1084 367 1310 409 exaltatum
1350 368 1428 410 fuit
1467 380 1536 409 cor
1573 368 1659 421 ejus
1699 367 1858 410 dicens:

173 439 302 480 Estne
335 439 435 480 deus
469 439 572 481 alter
604 443 742 494 preter
774 439 865 480 me?
915 438 1063 480 Statim
1099 439 1148 480 ad
1180 440 1402 480 fenestram
1438 439 1635 480 heremite
1668 439 1861 494 pulsabat

175 513 214 552 et
255 510 380 551 dixit:
428 510 584 552 Amore
623 511 747 563 illius,
791 510 859 563 qui
900 510 1098 565 pependit
1136 511 1176 551 in
1210 523 1349 563 cruce,
1389 510 1686 552 confessionem
1724 523 1859 552 meam

175 581 313 623 audite
343 581 526 623 fenestra
558 581 709 623 clausa.
758 581 815 622 At
846 580 934 622 ille:
977 580 1100 622 Michi
1134 581 1236 623 bene
1270 581 1414 636 placet.
1465 581 1541 631 Qui
1580 581 1629 622 de
1659 584 1747 623 tota
1775 581 1861 624 vita

174 666 249 694 sua
287 666 378 694 cum
419 652 601 694 lacrimis
643 656 705 694 est
743 651 954 693 confessus
994 656 1034 694 et
1074 652 1266 707 precipue
1309 652 1511 706 quomodo
1553 656 1697 694 contra
1737 652 1860 694 deum

174 737 216 765 se
250 724 394 777 erexit,
427 724 580 776 dicens,
616 723 723 777 quod
756 737 837 764 non
865 723 1040 765 credidit
1072 723 1197 764 alium
1230 723 1348 765 deum
1385 737 1474 765 esse
1506 736 1629 777 quam
1661 723 1857 778 seipsum.

172 794 300 836 Facta
340 795 596 836 confessione
637 799 676 837 et
718 794 980 836 absolucione
1014 794 1213 836 heremita
1252 795 1474 836 fenestram
1508 795 1594 848 ejus
1627 795 1790 850 aperuit
1821 799 1862 838 et

173 866 369 907 noticiam
410 866 495 920 ejus
535 866 713 908 habebat
752 870 791 907 et
823 867 901 907 ait:
949 865 1196 907 Benedictus
1237 866 1484 920 altissimus,
1517 866 1604 920 jam
1644 866 1740 908 novi
1774 879 1858 908 vos.

173 937 330 980 Paucas
364 941 498 979 vestes
531 938 596 979 1110
627 937 771 990 habeo,
806 937 952 985 induas
985 941 1025 978 te
1058 941 1098 978 et
1119 937 1171 978 ad
1201 936 1405 992 palacium
1440 951 1578 992 perge,
1612 940 1652 979 et
1672 941 1718 979 ut
1740 950 1860 993 spero

173 1010 369 1051 noticiam
409 1013 522 1051 tuam
566 1009 785 1050 habebunt.
843 1008 1072 1062 Imperator
1111 1008 1248 1049 induit
1288 1022 1352 1062 se,
1399 1008 1452 1050 ad
1491 1008 1695 1064 palacium
1739 1021 1859 1050 suum

174 1081 371 1136 perrexit,
412 1080 462 1121 ad
495 1081 666 1134 januam
701 1079 905 1134 pulsabat,
942 1079 1100 1132 janitor
1140 1079 1321 1121 hostium
1364 1080 1526 1135 aperuit
1558 1083 1599 1122 et
1629 1093 1723 1122 eum
1760 1079 1860 1121 satis

174 1152 396 1194 honorifice
429 1151 597 1206 recepit.
645 1151 703 1192 At
734 1151 823 1193 ille:
857 1150 1067 1204 Numquid
1098 1151 1293 1192 noticiam
1325 1165 1459 1193 meam
1490 1150 1640 1193 habes?
1673 1150 1750 1201 Qui
1783 1151 1859 1193 ait:

136 1264 138 1267 ,
173 1224 332 1276 Eciam,
366 1222 531 1264 domine
564 1222 809 1277 peroptime,
844 1222 914 1264 sed
945 1223 1127 1264 admiror
1160 1222 1266 1276 quod
1296 1236 1369 1277 per
1391 1226 1524 1264 totum
1547 1222 1653 1265 diem
1679 1222 1744 1264 hic
1765 1222 1861 1264 steti

104 1875 148 1909 25

106 2230 150 2263 30

107 2586 151 2620 35

175 1299 215 1337 et
245 1309 317 1336 vos
350 1294 463 1336 exire
494 1307 576 1334 non
610 1293 705 1334 vidi.
759 1293 827 1335 [lle
861 1307 955 1335 vero
989 1294 1123 1335 aulam
1158 1294 1341 1347 intravit,
1375 1307 1516 1336 omnes
1549 1307 1641 1336 eum
1675 1294 1860 1336 videntes

174 1367 312 1421 capita
356 1365 623 1407 inclinabant.
681 1365 800 1406 Alius
841 1366 1069 1420 imperator
1114 1369 1203 1407 erat
1248 1378 1339 1407 cum
1380 1365 1548 1408 domina
1593 1366 1636 1407 in
1683 1378 1859 1407 camera.

175 1437 349 1488 Quidam
389 1436 508 1477 miles
549 1437 690 1478 exiens
724 1437 773 1478 de
812 1450 977 1478 camera
1015 1451 1107 1479 eum
1139 1437 1283 1478 intime
1317 1438 1480 1492 aspexit
1513 1441 1553 1479 et
1584 1441 1679 1493 post
1713 1437 1789 1479 hec
1818 1437 1861 1478 in

175 1523 383 1551 cameram
417 1512 480 1550 est
512 1522 701 1550 reversus
726 1509 801 1550 ait:
850 1508 1027 1550 Domine
1050 1509 1121 1561 mi,
1155 1512 1217 1550 est
1239 1509 1405 1562 quidam
1428 1509 1470 1550 in
1494 1509 1600 1562 aula,
1633 1509 1697 1551 cui
1720 1521 1862 1550 omnes

174 1582 311 1636 capita
342 1580 545 1621 inclinant
577 1584 617 1621 et
650 1580 845 1621 honorem
877 1581 1048 1633 faciunt,
1083 1580 1151 1634 qui
1175 1580 1289 1621 vobis
1312 1581 1354 1621 in
1378 1581 1568 1622 omnibus
1591 1580 1860 1634 assimilatur,

173 1653 380 1694 intantum
414 1651 522 1705 quod
556 1652 646 1705 quis
671 1656 851 1694 vestrum
881 1656 942 1693 est
974 1652 1200 1707 imperator
1232 1652 1395 1706 penitus
1428 1653 1584 1704 ignoro.
1632 1652 1863 1708 Imperator

173 1724 242 1766 ille
284 1724 358 1765 hoc
398 1722 568 1764 audiens
610 1723 667 1764 ait
698 1723 973 1778 imperatrici:
1014 1723 1151 1764 Exeas
1193 1727 1232 1765 et
1270 1723 1424 1777 videas,
1466 1724 1500 1765 31
1540 1724 1626 1778 ejus
1665 1724 1860 1765 noticiam

173 1795 339 1837 habeas.
390 1794 461 1835 llle
492 1806 589 1835 vero
621 1794 731 1835 foras
765 1795 962 1849 perrexit,
1002 1798 1041 1836 et
1079 1808 1171 1836 cum
1205 1808 1298 1836 eum
1339 1795 1524 1848 vidisset,
1564 1795 1860 1849 admirabatur,

175 1866 316 1908 statim
355 1879 561 1907 cameram
601 1865 773 1906 intravit
811 1870 851 1907 et
890 1867 969 1908 ait:
1019 1866 1050 1907 O
1093 1866 1278 1920 domine,
1322 1866 1436 1908 vobis
1477 1880 1605 1908 unum
1644 1867 1859 1920 denuncio,

176 1938 284 1992 quod
325 1939 415 1992 quis
456 1941 638 1979 vestrum
679 1943 740 1979 est
779 1938 969 1980 dominus
1010 1951 1125 1979 meus
1165 1938 1329 1992 penitus
1361 1938 1518 1991 ignoro.
1567 1939 1624 1979 At
1653 1938 1744 1980 ille:
1795 1937 1861 1980 Ex

176 2023 254 2064 quo
288 2009 346 2050 310
379 2013 454 2062 631,
485 2009 586 2050 foris
620 2023 788 2064 pergam
823 2013 863 2051 et
897 2009 1113 2051 veritatem
1146 2009 1364 2051 excutiam.
1413 2008 1515 2050 Cum
1555 2013 1690 2051 autem
1723 2009 1860 2051 aulam

175 2081 383 2134 intrasset,
425 2094 517 2122 eum
561 2094 633 2135 per
673 2094 841 2122 manum
883 2081 993 2135 cepit
1033 2084 1072 2121 et
1104 2081 1228 2134 juxta
1267 2094 1359 2122 eum
1399 2084 1509 2122 stare
1547 2080 1657 2134 fecit,
1701 2081 1862 2123 vocavit

176 2165 318 2194 omnes
358 2151 516 2193 nobiles
554 2152 597 2192 in
637 2152 730 2193 aula
770 2153 994 2194 existentes
1036 2165 1128 2193 cum
1161 2152 1425 2207 imperatrice
1457 2155 1498 2194 et
1529 2152 1608 2194 ait:
1642 2152 1720 2194 Per
1745 2153 1860 2207 jura-

177 2227 381 2276 mentum,
422 2223 531 2277 quod
571 2223 694 2264 michi
733 2223 909 2277 fecistis,
952 2224 1097 2277 dicite,
1144 2224 1234 2278 quis
1272 2227 1457 2265 nostrum
1507 2227 1569 2265 est
1606 2224 1860 2279 imperator?

176 2295 421 2350 imperatrix
463 2295 598 2349 primo
630 2294 862 2349 respondit:
904 2295 1080 2337 Domine
1120 2296 1190 2348 mi,
1232 2295 1355 2336 michi
1394 2294 1595 2337 incumbit
1631 2295 1764 2350 primo
1796 2309 1860 2337 16-

176 2366 399 2421 spondere,
440 2367 557 2407 testis
599 2370 660 2406 est
699 2366 823 2407 michi
864 2366 962 2407 deus
996 2367 1037 2407 11]
1071 2366 1182 2419 06113,
1223 2367 1313 2421 quis
1354 2370 1535 2408 vestrum
1576 2370 1638 2408 est
1669 2366 1860 2408 dominus

176 2451 313 2490 meus,
354 2437 519 2492 penitus
558 2437 716 2490 ignoro.
777 2436 830 2478 Et
869 2438 926 2478 sic.
965 2451 1106 2479 omnes
1148 2437 1355 2479 dixerunt.
1404 2438 1461 2478 At
1499 2437 1586 2479 ille:
1631 2436 1859 2492 Carissimi,

176 2509 314 2550 audite
347 2510 432 2550 me!
474 2509 551 2549 iste
585 2508 704 2549 homo
738 2513 800 2550 est
831 2509 1058 2564 imperator
1089 2513 1225 2550 vester
1257 2514 1297 2550 et
1333 2509 1536 2550 dominus.
1585 2508 1689 2550 Nam
1723 2509 1859 2564 aliquo
1906 2562 1913 2566 N

176 2584 362 2635 tempore
402 2584 546 2621 contra
586 2580 705 2621 deum
750 2593 792 2621 se
834 2580 979 2633 erexit,
1022 2584 1192 2635 propter
1230 2580 1337 2634 quod
1375 2584 1587 2634 peccatum
1627 2580 1726 2622 deus
1767 2595 1860 2623 eum

176 2650 402 2704 flagellavit
434 2654 474 2692 et
505 2650 683 2692 hominis
716 2651 869 2692 noticia
902 2651 951 2693 ab
984 2665 1030 2693 eo
1064 2653 1252 2704 recessit,
1294 2665 1504 2705 quousque
1536 2651 1859 2694 satisfactionem

179 2722 252 2764 deo
284 2723 394 2775 fecit,
429 2735 501 2775 ego
535 2735 626 2763 sum
657 2721 783 2775 14136]
821 2723 990 2776 angelus
1013 2723 1100 2777 ejus
1124 2727 1261 2765 custos
1285 2724 1421 2764 anime
1453 2736 1525 2764 sue
1547 2724 1616 2777 qui
1639 2724 1860 2778 imperium

179 2794 381 2835 custodivi
415 2793 611 2848 quamdiu
642 2794 720 2834 fuit
750 2794 793 2834 in
826 2794 1072 2848 penitencia.
1125 2794 1218 2836 Jam
1260 2795 1346 2848 ejus
1386 2794 1618 2848 penitencia
1657 2799 1719 2837 est
1750 2808 1860 2836 eom-

179 2864 289 2918 pleta
323 2869 363 2906 et
396 2879 469 2920 pro
503 2865 682 2920 peccatis
715 2865 926 2918 satisfecit,
962 2866 1151 2907 ammodo
1185 2866 1221 2908 ei
1254 2866 1343 2907 sitis
1372 2866 1622 2920 obedientes,
1656 2866 1707 2908 ad
1738 2866 1858 2908 deum

181 2949 250 2976 vos
283 2936 592 2987 recommendo
633 2936 773 2977 statim
814 2937 863 2978 ab
903 2937 1030 2978 oculis
1063 2951 1203 2979 eorum
1237 2937 1455 2992 disparuit.
1503 2937 1731 2993 Imperator
1764 2951 1859 2980 vero
