1949 3162
997 78 1080 119 398

195 188 454 227 accesserunt
486 188 526 225 et
557 183 783 238 hospicium
819 197 892 238 pro
916 183 979 225 dei
1003 197 1141 224 amore
1172 183 1388 238 petebant3
1421 183 1490 225 ille
1513 197 1608 225 vero
1632 184 1875 239 simpliciter

195 257 253 298 eis
287 255 464 308 negavit.
513 255 585 295 Ait
617 255 785 307 angelus
818 254 904 296 dei:
940 255 1093 296 Amore
1126 253 1190 295 dei
1224 254 1369 295 saltem
1404 258 1554 296 tectum
1589 255 1735 296 domus
1757 255 1875 298 nobis

194 325 448 377 concedatis,
488 339 538 367 ne
570 325 657 380 lupi
691 329 762 367 aut
794 325 900 367 male
932 325 1061 367 bestie
1094 325 1160 367 hic
1191 338 1264 366 nos
1297 325 1506 367 devorent.
1556 325 1626 367 Ille
1660 327 1735 368 ait:
1769 325 1876 369 Ecce

195 397 353 449 domus,
386 396 457 438 ubi
487 397 601 451 porci
634 396 714 438 mei
741 397 900 450 jacent;
935 396 969 438 si
1003 396 1137 451 placet
1169 395 1298 448 vobis,
1331 409 1421 437 cum
1447 396 1504 438 eis
1521 396 1659 450 jacere
1684 398 1874 451 potestis3

195 468 257 509 sin
290 472 448 521 autem,
486 467 709 520 recedatis,
747 468 842 521 quia
875 467 998 509 alium
1031 467 1167 509 locum
1206 465 1320 507 vobis
1352 480 1434 507 non
1467 467 1584 509 dabo.
1633 468 1706 509 Ait
1737 467 1772 510 ei
1806 481 1877 510 an-

148 546 169 580 5
194 539 329 593 gelus:
372 538 415 580 Si
457 538 566 580 aliud
606 552 687 580 non
728 542 864 593 potest
904 538 1013 591 fieri,
1055 551 1148 580 cum
1188 538 1322 592 porcis
1358 539 1503 580 vestris
1531 539 1775 592 jacebimus.
1823 538 1879 581 Et

195 610 253 651 sic
283 610 435 651 factum
471 613 545 651 est.
593 609 714 651 Mane
755 624 850 651 vero
883 613 1174 661 surrexerunt,
1208 609 1376 661 angelus
1409 609 1612 664 hospitem
1648 609 1808 651 vocavit
1839 613 1880 652 et

195 682 271 722 ait:
305 681 540 733 Carissime,
574 681 624 722 do
656 681 730 722 tibi
763 680 927 735 ciphum
962 681 1100 722 istum.
1150 680 1204 722 Et
1235 680 1348 722 dedit
1379 680 1414 721 ei
1448 680 1628 735 ciphum,
1663 694 1783 734 quem
1815 680 1878 722 fu-

194 756 309 794 ratus
341 753 476 794 fuerat
508 751 558 793 ab
591 751 660 792 illo
693 752 793 793 cive.
842 751 1055 793 Heremita
1087 752 1162 793 hoc
1196 752 1338 793 videns
1363 751 1420 792 ait
1442 751 1551 792 intra
1574 765 1637 793 se:
1669 751 1763 793 Jam
1787 765 1877 793 sum

195 826 409 878 expertus,
444 823 552 877 quod
584 823 662 864 iste
695 826 757 864 est
788 823 994 874 diabolus3
1037 823 1167 865 bonus
1200 823 1321 864 homo
1358 820 1501 876 [erat],
1539 822 1608 876 qui
1641 836 1731 864 cum
1767 821 1878 864 omni

128 901 170 934 10
196 894 415 936 devocione
448 908 522 935 nos
554 894 721 948 recepit,
756 897 796 935 et
826 894 984 935 furatus
1018 898 1081 936 est
1112 895 1147 936 ei
1181 895 1346 950 ciphum
1380 898 1421 935 et
1452 893 1566 936 dedit
1594 894 1663 935 isti
1686 894 1878 949 pessimo,

197 966 265 1020 qui
316 966 482 1019 negavit
521 965 637 1006 uobis
685 965 927 1020 hospicium.
985 965 1056 1006 Ait
1097 966 1261 1019 angelo:
1303 965 1407 1006 Nolo
1449 964 1660 1006 vobiscum
1702 965 1879 1019 amplius

196 1041 460 1092 exspectare3
496 1036 546 1077 ad
577 1036 696 1077 deum
732 1050 803 1077 vos
836 1036 1136 1078 recommendo.
1186 1036 1369 1090 Angelus
1402 1036 1507 1078 dixit
1539 1037 1596 1078 ei:
1632 1037 1784 1078 Audite
1814 1050 1880 1078 me

197 1113 237 1150 et
268 1112 365 1149 tunc
396 1107 593 1149 recedite!
627 1106 780 1160 prime,
814 1107 977 1161 quando
1011 1121 1101 1149 eras
1135 1108 1175 1149 in
1210 1107 1488 1160 heremitario,
1521 1107 1711 1149 dominus
1741 1108 1876 1150 ovium

198 1184 405 1234 pastorem
445 1179 596 1233 injuste
639 1178 801 1220 occidit.
852 1178 986 1226 Scias.
1028 1179 1135 1232 quod
1175 1183 1316 1234 pastor
1355 1179 1423 1221 ille
1464 1193 1537 1234 pro
1576 1184 1674 1221 tunc
1705 1183 1879 1221 mortem

130 1258 171 1291 15
197 1264 277 1292 non
309 1250 481 1302 meruit,
523 1249 593 1291 sed
627 1249 728 1291 alias
761 1250 988 1302 commisit,
1032 1264 1158 1304 quare
1189 1251 1293 1292 mori
1327 1250 1512 1301 deberet3
1553 1254 1651 1292 tunc
1682 1251 1881 1306 temporis

197 1322 388 1363 inventus
421 1326 484 1363 est
515 1322 602 1363 sine
636 1325 822 1376 peccato3
857 1322 956 1363 deus
989 1335 1084 1375 ergo
1117 1322 1307 1377 permisit
1338 1335 1428 1363 eum
1464 1322 1616 1375 occidi,
1655 1326 1700 1363 ut
1730 1335 1879 1377 penam

197 1397 292 1448 post
330 1396 503 1434 mortem
546 1393 738 1434 evaderet
777 1396 946 1447 propter
988 1396 1223 1447 peccatum,
1265 1393 1372 1446 quod
1412 1393 1513 1435 alias
1542 1393 1772 1446 commisit,
1805 1406 1879 1448 pro

198 1478 276 1518 quo
308 1478 533 1518 numquam
566 1464 842 1519 penitenciam
875 1464 1040 1506 faceret.
1088 1464 1214 1505 Latro
1248 1478 1343 1506 vero
1376 1465 1444 1519 qui
1468 1465 1599 1507 evasit
1620 1477 1711 1506 cum
1735 1463 1879 1506 ovibus

198 1549 346 1590 penam
388 1539 573 1577 eternam
615 1536 855 1587 sustinebit,
897 1539 937 1577 et
977 1535 1167 1576 dominus
1209 1536 1346 1577 ovium
1389 1536 1457 1590 qui
1490 1540 1699 1591 pastorem
1733 1535 1882 1577 occidit

128 1615 172 1648 20
198 1607 323 1648 vitam
359 1620 474 1648 suam
514 1607 750 1649 emendabit
790 1621 863 1661 per
894 1606 1031 1660 largas
1071 1605 1315 1648 elemosinas
1355 1610 1395 1648 et
1427 1620 1553 1661 opera
1584 1606 1879 1659 misericordie,

198 1691 274 1732 que
307 1678 545 1731 ignoranter
576 1678 685 1720 fecit.
735 1678 911 1720 Demum
945 1677 1075 1718 filium
1097 1677 1206 1719 illius
1229 1678 1374 1719 militis
1398 1678 1447 1720 de
1469 1682 1587 1720 nocte
1610 1677 1878 1731 strangulavi,

197 1749 265 1803 qui
305 1749 422 1791 nobis
464 1749 614 1791 bonum
656 1749 885 1804 hospicium
926 1749 1051 1790 dedit.
1102 1748 1238 1801 Scias,
1282 1749 1390 1803 quod
1424 1753 1645 1803 antequam
1678 1762 1780 1804 puer
1811 1748 1880 1790 ille

196 1824 317 1862 natus
357 1825 465 1873 erat,
507 1821 625 1863 miles
666 1821 846 1876 optimus
888 1820 1200 1862 elemosinarius
1234 1819 1358 1875 [64b]
1402 1824 1490 1862 erat
1522 1825 1562 1862 et
1594 1820 1723 1862 multa
1756 1833 1882 1876 opera

198 1892 479 1933 misericordie
510 1892 626 1944 fecit,
669 1892 740 1933 sed
777 1897 996 1947 postquam
1037 1895 1157 1933 natus
1191 1896 1253 1933 est
1294 1905 1418 1947 puer,
1457 1892 1590 1934 factus
1623 1896 1686 1934 est
1716 1905 1879 1947 parcus,

127 1970 172 2005 25
197 1963 370 2018 cupidus
410 1967 451 2004 et
489 1963 626 2004 omnia
662 1963 844 2016 collegit,
885 1967 930 2004 ut
963 1977 1135 2018 puerum
1173 1963 1340 2005 divitem
1374 1964 1517 2017 faciat,
1562 1963 1620 2005 sic
1652 1963 1760 2018 quod
1792 1967 1882 2005 erat

198 2047 323 2077 causa
361 2034 605 2089 perditionis
645 2035 752 2088 ejus,
793 2038 833 2076 et
871 2035 961 2076 ideo
995 2049 1169 2090 puerum
1209 2034 1358 2087 occidi,
1399 2038 1440 2076 et
1464 2035 1574 2088 jam,
1614 2035 1721 2077 sicut
1751 2035 1879 2090 prius,

198 2105 316 2147 miles
356 2105 488 2147 sactus
529 2109 592 2147 est
630 2105 760 2147 bonus
799 2106 1060 2147 christianus.
1110 2106 1268 2148 Deinde
1308 2105 1474 2161 ciphum
1513 2105 1623 2147 illius
1656 2105 1777 2159 civis,
1812 2105 1881 2159 qui

197 2190 271 2218 nos
305 2189 398 2218 cum
430 2176 651 2219 devocione
684 2177 851 2232 recepit,
883 2177 1044 2219 furatus
1076 2177 1155 2227 fui3
1190 2177 1295 2219 scias
1328 2181 1386 2230 tu,
1419 2177 1526 2231 quod
1560 2181 1779 2231 antequam
1803 2176 1880 2218 sci-

198 2247 303 2302 phus
335 2247 404 2289 ille
437 2251 525 2289 erat
556 2248 794 2301 fabricatus,
830 2261 911 2289 non
935 2252 1024 2290 erat
1045 2248 1204 2290 sobrior
1226 2262 1272 2290 eo
1294 2249 1337 2290 in
1358 2251 1446 2290 tota
1467 2252 1592 2301 terra,
1626 2248 1696 2290 sed
1718 2250 1878 2289 tantum

129 2328 173 2361 30
199 2319 249 2360 de
280 2319 401 2373 cipho
433 2318 638 2372 gaudebat
669 2323 764 2374 post
794 2319 1128 2371 fabricationem,
1170 2319 1277 2373 quod
1316 2320 1427 2361 omni
1461 2319 1526 2361 die
1557 2323 1718 2361 tantum
1751 2319 1802 2361 de
1834 2331 1880 2360 eo

201 2390 385 2443 bibebat,
426 2389 532 2444 quod
574 2390 636 2431 bis
669 2395 739 2432 aut
768 2393 831 2431 ter
869 2391 980 2432 omni
1013 2390 1077 2432 die
1113 2391 1192 2432 fuit
1229 2391 1476 2444 inebriatus,
1518 2394 1559 2433 et
1588 2390 1680 2432 ideo
1715 2390 1894 2445 ciphum,

200 2461 351 2503 abstuli
383 2464 424 2502 et
453 2461 585 2502 factus
619 2465 681 2502 est
712 2461 873 2503 sobrius
906 2462 1012 2503 sicut
1042 2462 1170 2516 prius.
1220 2462 1378 2504 Deinde
1411 2475 1633 2517 pauperem
1667 2462 1709 2503 in
1732 2474 1881 2515 aquam

199 2532 372 2587 projeci3
407 2532 526 2584 scias,
560 2532 668 2586 quod
702 2546 859 2587 pauper
890 2532 967 2574 iste
1001 2533 1130 2574 bonus
1163 2533 1412 2575 christianus
1443 2533 1534 2585 fuit,
1567 2533 1638 2574 sed
1671 2533 1705 2574 si
1737 2532 1789 2574 ad
1820 2532 1907 2575 di»

200 2603 372 2644 midium
405 2603 566 2644 miliare
599 2603 869 2656 ambulasset,
912 2603 1037 2645 alium
1070 2604 1111 2645 in
1146 2609 1311 2659 peccato
1343 2604 1508 2645 mortali
1541 2603 1778 2656 occidisset,
1810 2602 1882 2644 sed

130 2681 175 2715 35
194 2674 281 2727 jam
322 2677 384 2715 est
423 2673 605 2715 salvatus
645 2678 684 2715 et
722 2678 869 2727 regnat
908 2674 951 2715 in
990 2674 1130 2716 celesti
1170 2675 1312 2727 gloria.
1366 2674 1526 2716 Deinde
1566 2674 1732 2729 ciphum
1772 2673 1881 2714 illius

201 2745 301 2786 civis
335 2744 427 2786 dedi
460 2744 534 2797 illi,
568 2745 636 2798 qui
670 2744 786 2786 nobis
808 2745 1038 2800 hospicium
1060 2746 1245 2798 negavit3
1279 2745 1398 2798 scias,
1432 2745 1538 2799 quod
1562 2745 1685 2787 nichil
1707 2745 1884 2786 interra

201 2814 247 2857 fit
277 2816 364 2857 sine
396 2829 538 2867 causa3
572 2815 660 2870 ipse
692 2815 809 2857 nobis
842 2817 1043 2859 concessit
1075 2816 1241 2857 domum
1269 2829 1486 2871 porcorum
1521 2821 1562 2858 et
1590 2816 1683 2858 ideo
1715 2815 1881 2871 ciphum

202 2886 239 2928 ei
271 2886 383 2939 dedi,
425 2890 466 2928 et
498 2890 591 2941 post
621 2886 749 2927 vitam
783 2887 904 2928 istam
946 2888 988 2929 in
1020 2888 1180 2929 inferno
1213 2887 1413 2940 regnabit.
1460 2887 1573 2929 Pone
1605 2900 1701 2940 ergo
1734 2885 1881 2928 amodo

296 2968 339 3001 26
366 2966 493 3011 occidi]
522 2973 606 3013 oriq.
626 2966 768 3002 occidit.
