1954 3137
199 184 263 225 11.

202 469 266 509 13.

203 610 268 651 14.

203 752 268 794 15.

205 897 270 938 16.

206 1040 271 1080 17.

207 1182 272 1222 18.

211 1324 274 1366 19.

210 1468 277 1509 20.

212 1610 279 1652 21.

213 1754 267 1794 22

215 1896 282 1938 23.

216 2039 284 2080 24.

218 2181 285 2223 25.

219 2325 287 2366 26.

220 2468 289 2509 27.

222 2610 289 2651 28.

227 2894 294 2935 30.

1007 74 1062 115 74

312 183 374 226 De
406 186 576 238 optenta
607 180 892 224 misericordia
921 184 995 222 ete.
1043 178 1239 220 Narravit
1259 177 1462 221 Eusebius
1485 179 1527 220 in
1549 178 1735 221 cronicis.
1780 176 1876 234 (Co-

312 252 478 308 riolan.)
523 254 593 296 lat.
622 254 716 294 137.

313 326 376 367 De
407 325 624 381 peregrino
654 327 694 366 et
715 327 904 379 tyranno.
945 321 1129 372 Quedam
1150 320 1299 363 nobilis
1321 321 1446 363 vidua
1468 320 1719 376 paciebatur.
1757 317 1877 375 (Stab

315 397 397 438 und
432 396 603 450 tasche.)
648 395 718 437 lat.
743 395 811 436 25.
1508 427 1513 431 .

316 468 378 509 De
411 481 507 520 rege
540 470 581 509 et
613 466 858 509 senescalco.
908 465 1111 506 Narratur
1143 463 1250 518 quod
1279 463 1444 517 quidam
1468 464 1694 519 imperator
1715 461 1876 505 nobilis.

316 537 641 584 (lx'aisertoehter
675 538 755 579 und
789 534 1032 585 seneschal.)
1078 549 1203 588 germ.
1232 536 1296 576 11.

317 610 378 651 De
411 610 551 664 iniquo
579 609 718 662 judice
751 612 791 650 et
806 608 975 662 judicio.
1023 607 1127 648 Erat
1148 606 1313 661 quidam
1336 606 1575 661 imperator.
1622 601 1881 660 (Sohinden.)

316 681 386 722 lat.
412 681 479 721 ⁶25).

318 751 380 794 De
426 751 650 794 honoribus
698 750 880 791 victoriis
929 752 969 791 et
1016 748 1229 790 molestiis.
1291 747 1395 789 Erat
1434 747 1600 802 quidam
1642 747 1880 803 imperator.

320 822 573 879 (Triumph.)
617 823 688 864 lat.
713 823 781 863 30.

320 895 382 937 De
413 898 547 936 morte
580 893 823 935 Allexandri
856 891 977 945 regis.
1027 890 1089 933 De
1122 893 1254 932 morte
1286 890 1515 932 allexandri
1547 903 1637 932 cum
1671 888 1885 945 sepultura

321 967 420 1021 ejus.
469 964 746 1020 (Alexanders
778 960 1031 1017 begri'rbnis.)
1077 961 1148 1004 lat.
1173 963 1241 1004 31.

321 1037 382 1080 De
424 1038 570 1080 arbore
611 1041 651 1078 et
682 1035 880 1077 uxoribus
913 1034 1136 1089 suspensis.
1192 1034 1334 1076 Refert
1364 1033 1542 1085 valerius
1576 1031 1684 1087 quod
1717 1029 1884 1086 quidam

323 1123 461 1151 senex.
511 1105 834 1161 (Hangebaum.)
878 1105 950 1147 lat.
975 1106 1043 1146 33.

322 1180 384 1223 De
424 1194 520 1234 1686
561 1184 600 1222 61
640 1179 796 1221 duobus
836 1177 944 1219 filiis.
998 1176 1170 1232 Pipinus
1207 1176 1248 1218 in
1282 1176 1449 1218 civitate
1480 1187 1652 1217 romana
1682 1172 1884 1227 regnavit.

322 1251 551 1306 (Stiefkind
584 1251 666 1293 und
699 1247 870 1303 6181163.)
920 1248 991 1290 lat.
1018 1248 1113 1289 116.

323 1323 386 1365 De
419 1323 583 1377 diogine
616 1326 656 1364 et
689 1320 940 1364 allexandro.
989 1319 1129 1361 Refert
1158 1318 1358 1360 Saturnus
1383 1317 1490 1373 quod
1513 1317 1722 1373 dyogines.
1769 1313 1888 1370 (Dio-

326 1408 449 1448 genes
483 1395 565 1435 und
597 1390 865 1447 Alexander.)
910 1405 1037 1445 germ.
1065 1390 1130 1432 15.

327 1467 390 1509 De
430 1465 630 1507 sacrificio
671 1468 711 1506 et
751 1463 975 1505 alexandro
1017 1466 1056 1504 et
1088 1475 1227 1518 puero.
1282 1461 1423 1504 Refert
1454 1459 1631 1503 valerius
1664 1458 1773 1516 quod
1803 1458 1893 1513 qui-

328 1538 421 1580 dam
455 1551 570 1593 puer.
618 1532 799 1589 (Kohle.)
846 1547 973 1587 germ.
1002 1535 1066 1575 16.

329 1609 391 1651 De
423 1609 568 1651 arbore
600 1608 753 1650 infecta
783 1608 822 1648 et
844 1605 1002 1658 virgine
1024 1605 1157 1647 beata.
1199 1603 1314 1646 Siout
1337 1604 1394 1646 ait
1415 1603 1622 1660 palimius.
1663 1598 1894 1658 (Theriak.)

329 1695 457 1735 germ.
485 1681 550 1721 17.

273 1786 281 1794 .
330 1752 392 1794 De
434 1751 626 1807 ymagine
669 1754 708 1792 et
746 1761 872 1802 regno
912 1748 1055 1789 mundi
1089 1751 1163 1790 ete.
1219 1747 1359 1789 Refert
1390 1745 1578 1788 Valerius
1610 1743 1891 1801 philosophus.

330 1823 502 1877 (Virgils
535 1820 652 1875 hild.)
700 1834 826 1875 germ.
854 1820 918 1860 is.

331 1895 393 1937 De
426 1894 593 1936 domina
626 1892 859 1934 adulterata
891 1894 931 1932 et
962 1890 1203 1932 austeritate
1235 1889 1378 1945 patris.
1431 1889 1536 1931 Erat
1566 1888 1733 1943 quidam
1764 1886 1895 1942 impe-

331 1969 458 2008 rator.
507 1964 637 2019 (Sohn
669 1963 801 2005 todtet
831 1965 985 2004 mutter
1015 1960 1162 2016 1116111.)
1207 1961 1278 2004 lat.
1306 1962 1400 2003 100.

334 2036 546 2087 Quomodo
586 2049 699 2077 rome
738 2037 962 2090 patuerunt
999 2033 1187 2088 hyanoia.
1251 2033 1296 2074 In
1329 2032 1465 2075 medio
1496 2044 1623 2074 rome.
1678 2025 1896 2085 (Curtius.)

330 2108 402 2151 lat.
425 2109 494 2149 43.

335 2180 397 2222 De
425 2179 564 2235 puella
592 2182 632 2220 et
652 2177 910 2233 pedissequa.
958 2175 1061 2218 Erat
1082 2176 1247 2231 quidam
1270 2175 1509 2231 imperator.
1557 2170 1896 2228 (Kaisertochter,

335 2248 519 2307 pallast.)
565 2263 692 2304 germ.
717 2249 785 2289 22.

336 2323 398 2364 De
431 2322 574 2376 regina
597 2334 673 2375 que
695 2323 780 2361 tres
802 2318 945 2361 habuit
965 2317 1084 2360 filios.
1133 2318 1306 2368 Quidam
1330 2331 1403 2360 rex
1424 2316 1587 2359 nobilis.
1635 2310 1898 2370 (Schiessen.)

336 2394 407 2436 lat.
430 2395 502 2435 45.

338 2466 400 2508 De
439 2465 530 2506 fure
570 2466 610 2505 et
639 2475 768 2504 uxore
800 2465 840 2503 et
871 2461 1032 2517 hospite
1064 2460 1274 2515 vigilante.
1330 2459 1503 2510 Quidam
1535 2459 1602 2501 fur
1633 2458 1685 2500 ad
1716 2457 1896 2500 domum.

339 2532 648 2588 (Mondstrahl.)
692 2533 764 2575 lat.
792 2534 886 2574 136.
1898 2568 1906 2572 .

337 2609 400 2650 De
440 2610 615 2662 quatuor
654 2605 864 2647 heremitis
905 2607 980 2646 ete.
1038 2603 1210 2657 Legitur
1249 2602 1291 2644 in
1332 2602 1436 2644 vitas
1476 2603 1654 2656 patrum.
1710 2597 1899 2654 (Grosste

339 2676 524 2733 111861111.)
570 2690 664 2732 app.
692 2678 728 2717 1.

341 2750 403 2792 De
442 2749 572 2790 milite
613 2748 682 2802 qui
721 2747 832 2789 venit
870 2747 971 2788 semi
1003 2746 1218 2789 ambulans
1251 2749 1325 2788 eto.
1381 2743 1556 2794 Quidam
1587 2741 1718 2784 miles.
1774 2738 1899 2796 (Halb

341 2818 550 2874 861111611.)
594 2819 666 2861 lat.
693 2819 787 2860 124.
1953 2857 1954 2861 Ἰ

343 2892 404 2934 De
436 2891 567 2932 tribus
599 2889 763 2943 regibus
796 2889 865 2942 qui
895 2902 1067 2931 munera
1089 2887 1336 2930 obtulerunt.
1383 2885 1471 2928 Rex
1492 2885 1726 2927 Dariorum.
1774 2879 1898 2938 (Heil.
1953 2876 1954 2893 ’

341 2962 429 3005 drei
459 2959 641 3015 konige.)
686 2961 756 3002 lat.
780 2961 849 3001 47.
