1949 3162
971 65 1057 107 482

171 174 213 215 in
255 173 387 215 Adam
429 177 468 215 et
506 186 599 215 eum
641 173 853 215 dominum
894 171 1036 213 mundi
1076 171 1301 213 constituit.
1357 170 1532 212 Psalm.:
1575 171 1724 213 Omnia
1762 171 1857 214 sub-

166 245 304 299 jecisti
361 244 436 286 sub
481 243 655 299 pedibus
708 245 795 298 ejus
842 247 917 285 etc.
982 242 1098 284 Illam
1139 243 1453 297 impressionem
1494 243 1520 284 i.
1552 256 1586 284 e.
1633 243 1857 296 imaginem

171 316 285 358 dedit
315 315 492 369 diabolo,
526 315 688 370 quando
722 315 756 357 ei
792 314 993 366 obedivit,
1032 318 1073 356 et
1105 313 1179 355 hoc
1211 327 1300 355 cum
1337 313 1503 368 pollice,
1536 317 1754 369 postquam
1788 314 1858 357 de-

170 387 334 429 functus
375 389 475 429 erat.
538 385 680 428 Pollex
720 386 873 428 claudit
911 388 1039 427 totam
1087 398 1277 437 manum3
1327 384 1474 439 pollice
1521 385 1672 427 amisso
1710 399 1857 435 manus

124 465 145 499 5
171 459 279 500 vires
313 457 479 500 amittit.
529 456 607 499 Per
639 457 829 513 pollicem
863 456 1058 499 debemus
1081 456 1314 510 intelligere
1346 456 1568 509 racionem,
1602 469 1723 510 quam
1757 456 1857 499 deus

171 529 328 571 homini
360 529 486 582 dedit,
519 532 564 570 ut
585 528 737 571 bonum
761 528 887 582 eligat
912 533 952 569 et
972 527 1128 569 malum
1151 531 1340 582 respuat3
1377 527 1483 569 unde
1517 527 1714 582 quamdiu
1736 527 1857 569 homo

170 601 336 643 racione
357 600 514 653 regitur
547 603 587 642 et
617 600 728 642 racio
751 600 793 641 in
816 613 862 641 eo
895 599 1144 651 dominatur,
1178 599 1337 640 tamdiu
1369 599 1522 653 poterit
1550 598 1652 640 bene
1675 598 1858 653 seipsum

171 675 212 713 et
244 670 346 713 alios
378 685 541 724 regere3
576 671 647 713 sed
681 671 749 725 qui
781 675 893 713 caret
919 670 1097 722 racione,
1132 673 1244 711 caret
1275 670 1426 711 virtute
1449 674 1490 711 et
1510 669 1752 711 fortitudine
1774 670 1859 724 spi—

170 742 324 784 rituali.
384 743 518 784 Adam
552 755 648 784 vero
681 742 840 797 primus
873 755 1022 796 parens
1055 741 1233 783 habebat
1265 741 1485 782 scienciam
1519 754 1543 782 a
1575 741 1649 783 deo
1680 741 1857 782 infusam

101 821 145 856 10
171 814 280 855 ultra
319 827 460 855 omnes
501 818 732 867 creaturas,
780 814 838 855 ita
880 812 988 867 quod
1030 826 1171 854 omnes
1211 815 1397 854 creature
1443 816 1537 854 ante
1570 817 1782 867 peccatum
1822 812 1858 854 ei

171 884 437 937 obediebant3
480 885 555 926 hoc
593 899 675 927 non
715 885 904 927 obstante
944 884 1122 925 scienter
1160 896 1252 925 cum
1292 883 1440 938 pollice
1479 884 1657 925 racionis
1699 883 1860 925 adhesit

171 956 347 1009 diabolo,
381 969 471 998 cum
506 956 692 998 diabolus
726 957 761 998 ei
795 956 978 998 dixerat:
1012 955 1103 996 Non
1136 955 1390 1007 moriemini:
1424 955 1495 997 sed
1526 955 1561 996 si
1582 955 1857 1008 comederitis,

171 1028 286 1071 eritis
320 1028 426 1070 sicut
448 1028 505 1069 dii
528 1028 703 1070 scientes
727 1027 879 1069 bonum
903 1030 943 1068 et
974 1026 1142 1067 malum.
1195 1024 1312 1080 [110]
1349 1025 1550 1068 Diabolus
1573 1039 1663 1067 cum
1689 1026 1860 1068 vidisset

171 1113 261 1141 eum
297 1100 356 1141 sic
388 1099 599 1140 seductum
635 1103 675 1140 et
696 1098 925 1141 hereditate
947 1097 1086 1139 celesti
1110 1097 1332 1152 privatum,
1366 1098 1530 1140 volebat
1551 1097 1678 1139 filium
1703 1097 1860 1139 scilicet

103 1178 144 1212 15
170 1175 301 1213 totum
335 1183 464 1224 genus
497 1170 720 1212 humanum
757 1169 994 1220 excludere3
1034 1168 1106 1210 sed
1139 1168 1282 1220 homo,
1321 1169 1354 1210 si
1386 1172 1530 1210 cautus
1561 1169 1705 1222 fuerit,
1738 1168 1859 1211 debet

171 1243 223 1285 ad
254 1256 393 1296 regem
426 1241 619 1284 celestem
654 1241 867 1293 accedere,
901 1245 947 1282 ut
978 1239 1213 1295 patriarche
1246 1243 1286 1281 et
1318 1239 1518 1295 prophete
1549 1240 1754 1293 fecerunt,
1788 1239 1858 1294 qui

171 1314 454 1356 clamaverunt
487 1313 537 1354 ad
570 1313 691 1354 deum
725 1326 799 1367 pro
831 1311 1033 1354 remedio:
1074 1310 1106 1353 O
1140 1311 1304 1352 domine
1343 1311 1443 1353 deus
1474 1311 1678 1353 Emanuel
1712 1324 1787 1353 rex
1819 1314 1860 1352 et

170 1385 315 1439 legifer
353 1388 494 1426 noster
526 1384 786 1439 exspectacio
827 1383 1017 1437 gencium
1058 1387 1098 1424 et
1138 1382 1319 1424 salvator
1360 1396 1521 1435 earum,
1561 1383 1655 1424 veni
1695 1381 1746 1423 ad
1778 1381 1859 1423 sal-

171 1457 350 1499 vandum
383 1469 478 1509 nos,
512 1455 677 1497 domine
710 1455 809 1497 deus
842 1456 1001 1496 noster!
1049 1453 1129 1496 Sed
1162 1454 1348 1496 diabolus
1381 1454 1574 1509 producit
1604 1467 1743 1496 secum
1774 1458 1858 1496 tres

100 1536 146 1570 20
170 1533 320 1581 testes,
370 1527 527 1569 scilicet
574 1526 810 1582 superbiam
858 1527 961 1579 vite,
1016 1526 1397 1580 concupiscenciam
1444 1525 1580 1567 carnis
1627 1528 1668 1567 et
1712 1537 1860 1567 concu-

171 1599 422 1655 piscenciam
456 1598 681 1651 oculorum,
715 1601 859 1639 contra
891 1611 991 1652 quos
1025 1601 1188 1652 oportet
1219 1597 1442 1652 procedere
1472 1596 1711 1651 prudenter.
1769 1595 1860 1638 Pri-

171 1685 285 1713 mum
315 1674 463 1712 testem
497 1670 693 1712 debemus
728 1669 981 1722 examinare,
1014 1669 1049 1710 si
1081 1669 1185 1710 sciat
1215 1672 1335 1723 pater
1355 1672 1496 1710 noster
1518 1668 1604 1709 sive
1626 1668 1858 1710 oracionem

171 1743 436 1795 dominicam,
470 1742 545 1783 hoc
578 1745 640 1783 est
671 1741 705 1782 si
729 1740 884 1795 aliquid
916 1741 1073 1793 fecerit,
1107 1744 1278 1794 propter
1301 1739 1407 1793 quod
1431 1744 1644 1795 peccatum
1669 1739 1860 1794 superbie

171 1818 316 1856 contra
355 1827 447 1855 eum
489 1812 772 1854 testimonium
811 1811 1046 1867 perhibeat;
1089 1810 1279 1853 humiliet
1317 1825 1360 1853 se
1397 1812 1440 1852 in
1482 1811 1694 1864 omnibus,
1736 1810 1859 1852 verbo

100 1893 145 1927 25
171 1889 212 1928 et
243 1899 366 1941 opere
398 1885 458 1927 ita
489 1897 607 1937 vere,
640 1884 746 1926 sicut
777 1888 840 1925 est
871 1883 1006 1924 oracio
1040 1882 1267 1936 dominica,
1306 1888 1346 1924 et
1377 1896 1515 1936 regem
1547 1882 1740 1924 celestem
1770 1881 1861 1938 pla-

171 1956 280 1999 cabit
312 1955 501 2011 exemplo
535 1955 703 2007 Christi,
737 1955 807 2008 qui
840 1958 929 1996 erat
962 1954 1070 2009 patri
1103 1954 1296 1995 obediens
1328 1967 1458 2008 usque
1491 1953 1542 1995 ad
1574 1957 1762 1995 mortem.
1816 1951 1861 1995 Si

171 2041 268 2070 vero
302 2028 423 2069 homo
455 2027 600 2069 timeat
631 2026 856 2068 secundum
888 2029 1034 2068 testem
1067 2025 1223 2068 scilicet
1244 2025 1626 2080 concupiscenciam
1648 2024 1860 2067 oculorum

172 2099 330 2141 scilicet
360 2098 573 2151 mundum,
607 2098 648 2139 in
683 2111 761 2152 quo
795 2101 957 2139 tantum
991 2096 1231 2151 delectatur,
1264 2110 1367 2152 pure
1400 2096 1656 2150 confiteatur,
1687 2100 1735 2138 ut
1763 2096 1862 2138 fecit

173 2170 377 2213 secundus
408 2170 526 2211 testis
559 2172 600 2211 et
631 2169 862 2224 periculum
902 2169 1054 2224 poterit
1093 2169 1279 2211 evadere.
1338 2168 1380 2210 Si
1421 2181 1517 2210 vero
1557 2168 1678 2209 homo
1715 2168 1861 2209 timeat

102 2251 146 2286 30
172 2242 344 2284 tercium
385 2244 555 2293 testem,
596 2240 752 2282 scilicet
784 2240 1165 2295 concupiscenciam
1197 2240 1354 2292 carnis,
1388 2239 1463 2281 deo
1497 2239 1598 2281 satis
1629 2239 1756 2281 faciat
1786 2252 1860 2293 per

173 2313 309 2356 carnis
341 2311 665 2354 maceracionem
700 2312 725 2352 i.
751 2325 783 2352 e.
818 2325 892 2366 per
924 2325 1063 2353 veram
1105 2311 1450 2363 satisfactionem,
1490 2314 1537 2352 ut
1575 2310 1673 2352 fecit
1708 2309 1859 2352 tercius

172 2385 313 2438 testis,
354 2383 425 2438 qui
465 2382 604 2424 omnia
642 2383 900 2436 recognovit,
945 2383 1053 2424 unde
1093 2383 1182 2437 ipse
1223 2396 1314 2424 cum
1348 2381 1506 2423 duobus
1539 2381 1661 2423 sociis
1693 2381 1778 2423 suis
1816 2381 1858 2422 in

173 2455 359 2511 patibulo
392 2458 480 2497 erat
512 2467 748 2509 suspensus
822 2454 890 2496 Sic
931 2458 971 2496 et
1008 2467 1081 2495 nos
1114 2454 1156 2495 in
1188 2452 1373 2509 patibulo
1407 2453 1659 2508 penitencie,
1698 2452 1747 2494 de
1780 2465 1859 2506 quo

172 2526 355 2581 loquitur
387 2525 618 2581 apostolus:
660 2524 936 2580 Suspendium
979 2524 1104 2578 elegit
1144 2525 1283 2566 anima
1320 2537 1432 2577 mea,
1472 2524 1500 2565 i.
1524 2537 1557 2566 e.
1590 2523 1859 2579 suspendium
1902 2544 1907 2547 ¹

104 2608 149 2643 35
173 2597 419 2653 penitencie.
466 2596 522 2639 Et
554 2596 589 2638 si
621 2596 679 2637 sic
709 2596 927 2638 fecerimus
960 2596 1088 2638 vitam
1121 2599 1305 2638 eternam
1339 2595 1627 2637 obtinebimus.
