1919 3157
853 58 939 99 423

735 180 836 223 cmv.
862 181 929 222 97.
960 182 1063 233 (89.)

773 267 845 312 De
881 273 1031 312 morte.

179 372 347 427 Legitur
386 375 425 416 in
459 374 682 427 chronicis,
723 375 830 430 quod
872 388 977 416 anno
1012 389 1109 417 xxli
1150 374 1200 417 ab
1233 374 1333 417 urbe
1372 388 1543 418 romana
1579 376 1742 418 condita

62 444 238 501 populus
271 458 464 486 romanus
497 445 756 501 columpnam
791 459 1064 488 marmoream
1099 446 1140 487 in
1173 446 1261 487 foro
1294 459 1463 487 romano
1495 451 1740 501 statuerunt,

63 521 104 558 et
141 516 196 558 ibi
235 516 456 569 imaginem
495 515 596 558 Julii
637 515 799 557 Cesaris
838 517 1024 559 fecerunt
1063 522 1103 559 et
1141 529 1264 571 super
1303 521 1428 572 caput
1468 518 1553 571 ejus
1594 532 1741 561 nomen
1767 524 1787 557 5

61 586 162 629 Julii
193 587 460 642 scripserunt,
494 588 589 641 quia
621 587 660 628 in
694 587 846 628 honore
879 588 1008 643 ipsius
1040 588 1192 630 factum
1232 587 1322 628 fuit.
1387 587 1466 629 Sed
1499 588 1575 631 iste
1607 588 1742 631 Julius

63 657 188 700 Cesar
219 658 299 699 tria
326 658 443 711 signa
475 658 515 699 in
538 661 669 699 morte
702 657 764 699 vel
797 662 1017 713 antequam
1051 662 1282 700 moreretur
1315 658 1485 714 accipit3
1519 661 1741 701 centesimo

64 729 170 771 enim
205 728 270 771 die
303 733 397 770 ante
420 734 594 771 mortem
628 743 743 771 suam
777 730 924 771 cecidit
954 729 1109 771 fulmen
1143 732 1237 771 ante
1261 729 1483 782 imaginem
1518 731 1558 771 in
1590 731 1678 772 foro
1704 734 1744 773 et

63 800 105 841 in
127 799 292 842 nomine
315 800 546 855 subscripto
575 800 753 842 litteram
777 801 952 856 primam
988 800 1156 842 abrasit.
1219 800 1349 842 Nocte
1381 814 1476 842 vero
1500 802 1743 856 precedente

63 870 170 912 diem
214 872 358 913 mortis
397 885 468 913 sue
501 872 679 913 fenestre
711 871 882 913 thalami
917 872 1003 925 ejus
1034 884 1125 912 cum
1159 875 1275 912 tanto
1308 872 1483 926 strepitu
1516 875 1556 914 et
1587 872 1743 928 impetu
1770 878 1813 911 10

64 945 204 997 aperte
236 946 343 995 sunt,
376 947 422 983 ut
453 942 617 983 domum
651 942 852 984 ruituram
887 943 1111 984 estimaret.
1181 941 1337 984 Eadem
1371 956 1467 984 vero
1501 942 1566 984 die
1599 944 1744 985 mortis

63 1026 135 1055 sue
166 1025 257 1054 cum
291 1013 342 1054 ad
375 1012 622 1069 Capitolium
664 1013 762 1067 iret,
803 1013 897 1055 date
938 1018 1035 1055 sunt
1073 1014 1108 1055 ei
1146 1013 1282 1055 littere
1315 1013 1462 1067 judicii
1494 1015 1639 1056 mortis
1673 1028 1745 1057 sue

64 1084 332 1138 imminentis,
366 1098 466 1139 quas
500 1086 533 1126 si
568 1085 706 1126 statim
739 1085 919 1139 legisset,
953 1089 1127 1126 mortem
1161 1085 1371 1127 evasisset.

181 1156 466 1198 Moralimcio.
530 1155 757 1209 Carissimi,
790 1157 848 1198 sic
880 1159 942 1198 est
974 1155 1023 1197 de
1055 1155 1172 1198 nobis
1206 1159 1246 1198 et
1277 1155 1327 1197 de
1359 1155 1455 1207 de03
1493 1159 1539 1197 ut
1569 1160 1743 1198 mortem

65 1230 249 1269 eternum
284 1226 524 1279 evademus,
556 1227 638 1268 tria
670 1228 787 1281 signa
819 1227 937 1269 nobis
969 1227 1070 1269 deus
1102 1226 1213 1268 facit.
1276 1226 1460 1268 Primum
1495 1231 1558 1268 est
1589 1226 1744 1269 delecio
1772 1235 1815 1269 15

63 1297 200 1339 littere
231 1297 421 1353 capitalis
453 1297 502 1339 de
534 1298 719 1350 nomine3
758 1311 831 1353 per
863 1299 984 1339 istam
1016 1297 1220 1351 litteram,
1254 1311 1332 1352 que
1364 1298 1405 1339 in
1439 1297 1640 1353 principio
1673 1310 1745 1339 no-

65 1368 188 1411 minis
219 1368 399 1424 ponitur,
432 1368 676 1422 intelligitur
697 1369 983 1411 habundancia
1016 1368 1279 1421 diviciarum3
1313 1368 1387 1411 hec
1417 1369 1525 1410 enim
1560 1372 1634 1422 est,
1668 1382 1745 1423 que

63 1440 164 1482 facit
201 1439 406 1482 hominem
448 1440 597 1482 habere
635 1454 782 1482 nomen
826 1441 865 1481 in
906 1444 1036 1491 terra3
1078 1453 1198 1481 nemo
1240 1440 1348 1482 enim
1388 1440 1430 1482 in
1472 1440 1560 1482 istis
1602 1440 1745 1482 diebus

64 1511 302 1553 nominatur
334 1512 375 1552 in
407 1515 537 1564 terra,
577 1511 657 1553 nisi
699 1511 888 1554 habuerit
927 1511 1118 1563 divicias3
1161 1510 1236 1553 hoc
1276 1515 1411 1566 patet,
1452 1524 1546 1553 nam
1582 1512 1615 1553 si
1649 1525 1745 1566 que—

64 1588 193 1635 ratur,
227 1583 317 1637 quis
350 1583 404 1624 sit
436 1583 580 1624 melior
612 1582 706 1624 ville
741 1582 800 1624 vel
825 1583 1018 1636 civitatis,
1051 1582 1190 1624 statim
1225 1583 1482 1637 preponitur,
1517 1583 1584 1637 qui
1607 1583 1745 1638 plures
1771 1590 1816 1624 20

66 1654 237 1696 divicias
276 1654 418 1707 habet,
459 1654 645 1708 quamvis
686 1654 739 1695 sit
776 1654 993 1708 pessimus.
1070 1653 1177 1695 Ecce
1218 1654 1421 1708 quomodo
1461 1654 1609 1696 divicie
1647 1654 1747 1696 dant

66 1724 222 1767 homini
262 1738 431 1779 nomen,
471 1726 565 1779 quia
605 1725 638 1767 si
676 1725 790 1767 dives
822 1739 902 1766 non
942 1729 1068 1779 esset,
1107 1738 1188 1766 non
1229 1728 1337 1766 esset
1373 1725 1621 1767 nominatus.
1692 1724 1747 1767 Et

69 1796 164 1850 quia
211 1795 430 1850 aliquando
471 1796 618 1837 divicie
659 1800 755 1837 sunt
795 1796 953 1838 occasio
992 1796 1137 1838 mortis
1184 1799 1343 1849 eterne,
1390 1796 1481 1838 ideo
1529 1796 1628 1838 deus
1675 1796 1746 1838 dat

67 1868 245 1922 primum
279 1867 456 1920 signum,
489 1867 596 1921 quod
629 1867 752 1908 talem
786 1866 873 1909 vult
905 1867 1078 1919 salvare,
1118 1871 1158 1908 et
1188 1867 1323 1909 aufert
1354 1868 1531 1923 primam
1563 1866 1742 1909 litteram

71 1938 249 1980 nominis
282 1939 344 1980 sui
377 1937 533 1979 scilicet
563 1938 734 1979 divicias
766 1938 816 1980 ab
849 1951 894 1980 eo
927 1942 968 1979 et
997 1938 1097 1979 facit
1127 1951 1218 1980 eum
1252 1951 1490 1994 pauperem,
1522 1941 1568 1980 ut
1596 1938 1656 1980 sic
1677 1938 1745 1992 qui
1771 1947 1816 1981 25

69 2023 143 2066 per
180 2009 350 2051 divicias
396 2009 447 2051 ab
495 2022 541 2050 eo
590 2013 834 2063 recesserat,
882 2023 956 2065 per
1003 2012 1295 2065 paupertatem
1337 2009 1388 2051 ad
1431 2022 1521 2050 eum
1567 2009 1744 2051 accedat.

72 2079 160 2135 [78]
195 2079 426 2123 Secundum
467 2080 648 2133 signum,
691 2080 797 2134 quod
834 2079 969 2122 Julius
1002 2079 1128 2123 Cesar
1168 2080 1345 2135 accepit,
1387 2080 1493 2134 quod
1527 2080 1649 2134 juxta
1680 2093 1746 2122 ca-

68 2165 224 2194 meram
257 2164 372 2193 suam
394 2151 472 2193 fuit
492 2164 665 2204 magnus
688 2152 899 2207 strepitus.
956 2151 1041 2193 Hec
1069 2165 1232 2194 camera
1254 2156 1315 2193 est
1335 2164 1484 2206 corpus
1506 2151 1745 2204 humanum,

70 2222 177 2277 quod
217 2235 309 2264 cum
350 2222 471 2263 homo
504 2222 615 2264 videt
646 2236 688 2264 se
721 2236 810 2265 esse
842 2222 1058 2278 pulchrum
1092 2226 1132 2265 et
1170 2223 1341 2276 fortem,
1383 2223 1522 2264 statim
1562 2222 1672 2264 cadit
1702 2222 1745 2264 in

68 2297 295 2350 peccatum,
328 2306 402 2348 per
435 2293 541 2347 quod
573 2307 683 2335 mors
716 2299 858 2336 eterna
889 2293 967 2335 sibi
999 2297 1259 2349 preparatur,
1292 2297 1333 2336 et
1363 2293 1454 2336 ideo
1487 2293 1626 2335 volens
1652 2306 1743 2335 eum
1770 2303 1815 2337 30

70 2365 170 2407 deus
201 2378 226 2406 a
246 2368 378 2406 morte
401 2367 543 2406 eterna
563 2377 770 2418 revocare,
803 2364 902 2406 facit
923 2364 1099 2417 signum,
1132 2364 1288 2406 scilicet
1309 2378 1502 2418 magnum
1527 2364 1744 2419 strepitum

69 2436 178 2478 circa
208 2448 356 2490 corpus
388 2448 521 2488 suum,
554 2435 753 2477 mittendo
787 2435 944 2478 scilicet
974 2435 1097 2476 talem
1132 2438 1172 2477 et
1201 2438 1360 2477 tantam
1390 2434 1671 2477 infirmitatem
1706 2438 1746 2476 et

70 2507 338 2560 debilitatem,
371 2506 478 2560 quod
511 2506 561 2547 ad
595 2510 766 2548 mortem
801 2506 981 2548 creditur
1012 2519 1131 2547 ruere
1155 2510 1195 2548 et
1225 2507 1384 2560 cadere,
1418 2510 1463 2547 ut
1494 2507 1552 2548 sic
1581 2506 1648 2560 qui
1672 2519 1745 2560 per

71 2577 413 2634 pulchritudinem
449 2582 489 2619 et
519 2577 801 2618 fortitudinem
836 2591 860 2619 a
881 2577 955 2619 deo
987 2581 1256 2631 recesserant,
1291 2591 1362 2632 per
1390 2576 1672 2619 infirmitatem
1705 2581 1745 2620 et

71 2649 323 2692 debilitatem
357 2652 598 2690 revocentur
629 2651 670 2690 et
700 2649 922 2703 peniteant.
985 2647 1225 2690 Psalmista:
1259 2647 1528 2703 Multiplicate
1561 2652 1656 2689 Sunt
1683 2648 1743 2690 in·
1769 2659 1813 2693 35

70 2720 286 2762 firmitates
318 2733 470 2762 eorum.
541 2718 789 2774 Exemplum
823 2720 872 2761 de
904 2719 1022 2761 beato
1053 2718 1181 2761 Paulo
1214 2719 1392 2762 dicente:
1433 2718 1627 2761 Libenter
1657 2719 1743 2772 glo-

71 2790 207 2833 riabor
245 2791 286 2832 in
324 2790 634 2832 infirmitatibus
673 2791 787 2832 meis.
857 2789 1045 2831 Tercium
1085 2791 1268 2844 signum,
1310 2790 1416 2843 quod
1453 2788 1587 2832 Julius
1619 2789 1744 2832 Cesar

73 2862 243 2917 accepit,
273 2861 364 2915 fuit,
398 2861 505 2916 quod
536 2861 674 2903 littere
689 2861 834 2914 judicii
855 2861 1110 2902 imminentis
1143 2861 1220 2902 sibi
1252 2861 1401 2902 tradite
1432 2860 1609 2915 fuerant,
1642 2875 1743 2916 quas

22 2983 25 2986 y
72 2933 107 2975 si
137 2932 316 2987 legisset,
349 2936 523 2975 mortem
556 2932 766 2975 evasisset.
837 2931 924 2974 Hoc
955 2932 1115 2985 signum
1148 2932 1246 2974 facit
1277 2931 1375 2973 deus
1407 2932 1524 2974 nobis
1557 2935 1744 2987 peccato-
