1919 3157
909 81 991 121 307

116 191 231 230 cunt:
271 186 453 240 Surgite,
487 187 671 240 vigilate,
711 187 816 228 sicut
854 185 1018 227 domino
1059 186 1305 241 promisistis
1346 186 1387 226 in
1421 186 1537 228 bonis
1569 186 1783 241 operibus!

115 257 316 310 Dormite,
349 257 510 312 quando
542 256 610 298 alii
643 256 828 309 vigilant,
861 255 936 297 1100
968 260 1029 298 081
1061 270 1085 297 0
1113 256 1292 311 peccatis
1315 261 1485 310 cessate,
1519 256 1681 310 quando
1717 255 1785 297 alii

115 328 156 370 in
187 328 306 370 malis
339 328 530 383 operibus
563 327 747 380 vigilant.
780 328 886 368 sicut
915 326 1094 368 latrones
1126 327 1237 368 fures
1270 330 1310 368 et
1341 326 1553 368 luxuriosi.
1608 326 1786 379 Vigilate

114 399 156 440 in
188 403 317 441 estate
350 399 374 440 i.
399 413 432 440 e.
467 411 558 440 cum
591 399 675 440 vita
707 402 845 440 vestra
875 398 1063 439 fueritin
1086 410 1270 452 corpore,
1304 401 1343 439 ct
1366 397 1617 452 provideatis
1649 397 1787 439 omnia

114 470 347 512 necessaria
383 483 457 525 pro
499 469 712 511 animabus
751 468 918 521 vestris,
967 472 1013 510 ut
1057 481 1149 510 cum
1190 468 1332 523 hyems
1374 469 1518 509 mortis
1561 468 1786 521 advenerit,

113 541 301 596 poteritis
333 554 425 582 cum
457 540 622 582 domino
654 540 827 582 feliciter
866 539 1132 593 requiescere.
1186 538 1376 580 Tei-cium
1418 539 1693 580 ministerium
1726 542 1788 580 est

113 615 280 664 gustare
310 611 461 654 bonum
493 615 648 666 potum.
699 610 823 652 Potus
856 610 933 652 iste
965 613 1027 652 est
1059 609 1292 664 penitencia
1331 609 1416 650 sive
1448 609 1680 650 martirium
1714 622 1787 664 pro

113 681 179 724 dei
210 695 361 724 amore.
410 681 525 724 Unde
557 681 737 723 salvator
768 681 933 723 Matth.:
966 680 1144 722 Potestis
1178 679 1315 722 bibere
1344 680 1526 732 calicem,
1562 694 1681 734 quem
1714 693 1787 734 ego

113 752 316 795 bibiturus
348 753 463 794 sum?
515 753 572 795 At
601 752 684 794 illi:
726 752 968 805 Possumus,
1003 751 1088 793 8011.
1114 750 1282 793 calicem
1314 751 1546 806 penitencie
1579 755 1650 793 aut
1680 764 1788 793 mar-

114 824 210 866 tirii.
258 823 355 866 Fuit
392 824 543 866 bonum
585 826 770 879 tempore
809 836 881 865 suo
921 827 1080 865 acetum
1119 822 1144 863 i.
1170 835 1202 864 e.
1238 822 1388 864 bonum
1429 826 1517 864 erat
1556 822 1707 864 sanctis
1747 822 1788 863 in

113 894 222 948 0010,
262 895 331 949 qui
363 895 404 936 in
436 894 512 936 hoc
543 894 694 936 mundo
727 894 938 946 vixerunt,
973 893 1042 948 qui
1074 893 1348 948 penitenciam
1380 893 1590 947 fecerunt,
1623 906 1788 935 carnem

113 979 228 1008 suam
261 966 495 1008 domabant.
548 964 603 1007 Et
642 965 732 1008 ideo
774 965 816 1006 in
849 964 933 1007 celo
967 965 1054 1018 jam
1094 969 1280 1018 regnant.
1332 964 1410 1006 Est
1440 965 1592 1006 bonum
1625 964 1788 1016 vinum3

112 1036 199 1078 8011.
233 1036 308 1079 1100
339 1040 402 1079 081
433 1037 608 1078 dictum:
649 1036 800 1078 bonum
834 1040 896 1078 est
926 1034 1066 1088 nobiS,
1099 1039 1146 1077 ut
1176 1036 1451 1091 penitenciam
1484 1048 1676 1088 agamus,
1717 1048 1791 1090 per

114 1121 238 1162 quam
270 1108 494 1163 poterimus
527 1107 579 1149 ad
611 1111 795 1149 eternam
827 1106 1001 1160 gloriam
1040 1107 1268 1161 pervenire.
1320 1106 1414 1148 Erit
1451 1106 1603 1148 bonum
1636 1104 1793 1147 scilicet

113 1179 274 1233 quando
307 1192 400 1221 caro
433 1192 526 1220 cum
557 1179 705 1233 spiritu
737 1179 778 1220 in
811 1178 876 1220 die
902 1176 1048 1231 judicii
1079 1181 1266 1231 resurget
1297 1181 1338 1220 et
1359 1178 1485 1219 vitam
1512 1181 1696 1219 eternam
1727 1176 1790 1217 in-

112 1249 251 1292 trabit.
301 1249 502 1292 Dominus
534 1249 658 1292 habet
688 1263 811 1291 unam
843 1248 1059 1291 tabernam
1091 1247 1141 1290 de
1168 1249 1322 1304 optimo
1345 1249 1439 1290 vino
1463 1248 1619 1290 scilicet
1640 1247 1790 1290 celeste

113 1320 332 1375 gaudium,
372 1325 413 1363 et
451 1321 614 1374 signum
652 1320 870 1376 pulchrum
910 1323 1005 1361 ante
1045 1318 1260 1361 tabernam
1292 1319 1449 1362 scilicet
1479 1332 1653 1362 crucem.
1709 1317 1790 1361 Sed

113 1391 173 1433 it‘a
202 1394 277 1445 est,
310 1391 419 1446 quod
450 1391 612 1446 quando
644 1390 863 1433 multitudo
903 1391 1131 1433 emencium
1170 1390 1357 1444 confluit,
1396 1394 1493 1432 111110
1529 1389 1789 1432 tabernarius

113 1475 206 1505 care
238 1462 378 1505 vendit
409 1462 564 1516 vinum,
597 1466 637 1504 et
669 1461 830 1516 quando
852 1466 986 1504 cessat
1008 1461 1170 1504 emendi
1197 1462 1328 1517 copia,
1360 1464 1458 1503 tunc
1490 1463 1651 1516 oportet
1683 1460 1790 1515 quod

113 1533 265 1576 vendat
295 1547 369 1589 pro
400 1532 482 1575 levi
513 1533 664 1588 precio,
697 1532 762 1575 vel
795 1532 902 1587 quod
931 1533 1108 1575 retineat
1130 1533 1295 1574 omnino
1318 1533 1409 1574 81111.
1457 1531 1660 1574 Dominus
1692 1544 1788 1573 vero

113 1607 208 1659 post
238 1604 568 1646 resurrexionem
600 1617 717 1646 suam
749 1604 1070 1646 communicavit
1101 1604 1242 1646 vinum
1283 1617 1403 1646 suum
1435 1603 1635 1645 mittendo
1668 1602 1790 1658 spiri-

112 1679 200 1716 tum
232 1679 432 1728 sanctum,
467 1679 507 1717 et
537 1679 635 1717 tune
655 1674 941 1717 confluxerunt
962 1678 1103 1717 euntes
1126 1675 1380 1729 catervatim,
1414 1674 1570 1716 scilicet
1590 1687 1665 1729 per
1697 1686 1790 1728 pre-

112 1745 364 1789 dicacionem
398 1745 676 1801 apostolorum
709 1749 749 1788 01
780 1746 955 1787 0110111111
988 1749 1223 1788 sanctorum
1255 1746 1442 1788 conversi
1463 1749 1559 1787 sunt
1579 1745 1631 1786 ad
1652 1744 1788 1798 fidem,

112 1820 154 1859 et
181 1820 281 1859 tunc
311 1817 568 1859 tabernarius
596 1815 718 1871 [1932]
753 1816 796 1858 id
828 1821 890 1859 est
921 1816 1110 1858 dominus
1142 1820 1282 1859 noster
1314 1817 1455 1859 ihesus
1477 1816 1665 1858 Christus
1696 1828 1790 1858 care

111 1888 297 1931 vendidit
327 1889 467 1931 vinum
499 1901 617 1930 suum
648 1888 691 1930 id
713 1891 774 1930 est
795 1887 970 1941 gloriam
992 1887 1189 1943 paradisi.
1237 1887 1383 1930 Nonne
1404 1887 1565 1941 Petrus,
1597 1887 1665 1941 qui
1698 1899 1789 1928 cru-

111 1958 255 2002 cifixus
286 1959 440 2013 fuerat,
472 1959 590 2002 valde
621 1972 714 2001 care
746 1959 846 2001 emit
874 1958 976 2001 illud
1008 1959 1170 2012 vinum,
1211 1963 1251 2001 et
1283 1958 1433 2001 Paulus
1465 1962 1506 2001 et
1535 1957 1787 2000 Laurencius

111 2031 318 2085 ceterique
347 2030 552 2083 martires,
586 2031 655 2085 qui
685 2030 808 2072 morti
840 2029 1100 2072 tradiderunt
1131 2037 1304 2085 corpora
1336 2044 1410 2072 sua
1439 2043 1512 2085 pro
1534 2029 1613 2072 fide
1635 2028 1789 2071 Christi

111 2101 352 2144 sustinenda
383 2105 423 2143 et
454 2100 790 2157 multiplicanda?
843 2100 923 2144 Sed
961 2101 1082 2143 modo
1121 2104 1256 2143 cessat
1293 2100 1514 2143 multitudo
1546 2099 1787 2154 emencium,

111 2175 153 2214 et
181 2172 274 2214 ideo
305 2175 467 2228 oportet
498 2171 605 2226 quod
636 2171 824 2214 Christus
863 2185 938 2228 pro
977 2171 1057 2214 levi
1095 2172 1233 2227 precio
1278 2172 1429 2214 vendat
1465 2172 1638 2225 gloriam
1671 2184 1787 2213 suam

112 2246 183 2285 aut
213 2243 321 2297 quod
351 2243 526 2285 retineat
557 2242 647 2285 sibi.
699 2242 755 2285 Et
784 2242 875 2285 ideo
908 2246 1120 2296 gustemus
1151 2243 1195 2285 111
1227 2243 1410 2299 presenti
1433 2243 1518 2285 vita
1544 2247 1685 2298 potum
1717 2255 1788 2297 pe-

110 2314 309 2368 nitencie,
349 2317 389 2356 01
420 2313 706 2368 perveniemus
738 2314 790 2355 ad
822 2313 1008 2356 bravium
1042 2314 1125 2356 vite
1166 2317 1317 2356 eterne.
1372 2314 1568 2364 Quartum
1601 2313 1787 2355 ministe-

110 2384 218 2426 rium
250 2388 313 2427 est
342 2384 517 2426 invitare
547 2384 732 2426 homines
765 2385 816 2426 ad
847 2385 1092 2427 convivium.
1145 2384 1218 2427 Ille
1257 2384 1460 2427 invitabat
1490 2385 1678 2426 inimicos
1711 2386 1785 2426 etc.

111 2455 180 2498 Sic
211 2455 383 2510 quilibet
412 2458 598 2496 nostrum
629 2458 791 2497 tenetur
822 2455 999 2497 invitare
1032 2455 1219 2497 inimicos
1252 2455 1405 2498 Christi
1437 2455 1489 2497 ad
1521 2456 1648 2497 vitam
1682 2458 1787 2496 eter—

110 2539 207 2568 nam
232 2527 354 2580 juxta
384 2526 505 2568 illud:
538 2525 630 2567 Non
652 2526 745 2567 veni
770 2539 915 2568 vocare
931 2527 1080 2580 justos,
1114 2525 1185 2568 sed
1209 2531 1458 2581 peccatores.
1508 2525 1575 2568 Sic
1597 2529 1641 2566 tu
1664 2524 1786 2567 debes

1817 828 1859 861 10

1817 1182 1860 1216 15

1816 1538 1860 1572 20

1815 1894 1860 1928 25

1813 2249 1858 2284 30

110 2610 184 2653 per
215 2596 321 2655 bona
352 2596 542 2652 exempla
574 2600 614 2638 et
645 2609 770 2651 opera
810 2600 1069 2652 peccatorem
1100 2597 1303 2640 instruere
1335 2600 1376 2639 et
1407 2597 1481 2639 deo
1514 2596 1783 2639 reconciliari.
1810 2601 1856 2636 35

111 2666 192 2710 Sed
224 2667 351 2723 aliqui
381 2671 618 2723 peccatores
651 2670 747 2709 sunt
777 2667 935 2722 lapides
967 2667 1157 2721 molares,
1191 2668 1261 2722 qui
1283 2681 1365 2710 non
1395 2671 1591 2724 poterunt
1623 2666 1672 2708 de
1703 2666 1785 2709 levi

110 2738 280 2791 moveri,
318 2739 444 2780 immo
483 2741 578 2780 sunt
617 2738 735 2793 quasi
775 2739 972 2790 catenati3
1013 2739 1120 2780 sicut
1158 2738 1342 2781 Herodes
1383 2738 1498 2780 misit
1535 2737 1704 2780 Petrum
1742 2738 1786 2779 in

110 2821 316 2852 carcerem
353 2813 395 2852 et
431 2810 474 2851 in
512 2810 606 2865 ipsa
642 2812 761 2851 nocte
799 2812 888 2851 erat
917 2808 1063 2851 Petrus
1102 2808 1309 2852 dormiens
1348 2809 1455 2851 inter
1487 2809 1587 2850 duos
1619 2808 1784 2862 milites,

111 2879 270 2922 vinctus
302 2880 460 2922 duabus
491 2880 645 2922 catenis
678 2884 719 2922 et
749 2879 938 2923 custodes
967 2883 1064 2923 ante
1084 2880 1233 2922 ostium
1257 2880 1543 2923 custodiebant
1563 2891 1782 2922 carcerem.

201 2961 225 2995 4
249 2960 381 3005 vestra]
409 2967 494 3007 oriy.
514 2965 588 2995 tua.

1428 3025 1505 3061 20κ
