1919 3157
870 90 948 131 591

77 207 318 250 campanam
357 197 532 250 ligneum
573 199 613 240 in
654 213 776 241 mauu
816 214 889 242 sua
929 200 1114 244 habebat.
1175 203 1275 246 Cum
1318 219 1410 248 vero
1450 207 1587 262 aliqua
1627 210 1738 261 regio

75 266 281 308 nitebatur
313 266 505 310 Romanis
539 270 707 311 insidias
741 271 896 325 aliquas
930 272 1158 328 imponere,
1198 276 1336 318 statim
1376 291 1523 332 ymago
1557 279 1738 332 ejusdem

75 337 252 390 regionis
285 351 525 394 campanam
567 354 680 382 suam
724 341 901 397 pulsarit
933 347 972 384 et
1011 344 1126 386 miles
1168 346 1295 388 exivit
1335 348 1373 389 in
1417 362 1518 402 equo
1559 363 1657 392 cneo
1696 351 1736 392 in

73 408 308 450 summitate
341 410 511 464 predicti
548 410 731 466 pallacii,
774 412 931 454 hastam
972 415 1147 457 vibravit
1187 421 1227 458 et
1264 418 1488 472 predictam
1529 421 1735 474 regionem

73 478 265 534 inspexit.
312 479 367 522 Et
405 481 454 522 ab
487 482 655 524 instanti
687 482 858 526 Romani
891 484 964 526 hoc
995 486 1177 530 videntes
1209 502 1252 530 se
1283 496 1546 533 armaverunt
1577 495 1617 534 et
1645 506 1736 548 pre-

70 548 220 592 dictam
253 551 459 604 regionem
493 560 841 608 expugnaverunt.

186 622 358 664 Mistz'ce.
414 623 494 665 Ista
526 624 669 666 civitas
703 630 763 667 est
795 639 941 682 corpus
974 627 1211 682 humanum,
1245 630 1351 684 quod
1384 632 1561 686 quinque
1593 637 1733 688 portas

69 691 154 734 sive
193 693 327 734 exitus
369 693 489 736 habet
532 695 556 736 i.
588 709 619 737 e.
654 696 831 751 quinque
870 711 1034 750 sensus;
1082 700 1123 741 in
1164 700 1238 742 hac
1277 701 1443 744 civitate
1483 705 1733 747 construitur

67 762 202 805 nobile
234 763 452 818 pallacium
486 766 510 806 i.
536 780 568 807 e.
593 767 729 809 anima
768 769 1005 822 racionalis,
1047 770 1087 811 in
1128 771 1240 825 cujus
1273 773 1407 815 medio
1441 777 1523 816 stat
1554 775 1733 829 quelibet

66 847 234 888 ymago,
275 847 440 878 aureum
479 850 645 892 pomum
686 838 836 881 habens
877 840 918 881 in
959 853 1082 882 manu
1124 855 1209 884 sua.
1271 842 1354 885 Ista
1393 848 1453 887 est
1491 845 1730 901 similitudo,

66 917 185 959 quam
228 906 365 948 anima
402 906 524 950 habet
563 922 653 950 cum
693 909 787 963 deo,
829 923 924 964 ergo
963 911 1064 954 bene
1107 926 1230 956 aurea
1268 914 1427 957 (licitur.
1487 916 1583 958 Tria
1622 918 1727 960 enim

63 988 190 1029 regna
220 981 334 1030 sunt,
373 992 450 1032 que
482 979 667 1021 nituntur
699 981 917 1036 pallacium
951 983 1180 1037 destruere,
1220 984 1262 1026 id
1301 990 1362 1027 est
1393 999 1540 1042 corpus
1573 992 1612 1030 et
1643 989 1730 1030 ani-

63 1059 171 1089 mam
206 1048 256 1090 ad
292 1049 496 1091 infernum
536 1050 717 1104 trahere,
759 1053 855 1107 quia
894 1067 1056 1109 semper
1093 1055 1338 1111 impugnant
1375 1057 1488 1100 illud.
1540 1058 1596 1100 Et
1634 1065 1730 1102 sunt

62 1117 144 1160 tria
172 1132 299 1173 regna
338 1124 421 1162 tres
459 1121 614 1164 inimici
654 1122 853 1176 hominis,
892 1125 1048 1168 scilicet
1085 1139 1199 1180 caro,
1237 1127 1413 1170 muudus
1445 1133 1486 1171 et
1516 1129 1727 1185 dyabolus.

60 1187 117 1231 Et
154 1189 232 1232 iste
270 1191 457 1245 regiones
496 1199 578 1234 tres
620 1199 715 1236 sunt
755 1196 986 1250 ymagines3
1033 1210 1180 1252 ymago
1227 1199 1368 1240 mundi
1411 1204 1473 1243 est
1509 1201 1727 1256 cupiditas,

60 1273 208 1314 ymago
240 1262 374 1304 carnis
406 1267 467 1305 est
499 1263 710 1320 voluptas,
752 1280 899 1321 ymago
940 1267 1103 1322 dyaboli
1136 1272 1198 1310 est
1229 1269 1433 1324 superbia.
1486 1271 1549 1314 De
1581 1273 1727 1328 quibus

60 1330 228 1382 dicitur:
269 1332 399 1376 Omne
438 1335 544 1389 quod
577 1339 638 1377 est
668 1336 708 1378 in
741 1337 914 1392 mundo,
954 1352 1027 1394 per
1066 1338 1135 1381 illo
1176 1339 1436 1396 dampnatur.
1489 1341 1589 1384 Cum
1630 1357 1725 1398 ergo

58 1401 180 1445 homo
212 1404 456 1459 considerat,
489 1407 597 1460 quod
629 1407 697 1449 isti
729 1411 811 1450 tres
844 1409 997 1451 inimici
1031 1423 1177 1466 corpus
1201 1415 1241 1453 et
1263 1412 1440 1454 animam
1465 1412 1607 1456 volunt
1633 1428 1726 1470 per-

58 1473 176 1528 dere,
218 1479 258 1517 et
297 1476 356 1518 sic
393 1490 540 1532 ymago
572 1478 597 1519 i.
622 1491 654 1520 e.
678 1479 788 1521 racio
828 1479 948 1522 debet
986 1493 1230 1536 campanam
1270 1482 1435 1538 pulsare
1474 1488 1515 1526 et
1550 1485 1726 1528 viriliter

56 1548 199 1588 contra
229 1559 297 1588 eos
328 1560 524 1603 pugnare,
557 1562 607 1591 ne
637 1549 916 1594 fraudulenter
947 1565 990 1594 se
1022 1551 1213 1607 subjiciat
1243 1555 1584 1608 suggestionibus.

705 1796 800 1851 187,
833 1809 978 1852 germ.
1003 1799 1074 1842 2⁶2.

165 1897 269 1941 Erat
290 1900 454 1955 quidam
485 1901 710 1958 imperator
735 1904 803 1958 qui
835 1904 977 1947 habuit
1007 1906 1171 1948 unicam
1193 1906 1316 1949 filiam
1346 1920 1499 1963 caram,
1531 1909 1597 1952 cui
1629 1910 1716 1953 edi-

50 1968 187 2012 ficavit
217 1984 342 2013 unum
374 1971 577 2027 palacium
610 1973 839 2029 pulchrum,
872 1977 913 2018 in
937 1991 1015 2032 quo
1047 1978 1252 2032 manebat,
1285 1978 1511 2033 adjungens
1534 1981 1570 2023 ei
1591 1994 1715 2023 unam

49 2040 334 2097 pedissequam
368 2043 455 2086 sive
486 2045 701 2087 nutricem.
741 2046 890 2089 Nutrix
924 2062 1018 2091 vero
1050 2062 1212 2105 semper
1243 2050 1285 2092 in
1317 2050 1475 2105 palacio
1508 2064 1598 2094 cum
1630 2051 1716 2095 fflia

49 2112 157 2166 regis
195 2113 398 2156 manebat.
457 2114 644 2158 Habebat
683 2121 821 2160 tamen
858 2120 1028 2161 nuncios
1068 2120 1364 2174 discurrentes,
1409 2123 1479 2178 qui
1517 2124 1714 2179 quidquid

47 2182 147 2225 foris
192 2184 408 2238 agebatur,
454 2186 686 2230 referebant
732 2194 1043 2245 quantocunque
1083 2191 1259 2246 occulta,
1307 2197 1474 2249 propter
1514 2207 1591 2250 que
1630 2194 1714 2238 filia

47 2255 155 2308 regis
186 2267 277 2297 cum
309 2256 466 2298 nutrice
498 2258 634 2314 sepius
666 2263 750 2302 tam
782 2261 868 2314 regi
900 2275 1021 2316 quam
1054 2261 1145 2305 aliis
1176 2262 1432 2318 displicebat.

164 2326 381 2369 Reduccz'o.
430 2327 666 2384 Karissimi,
707 2344 779 2374 rex
811 2332 889 2375 iste
921 2336 982 2375 est
1013 2332 1133 2388 deus,
1173 2333 1257 2376 filia
1288 2335 1373 2389 ejus
1405 2339 1490 2378 tam
1522 2349 1619 2380 cara
1649 2341 1712 2380 est

48 2396 203 2451 anima,
249 2397 452 2452 palacium
492 2399 719 2444 edificatum
761 2416 908 2458 corpus
948 2417 998 2446 ex
1037 2404 1188 2447 electis,
1241 2405 1391 2448 Nutrix
1429 2411 1491 2450 est
1530 2421 1611 2451 cor.
1666 2408 1710 2451 Si

44 2468 185 2510 nutrix
209 2468 326 2523 bona,
360 2473 399 2511 et
424 2483 525 2524 puer
557 2471 697 2515 bonus.
735 2473 884 2516 Nuncii
915 2479 1011 2517 sunt
1043 2488 1161 2518 aures
1194 2480 1234 2519 et
1263 2477 1417 2533 lingua,
1449 2479 1557 2521 unde
1577 2478 1709 2534 loqui-

45 2541 112 2580 tur
134 2538 305 2582 Salom.:
337 2539 415 2582 Est
445 2544 606 2597 tempus
637 2543 828 2599 loquendi
861 2549 902 2588 et
930 2550 1093 2601 tempus
1125 2548 1298 2590 tacendi.
1337 2549 1514 2605 Tempus
1547 2550 1708 2592 tacendi

52 2613 114 2652 est
134 2609 177 2652 in
199 2610 264 2653 die
280 2611 425 2665 judicii
448 2613 610 2667 quando
632 2619 822 2670 peccator
848 2616 1104 2672 obmutescit,
1137 2619 1231 2673 quia
1252 2623 1394 2662 contra
1415 2633 1505 2662 eum
1527 2619 1708 2675 loquitur

44 2681 309 2734 consciencia,
341 2682 576 2726 clamabunt
607 2684 821 2740 elementa,
855 2700 954 2729 crux
977 2687 1101 2730 Cristi
1133 2690 1370 2745 personabit
1402 2695 1442 2733 et
1463 2690 1587 2732 Cristi
1619 2691 1706 2733 vul-

43 2763 144 2793 nera
174 2751 378 2805 allegabit.
427 2753 522 2796 Tria
553 2757 741 2811 tempora
772 2757 986 2812 describit,
1025 2772 1079 2801 sc.
1103 2759 1246 2815 flendi,
1278 2761 1491 2816 loquendi,
1530 2761 1704 2804 ridendi.

41 2819 225 2864 Primum
271 2836 325 2866 sc.
362 2822 486 2866 flendi
541 2826 873 2882 quadragesima,
926 2829 1086 2872 ridendi
1138 2831 1312 2886 pascha,
1370 2831 1442 2874 sed
1492 2845 1600 2874 nunc
1644 2832 1705 2875 lo-

43 2893 204 2947 quendi.
239 2892 320 2936 Sed
352 2894 449 2949 quid
478 2894 588 2950 loqui
620 2896 814 2941 debemus
847 2912 983 2942 coram
1016 2900 1193 2956 domino,
1226 2916 1280 2944 sc.
1306 2903 1346 2944 in
1379 2902 1632 2946 confessione
1664 2907 1705 2947 et

19 2963 256 3008 oracione?
314 2965 416 3008 Item
459 2969 543 3009 tres
587 2969 815 3025 sapientes,
860 2970 1047 3025 requisiti
1094 2973 1191 3027 quid
1234 2973 1384 3016 forcius
1425 2977 1552 3029 esset,
1597 2988 1702 3017 unus
