1919 3157
874 55 958 96 349

194 158 261 202 Sic
299 173 372 212 ego
411 160 595 215 presides
635 161 703 202 diu
738 161 779 201 in
812 160 944 201 officio
977 165 1108 212 teneo,
1150 160 1217 213 qui
1260 159 1380 200 rebus
1421 160 1539 201 ditati
1580 160 1754 202 subditis

75 230 207 284 magis
240 235 432 286 pareant,
473 232 566 272 novi
601 237 736 273 autem
770 236 809 273 et
841 230 958 272 vacui
993 231 1155 272 deserta
1181 230 1350 282 justicia
1384 230 1568 272 subditos
1603 231 1754 285 iniquis

75 301 357 343 exactionibus
389 305 429 343 et
460 302 745 344 vexationibus
778 301 910 354 magis
942 301 1094 343 ledunt.

735 490 837 532 Off.
861 490 929 531 52.
963 490 1096 536 (147.)

750 577 776 621 I
778 578 822 619 >e
842 576 1071 635 fidelitate.

192 671 332 714 Refert
369 672 580 725 Valerius,
620 673 727 728 quod
767 672 918 714 Fabius
966 673 1198 715 redemerat
1244 673 1428 727 captivos
1478 672 1753 715 Romanorum

74 744 279 799 promissa
299 745 486 799 pecunia,
519 757 641 798 quam
665 757 756 785 cum
779 748 945 786 senatus
968 744 1066 785 dare
1087 743 1228 796 nollet,
1264 744 1352 798 ipse
1383 743 1554 785 fundum
1588 745 1753 786 unicum

74 813 227 857 habens
258 814 444 857 vendidit
474 820 514 857 et
545 815 792 870 promissum
827 815 1030 870 premium
1063 814 1198 868 solvit,
1233 814 1372 856 volens
1396 828 1438 856 se
1460 815 1602 870 pocius
1624 816 1754 870 patri-

75 886 211 928 monio
243 887 420 942 privare,
455 899 576 940 quam
610 887 777 941 propria
808 886 887 928 fide
919 886 1084 941 inopem
1117 899 1217 928 esse.

133 956 359 1010 Carissimi,
393 957 543 1000 Fabius
583 958 659 999 iste
691 961 754 999 est
784 957 974 999 dominus
1013 962 1151 999 noster
1184 956 1324 998 Ihesus
1357 956 1559 1009 Christus,
1600 957 1670 1012 qui
1704 957 1754 1000 ob
1783 964 1825 998 10

73 1029 272 1084 captivos,
295 1028 451 1071 scilicet
472 1033 603 1071 totum
624 1042 753 1082 genus
775 1028 999 1071 humanum
1019 1042 1043 1070 a
1064 1027 1226 1070 diabolo
1248 1032 1415 1083 captum
1438 1041 1520 1069 non
1537 1028 1753 1083 pecuniam

73 1099 146 1143 sed
183 1100 397 1155 proprium
439 1100 680 1154 sanguinem
719 1099 832 1142 dedit
872 1100 914 1141 in
951 1100 1158 1154 precium,
1199 1099 1338 1141 volens
1371 1113 1413 1141 se
1446 1099 1588 1155 pocius
1624 1100 1754 1154 patri-

73 1171 211 1214 monio
243 1171 400 1214 scilicet
431 1172 516 1213 vita
548 1171 718 1227 propria
751 1171 928 1226 privare,
969 1185 1091 1225 quam
1123 1184 1252 1224 genus
1274 1170 1498 1212 humanum
1531 1171 1751 1214 dimittere.

1779 595 1801 628 ιἾ

737 1359 840 1402 CAP.
865 1361 932 1402 53.
967 1360 1099 1412 (148.)

448 1446 521 1492 De.
558 1447 686 1492 bonis
720 1447 968 1492 rectoribus
1005 1462 1099 1493 non
1135 1447 1373 1492 mutandis.
1782 1457 1825 1491 15

191 1543 379 1585 Valerius
419 1542 625 1585 Maximus
657 1544 796 1597 refert,
835 1543 944 1598 quod
982 1557 1075 1586 cum
1115 1557 1257 1585 omnes
1298 1543 1547 1599 Syracusani
1579 1547 1752 1585 mortem

74 1614 264 1670 Dyonisii
297 1619 488 1670 optarent
518 1615 626 1668 regis
659 1614 812 1668 Sicilie,
846 1615 1022 1670 quedam
1054 1615 1210 1657 femina
1241 1615 1463 1658 senectutis
1492 1613 1635 1656 ultime
1667 1615 1754 1656 sola

73 1687 287 1728 matutinis
319 1685 430 1728 horis
462 1686 560 1728 deos
591 1686 737 1739 oravit,
770 1691 815 1728 ut
846 1685 923 1728 sibi
948 1700 1022 1728 rex
1044 1691 1253 1742 superstes
1275 1686 1391 1728 tieret
1418 1686 1461 1727 in
1484 1686 1589 1728 hanc
1610 1686 1752 1740 vitam,

73 1758 188 1812 cujus
226 1757 429 1799 oracionis
462 1770 629 1799 causam
661 1757 886 1812 Dyonisius
919 1757 1129 1799 admirans
1163 1758 1214 1800 ab
1247 1771 1295 1799 ea
1328 1757 1517 1812 quesivit.
1572 1756 1658 1807 Que
1689 1771 1753 1799 re-

74 1828 258 1884 spondit:
311 1827 414 1870 Cum
461 1842 593 1870 essem
638 1828 795 1884 puella,
838 1841 1006 1882 gravem
1047 1833 1269 1884 tyrannum
1317 1828 1472 1871 habens
1520 1842 1565 1870 eo
1615 1842 1754 1871 carere
1779 1836 1824 1870 20

73 1900 241 1955 cupiens
273 1899 496 1941 secundum
530 1900 679 1955 recepi,
721 1914 798 1955 quo
831 1900 980 1942 iterum
1014 1914 1154 1942 carere
1187 1900 1355 1955 cupiens
1388 1900 1561 1942 tercium
1595 1900 1752 1955 recepi3

73 1971 222 2013 timens
262 1984 358 2024 ergo
398 1971 643 2013 deteriorem
676 1971 751 2013 tibi
783 1971 1019 2022 succedere3
1060 1971 1151 2013 ideo
1193 1985 1267 2026 pro
1307 1972 1392 2013 vita
1431 1975 1503 2013 tua
1541 1971 1652 2012 omni
1689 1971 1755 2014 die

73 2056 185 2096 rogo.
238 2041 462 2098 Dyonisius
494 2041 567 2084 hec
599 2041 768 2084 audiens
800 2042 980 2097 amplius
1012 2042 1245 2084 molestiam
1278 2052 1357 2084 non
1391 2043 1498 2084 fecit.

191 2114 478 2156 Moralizacio.
550 2112 784 2166 Car-issimi,
825 2113 867 2154 in
906 2114 1034 2155 veteri
1073 2117 1320 2156 testamento
1360 2113 1460 2155 deus
1500 2116 1589 2155 erat
1634 2112 1754 2155 valde

74 2189 261 2227 austerus
294 2189 335 2227 et
366 2183 467 2225 nulli
501 2184 708 2239 parcebat,
743 2184 839 2238 quia
871 2184 1033 2226 oculum
1066 2198 1140 2240 pro
1173 2184 1304 2238 oculo,
1338 2184 1502 2226 dentem
1535 2198 1609 2239 pro
1633 2184 1754 2226 dente
1778 2191 1823 2224 25

74 2259 166 2309 etc„
206 2255 277 2298 sed
315 2255 436 2297 modo
477 2268 550 2310 per
589 2267 753 2296 carnem
786 2258 991 2309 nostram,
1034 2269 1156 2310 quam
1196 2260 1477 2311 asumpserat,
1520 2255 1652 2297 sactus
1692 2260 1755 2298 est

74 2325 192 2368 nobis
231 2326 322 2382 pius
364 2339 410 2368 ac
441 2325 663 2381 propicius,
703 2330 744 2368 et
774 2326 864 2368 ideo
898 2327 1090 2368 continue
1121 2340 1237 2368 orare
1269 2326 1477 2380 debemus,
1521 2331 1567 2369 ut
1596 2326 1752 2368 nullum

75 2396 201 2439 alium
233 2397 444 2439 dominum
474 2396 712 2450 habeamus,
745 2411 867 2451 quam
900 2398 1110 2440 dominum
1134 2401 1320 2439 nostrum
1342 2397 1503 2440 Ihesum
1528 2397 1752 2452 Christum,

75 2468 142 2522 qui
175 2468 292 2511 nobis
325 2472 511 2524 prestare
543 2467 734 2521 dignetur
766 2472 841 2510 etc.

740 2662 841 2705 CAP.
864 2663 933 2705 54.
968 2663 1100 2714 (149.)
1776 2674 1822 2709 30

695 2749 769 2795 De
803 2765 942 2809 reyno
981 2748 1133 2795 celesti.

192 2858 421 2914 Imperator
450 2856 692 2900 Fredericus
733 2857 935 2900 secundus
973 2870 1095 2899 unam
1136 2861 1297 2913 portam
1342 2870 1618 2900 marmoream
1657 2871 1751 2900 con-

75 2929 228 2972 struxit
266 2929 372 2972 miro
410 2941 533 2985 opere
573 2941 697 2984 super
733 2932 901 2984 pontem
944 2941 1048 2983 aque
1085 2927 1250 2971 fluentis
1280 2941 1411 2985 prope
1441 2927 1666 2984 Caponam,
1707 2929 1750 2971 in
