1954 3137
167 295 233 336 10.

168 367 233 406 11.

84 675 88 679 -
167 647 232 688 13.

166 790 232 831 14.

166 860 232 902 15.

166 1003 232 1044 10.

116 1130 123 1138 ’
165 1144 231 1184 17.

164 1292 230 1333 18.

165 1440 231 1481 19.

161 1588 230 1629 20.

161 1664 230 1706 21.

162 1812 230 1852 22.

162 1958 230 1999 23.

163 2106 233 2147 24.

163 2253 232 2293 25.

163 2400 232 2440 26.

165 2547 233 2588 27.

167 2839 237 2880 29.

987 50 1044 92 24

282 151 345 194 De
367 151 557 208 principe
581 153 651 207 qui
674 153 864 198 inimicos
887 155 1145 198 intoxicavit.
1193 156 1257 200 De
1279 157 1456 212 quodam
1482 157 1681 213 principe.
1727 157 1865 210 (Wein

283 223 507 277 vergiftet.)
555 223 625 265 lat.
653 224 720 266 88.

283 294 346 336 De
379 294 676 337 consuetudine
710 298 786 338 010.
835 296 923 338 Rex
957 297 1124 352 quidam
1159 301 1259 340 erat.
1310 298 1426 350 (Drei
1459 299 1607 353 ringe.)
1653 299 1725 341 lat.
1751 300 1818 342 89.

283 365 345 407 De
386 364 555 406 obtenta
595 365 881 409 misericordia
921 381 995 423 per
1034 368 1198 410 beatam
1233 369 1436 422 virginem
1468 370 1658 412 Mariam.
1710 369 1866 413 Narrat

282 435 489 477 Eusebius
521 436 564 476 in
598 437 787 479 cronicis.
841 438 1083 491 (Coriolan.)
1130 439 1202 481 lat.
1232 441 1326 481 137.

283 505 346 548 De
370 506 588 560 peregrino
612 512 825 562 pugnante
848 522 940 550 011111
964 514 1154 564 tyranno.
1196 510 1378 560 Quedam
1402 510 1553 553 nobilis
1574 510 1712 553 vidua.
1746 509 1865 562 (Stab

283 577 368 618 und
400 577 573 628 tasche.)
621 577 693 620 lat.
720 579 788 620 25.

283 647 346 689 De
378 661 475 701 rege
508 652 549 690 et
580 649 818 691 senascalco
853 654 893 692 et
923 651 1066 692 amicis
1090 651 1190 705 ejus.
1238 650 1443 693 Narratur
1465 651 1575 705 quod
1597 650 1766 705 quidam
1787 651 1865 694 im-

282 722 461 773 perator.
513 719 841 771 (Kaisertochter
875 721 959 762 und
991 722 1222 774 seneschah
1258 724 1283 763 3
1314 722 1519 774 freunde.)
1566 735 1695 775 germ.
1722 722 1789 763 11.

282 788 345 831 De
378 790 520 844 iniquo
547 791 699 844 judice.
747 791 852 833 Erat
883 792 1052 846 quidam
1084 793 1325 847 imperator.
1375 791 1631 844 (Schinden.)
1678 792 1749 834 lat.
1775 793 1843 834 29.

282 859 345 902 De
377 860 603 903 honoribus
636 862 804 903 victoris
839 866 879 904 et
910 862 1112 905 molestiis
1146 864 1246 918 ejus.
1303 863 1479 914 Quidam
1512 863 1741 918 imperator
1771 863 1862 906 fuit.

285 931 536 986 (Triumph.)
584 931 690 973 131.·
686 933 750 974 30.

284 1002 347 1044 De
380 1006 513 1044 1110110
545 1002 806 1045 Allexandri.
865 1003 928 1046 De
960 1008 1094 1047 morte
1127 1004 1358 1047 allexandri
1390 1018 1483 1046 cum
1517 1004 1732 1060 sepultura
1763 1005 1863 1059 ejus.

283 1073 560 1125 (Alexanders
594 1073 847 1127 beglabnis.)
895 1074 1005 1117 lat
993 1076 1060 1116 3.1

279 1143 343 1186 De
376 1143 523 1185 arbore
556 1147 597 1186 et
629 1145 828 1187 uxoribus
861 1145 1088 1200 suspensis.
1145 1144 1286 1187 Refert
1315 1145 1505 1187 Valeiius
1546 1145 1656 1199 quod
1696 1145 1866 1200 quidam

280 1218 492 1269 paternus.
543 1214 865 1268 (Hangebaum.)
913 1215 985 1257 lat.
1011 1217 1079 1257 33.

280 1291 344 1333 De
390 1292 536 1345 regina
575 1295 615 1333 et
656 1291 816 1334 duobus
856 1292 967 1334 filiis.
1031 1292 1206 1347 Pipinus
1246 1293 1448 1346 regnavit.
1513 1291 1742 1344 (Stiefkind
1780 1293 1865 1335 und

280 1363 453 1415 eignes.)
501 1362 573 1404 lat.
602 1363 697 1404 116.

278 1439 342 1481 De
364 1439 567 1494 Dyogene
600 1439 848 1494 philosopho
883 1443 923 1481 et
944 1440 1202 1482 Allexandro
1235 1443 1275 1481 et
1306 1440 1393 1481 vita
1423 1443 1578 1482 nostra.
1627 1438 1768 1482 Refert
1790 1438 1866 1482 Sa-

278 1514 440 1552 turnus.
493 1509 718 1563 (Diogenes
752 1511 836 1552 und
868 1510 1138 1562 Alexander.)
1186 1524 1314 1564 germ.
1343 1511 1408 1551 15).

280 1587 344 1629 De
376 1585 591 1628 sacrificio.
642 1586 785 1628 Refert
808 1587 998 1629 Valerius
1032 1588 1073 1628 in
1106 1587 1233 1628 tercio
1255 1586 1374 1628 libro.
1422 1585 1601 1637 (Kohle.)
1645 1599 1774 1640 germ.
1796 1587 1862 1629 16.

280 1663 342 1705 De
376 1663 523 1705 arbore
556 1663 709 1704 infecta
733 1668 774 1704 01
796 1663 845 1705 de
868 1664 974 1705 bono
999 1664 1202 1705 ortulano.
1254 1662 1371 1705 Sicut
1392 1663 1450 1704 ait
1471 1662 1696 1705 Polomius.
1742 1663 1865 1715 (The-

280 1734 404 1785 riak.)
453 1746 583 1786 germ.
614 1735 678 1775 17.

280 1810 344 1852 De
376 1810 569 1865 ymagine
603 1815 643 1852 01
674 1824 802 1863 regno
834 1811 979 1852 mundi
1014 1815 1054 1852 et
1086 1823 1222 1865 pomo.
1272 1810 1414 1852 Refert
1444 1809 1701 1851 Allexander
1731 1809 1866 1865 philo-

281 1881 448 1935 sophus.
498 1881 669 1934 (Virgils
704 1881 819 1929 hild.)
870 1894 998 1933 germ.
1027 1882 1093 1922 18.

280 1957 343 1999 De
377 1958 516 1998 anima
551 1957 785 1999 adulterata
818 1961 859 1998 et
892 1959 1136 2000 austeritate
1169 1957 1314 2013 patris.
1363 1956 1468 1998 Erat
1494 1956 1661 2011 quidam
1683 1956 1865 2012 impera-

279 2032 357 2069 tor.
409 2027 539 2073 (Sohn
571 2028 706 2070 todtet
737 2032 893 2070 mutter
924 2029 1068 2078 nicht.)
1115 2028 1186 2070 lat.
1214 2029 1310 2069 100.

282 2105 412 2146 Rome
463 2107 689 2159 patuerunt
736 2105 913 2159 hyancia
958 2105 1133 2147 infinita.
1196 2104 1243 2146 In
1281 2104 1418 2146 medio
1457 2117 1597 2147 rome.
1651 2103 1863 2157 (Anillus.)

282 2174 497 2226 (Curtius.)
546 2174 616 2216 lat.
640 2176 710 2216 43.

282 2251 344 2293 De
391 2251 462 2292 illo
511 2252 579 2305 qui
625 2264 698 2292 vas
737 2251 914 2293 vitreum
958 2252 1112 2294 ductile
1151 2252 1313 2294 obtulit.
1377 2251 1580 2307 Tyberius
1620 2251 1861 2306 imperator.

282 2321 544 2372 (Dehnbares
577 2321 697 2374 glas)
746 2321 819 2363 lat.
843 2323 913 2363 44.

283 2398 345 2439 De
378 2397 517 2453 puella
540 2402 580 2439 et
600 2399 764 2439 nuncio.
806 2398 910 2439 Erat
933 2399 1099 2453 quidam
1122 2399 1364 2454 imperator.
1407 2397 1745 2453 (Kaisertochter,
1771 2399 1863 2455 pal-

280 2469 391 2520 last.)
440 2482 568 2521 germ.
594 2469 662 2510 22.

283 2545 346 2587 De
387 2548 565 2599 quatuor
597 2545 810 2587 heremitis
844 2549 884 2587 et
914 2546 1139 2588 virtutibus
1173 2559 1327 2588 eorum.
1382 2545 1554 2599 Legitur
1585 2545 1628 2587 in
1659 2546 1756 2588 vitis
1787 2560 1861 2603 pa-
1937 2568 1943 2572 -

281 2620 406 2657 1111111.
457 2615 573 2657 011110
605 2615 788 2657 moralis.
839 2615 1021 2667 (Grosste
1053 2617 1239 2669 tugend.)
1290 2630 1384 2672 app.
1412 2618 1449 2657 1.

283 2692 346 2734 De
385 2692 529 2745 regina
562 2705 640 2746 que
673 2696 756 2734 tres
789 2692 894 2734 filios
929 2707 978 2734 ex
1012 2693 1214 2736 adulterio
1247 2697 1324 2736 etc.
1379 2692 1557 2742 Quidam
1588 2706 1662 2734 rex
1694 2693 1859 2736 nobilis.

285 2762 545 2814 (Schiessen.)
594 2763 665 2804 lat.
689 2763 758 2803 45.

285 2838 349 2880 De
380 2839 470 2880 fure
503 2843 544 2882 et
575 2852 704 2881 uxore
727 2843 768 2880 et
789 2838 952 2894 hospite
974 2839 1185 2893 vigilante.
1233 2839 1409 2890 Quidam
1430 2839 1510 2881 fur.
1551 2839 1859 2893 (Mondstrahl.)

283 2908 354 2950 lat.
380 2909 474 2950 136.
