1949 3162
1020 102 1106 143 404

226 209 280 251 Et
312 207 400 250 ille:
434 207 674 264 Hospicium
709 221 846 263 quero.
896 206 1006 250 Civis
1039 220 1134 249 vero
1168 207 1216 248 ad
1250 207 1416 248 domum
1449 220 1565 248 suam
1597 219 1687 248 cum
1722 209 1808 247 tota
1838 206 1897 248 fa-

227 280 342 322 milia
382 294 456 321 sua
496 280 613 321 duxit
651 283 691 321 et
730 279 942 334 splendide
984 278 1042 320 eis
1082 278 1344 319 ministravit.
1400 277 1501 319 Cum
1543 291 1637 319 vero
1676 277 1719 318 in
1758 290 1901 319 mensa

228 351 429 404 sederent,
465 351 654 392 dominus
688 349 910 403 Gregorius
944 348 1096 403 hospiti
1131 349 1253 390 dixit:
1288 348 1477 402 Domine,
1512 348 1642 403 qualis
1676 351 1738 390 est
1758 348 1902 390 civitas

227 423 299 465 illa
337 427 376 464 et
416 423 506 476 quis
546 421 734 463 dominus
777 420 894 461 istius
928 418 1063 461 terre?
1110 419 1167 461 At
1198 419 1286 461 ille:
1321 419 1563 472 Carissime,
1606 433 1731 461 unum
1766 419 1899 461 virum

180 497 201 530 5
228 493 430 535 valentem
470 493 759 548 imperatorem
800 491 1037 544 habuimus,
1079 491 1147 544 qui
1189 495 1372 533 mortuus
1413 495 1474 532 est
1513 491 1553 532 in
1595 494 1706 532 terra
1747 494 1902 544 sancta,

227 565 296 620 qui
336 564 490 606 nullum
531 563 719 605 heredem
760 567 899 617 preter
930 575 1046 603 suam
1080 575 1261 603 sororem
1305 566 1396 616 post
1427 575 1469 603 se
1508 561 1693 616 reliquit3
1736 561 1901 615 quidam

228 636 310 678 dux
343 649 432 677 eam
473 636 513 676 in
554 648 723 676 uxorem
766 634 910 688 peciit,
953 646 1029 687 que
1070 632 1182 674 nullo
1216 633 1335 674 modo
1377 632 1562 688 copulari
1600 632 1796 684 intendit3
1835 631 1904 674 ille

228 720 277 749 ex
318 707 392 749 hoc
432 707 670 760 indignatus
711 709 842 747 totum
883 717 1054 757 regnum
1093 704 1204 745 istud
1242 708 1415 759 excepta
1455 703 1620 746 civitate
1659 704 1740 745 ista
1780 716 1904 744 manu

227 778 324 819 sorti
358 778 588 832 acquisivit.
638 777 711 818 Ait
743 776 881 817 miles:
914 774 1124 829 Numquid
1158 779 1359 817 secretum
1392 775 1525 816 cordis
1556 774 1637 817 mei
1669 778 1812 829 potero
1843 787 1905 816 se-

160 854 202 887 10
228 862 323 890 cure
357 847 602 904 propalare?
649 848 706 889 At
737 847 827 888 ille:
862 846 1064 900 Domine,
1098 846 1248 899 eciam,
1282 859 1372 887 cum
1406 846 1516 887 omni
1549 846 1781 888 securitate.
1829 843 1906 895 Qui

229 921 305 962 ait:
354 920 472 962 Miles
505 933 615 970 su1n;
657 919 690 960 si
724 918 879 973 placet,
920 917 984 959 die
1016 917 1197 958 crastina
1237 917 1286 958 ad
1321 916 1524 972 palacium
1563 930 1710 972 pergas
1742 921 1783 959 et
1813 929 1903 958 cum

229 991 452 1034 senescallo
486 1003 715 1032 sermonem
758 988 807 1030 de
849 1002 913 1030 me
946 988 1090 1041 facias,
1131 989 1238 1043 quod
1272 989 1306 1030 si
1338 988 1535 1030 salarium
1575 988 1701 1030 michi
1733 987 1905 1040 dederit,

229 1077 302 1119 pro
319 1063 488 1117 justicia
510 1061 673 1103 domine
697 1061 773 1102 isto
797 1074 902 1103 anno
926 1060 1130 1114 pugnabo.
1177 1060 1250 1101 Ait
1271 1060 1393 1102 civis:
1426 1059 1516 1101 Non
1539 1059 1694 1112 dubito,
1728 1058 1905 1111 domine,

230 1135 327 1189 quin
368 1134 416 1175 de
457 1133 634 1174 adventu
666 1136 735 1173 tuo
775 1130 969 1185 gaudebit
1005 1134 1092 1171 toto
1125 1131 1266 1182 corde3
1308 1130 1372 1172 die
1405 1130 1584 1172 crastiua
1617 1130 1668 1172 ad
1700 1130 1904 1185 palacium

165 1216 204 1249 15
229 1219 397 1261 pergam
440 1208 480 1246 et
516 1203 637 1245 finem
679 1202 798 1255 hujus
837 1203 897 1244 rei
935 1202 1097 1243 faciam.
1151 1201 1272 1243 Mane
1312 1202 1512 1255 surrexit,
1553 1202 1603 1243 ad
1636 1201 1906 1244 senescallum

231 1277 417 1332 perrexit
450 1280 489 1317 et
521 1275 570 1316 de
603 1274 780 1316 adventu
814 1274 899 1328 ejus
931 1273 1152 1315 intimavit.
1202 1272 1273 1314 Ille
1296 1286 1375 1314 non
1399 1273 1606 1314 modicum
1627 1273 1810 1327 gaudens
1833 1285 1907 1328 pro

231 1348 396 1390 domino
430 1346 628 1399 Gregorio
662 1344 855 1386 nuncium
889 1344 1121 1387 destinavit.
1171 1343 1272 1385 Cum
1308 1357 1398 1386 eum
1433 1344 1616 1397 vidisset,
1649 1343 1813 1385 domine
1847 1346 1908 1384 est

231 1422 490 1474 presentatus
523 1421 563 1459 et
594 1415 767 1458 multum
801 1415 1123 1457 commendatus.
1172 1414 1298 1464 Quem
1323 1428 1412 1456 cum
1438 1415 1620 1469 vidisset,
1652 1415 1796 1457 intime
1814 1427 1906 1456 eum

230 1491 432 1545 respexit3
473 1488 543 1531 sed
577 1487 684 1542 quod
717 1490 806 1529 erat
836 1485 944 1527 filius
978 1486 1064 1540 ejus
1098 1485 1260 1540 penitus
1291 1486 1527 1539 ignorabat3
1566 1487 1655 1541 ipse
1687 1500 1779 1528 eum
1812 1485 1907 1527 sub-

161 1569 206 1602 20
232 1575 410 1603 mersum
444 1575 467 1602 a
498 1559 638 1602 multis
671 1559 789 1600 annis
820 1557 1007 1610 credidit,
1043 1557 1291 1599 senescallus
1324 1558 1366 1599 in
1395 1557 1608 1613 presencia
1631 1557 1793 1599 domine
1815 1569 1906 1599 eum

232 1633 447 1684 conduxit,
496 1637 541 1672 ut
581 1644 653 1685 per
685 1630 890 1683 integrum
931 1642 1080 1670 annum
1125 1628 1161 1670 ei
1200 1628 1468 1671 ministraret.
1521 1628 1600 1670 Die
1639 1628 1819 1670 crastina
1857 1627 1908 1670 ad

233 1704 383 1746 bellum
418 1716 460 1744 se
492 1706 625 1758 parat,
660 1702 775 1743 adest
806 1700 887 1741 dux
920 1700 962 1741 in
994 1713 1140 1755 campo
1172 1713 1263 1741 cum
1297 1700 1478 1742 exercitu
1512 1713 1682 1754 magno,
1719 1699 1908 1742 dominus

233 1773 453 1828 Gregorius
488 1773 637 1815 bellum
673 1772 931 1826 aggreditur,
976 1784 1116 1812 omnes
1152 1772 1404 1825 penetravit,
1439 1785 1648 1826 quousque
1681 1771 1732 1813 ad
1764 1771 1907 1813 ducem

232 1847 442 1901 pervenit,
491 1858 609 1898 quein
653 1845 694 1886 in
735 1843 876 1885 eodem
916 1842 1005 1884 loco
1045 1842 1194 1884 occidit
1232 1846 1272 1883 et
1310 1846 1434 1897 caput
1471 1842 1557 1896 ejus
1600 1842 1831 1898 amputavit
1870 1845 1911 1884 et

164 1922 208 1956 25
234 1917 446 1959 victoriam
489 1915 677 1957 obtinuit.
725 1913 844 1956 Miles
884 1927 980 1956 vero
1020 1917 1114 1968 post
1146 1913 1218 1955 hec
1257 1913 1306 1955 de
1338 1913 1402 1956 die
1441 1913 1483 1954 in
1515 1913 1623 1955 diem
1656 1912 1908 1969 proficiebat,

233 1988 344 2029 fama
384 1988 470 2041 ejus
508 1986 688 2040 undique
728 1985 947 2038 circuibat,
981 1985 1039 2026 sic
1078 1984 1185 2038 quod
1225 1988 1442 2039 antequam
1477 1998 1608 2026 annus
1639 1984 1786 2026 fuisset
1819 1982 1908 2038 [68]

235 2059 474 2114 completus,
516 2062 647 2099 totum
680 2070 851 2110 regnum
894 2069 918 2097 a
950 2055 1138 2097 manibus
1171 2055 1431 2097 inimicorum
1472 2055 1703 2110 acquisivit.
1750 2054 1911 2097 Deinde

236 2130 288 2171 ad
320 2129 590 2171 senescallum
624 2128 736 2170 venit
774 2132 814 2170 et
845 2127 921 2168 ait:
970 2125 1213 2180 Carissime,
1248 2126 1361 2168 vobis
1393 2131 1573 2180 constat,
1615 2126 1657 2168 in
1690 2139 1768 2181 quo
1801 2130 1912 2168 statu

236 2215 307 2243 vos
338 2201 478 2243 iuveni
510 2204 550 2242 et
582 2200 632 2241 ad
665 2213 784 2253 quem
819 2202 969 2239 statum
1005 2198 1122 2250 duxi3
1155 2211 1252 2251 rogo
1277 2211 1386 2251 erge,
1415 2197 1532 2240 trade
1554 2197 1677 2239 michi
1700 2196 1910 2251 salarium,

167 2278 211 2311 30
237 2273 332 2326 quia
363 2272 485 2314 tendo
519 2284 688 2327 pergere
722 2270 772 2312 ad
805 2269 930 2310 alium
962 2282 1146 2322 regnum.
1194 2269 1268 2310 Ait
1289 2268 1556 2311 senescallus:
1596 2268 1787 2322 Domine,
1820 2267 1912 2323 plus

237 2343 437 2396 meruisti,
462 2356 582 2396 quam
608 2356 656 2383 ex
679 2341 952 2383 convencione
972 2343 1161 2382 tenemur
1183 2340 1276 2392 tibi;
1309 2340 1400 2382 ideo
1424 2340 1473 2382 ad
1497 2339 1705 2381 dominam
1728 2343 1911 2381 nostram

237 2428 428 2470 pergam,
468 2419 513 2454 ut
553 2413 601 2455 de
634 2417 743 2454 statu
783 2425 829 2453 ac
860 2411 1047 2453 mercede
1084 2411 1205 2453 finem
1239 2412 1400 2453 faciam.
1454 2410 1555 2453 Cum
1590 2414 1725 2453 autem
1758 2410 1810 2452 ad
1843 2410 1913 2452 do-

238 2486 392 2527 minam
428 2485 619 2536 venisset,
653 2484 729 2525 ait:
778 2482 810 2525 O
844 2483 1010 2524 domina
1040 2482 1273 2536 carissima,
1306 2482 1440 2524 dicam
1474 2481 1587 2524 vobis
1620 2481 1758 2536 aliqua
1788 2481 1914 2539 verba

241 2556 433 2611 proficua,
467 2569 517 2597 ex
550 2555 710 2596 defectu
742 2554 888 2608 capitis
922 2554 1060 2595 omnia
1090 2553 1200 2595 mala
1233 2553 1523 2604 sustinuimus3
1554 2552 1646 2594 ideo
1677 2553 1829 2595 bonum
1853 2555 1916 2594 est

170 2631 214 2665 35
240 2628 374 2668 virum
407 2627 605 2681 accipere,
641 2639 712 2680 per
745 2638 864 2679 quem
898 2625 1122 2680 poterimus
1163 2625 1212 2667 de
1244 2629 1378 2667 cetero
1411 2623 1543 2665 securi
1575 2636 1676 2665 esse.
1728 2623 1913 2677 Regnum

241 2702 421 2739 vestrum
455 2698 495 2738 in
531 2696 690 2737 diviciis
723 2695 946 2749 habundat,
980 2699 1021 2738 et
1050 2696 1141 2737 ideo
1173 2696 1304 2737 virum
1339 2698 1509 2750 propter
1538 2693 1708 2736 divicias
1730 2693 1916 2748 accipere

240 2782 321 2810 non
354 2767 544 2819 consu103
586 2767 692 2808 unde
724 2766 886 2820 ignoro,
928 2767 998 2809 ubi
1029 2766 1176 2809 melius
1209 2766 1259 2807 ad
1292 2765 1487 2807 honorem
1520 2768 1701 2806 vestrum
1734 2768 1775 2807 et
1805 2776 1914 2806 com-

242 2839 408 2880 modum
441 2838 572 2879 tocius
609 2836 749 2892 populi
788 2838 974 2891 poteritis
1015 2838 1147 2879 virum
1181 2837 1384 2892 accipere,
1417 2849 1539 2890 quam
1571 2835 1781 2877 dominum
1814 2833 1915 2877 Gre-

242 2910 414 2962 gorium.
461 2908 534 2950 Illa
567 2921 661 2950 vero
695 2907 851 2949 solebat
883 2922 1045 2963 semper
1076 2907 1344 2963 respondere:
1377 2906 1516 2948 Voveo
1545 2906 1634 2959 deo,
1668 2905 1775 2960 quod
1798 2918 1916 2946 num-

172 2988 217 3022 40
243 2993 366 3034 quam
399 2979 621 3035 copulabor
653 2979 753 3020 viro.
804 2977 882 3019 Sed
925 2979 974 3020 ad
1015 2979 1183 3021 verbum
1216 2977 1429 3020 senescalli
1468 2977 1574 3018 diem
1608 2974 1915 3018 deliberationis
