1929 3157
91 1154 158 1196 68.

89 1297 157 1338 69.

89 1439 157 1481 70.

88 1581 156 1622 71.

86 1723 154 1765 72.

81 2505 150 2546 78.

81 2646 148 2687 79.

80 2785 148 2828 80.

79 2926 147 2969 81.

911 59 989 99 179

110 180 120 201 ›
153 195 163 204 .
212 162 345 213 (Ohne
377 161 656 209 siberschrift.)
709 164 836 204 Cesar
875 163 1042 217 quidam
1078 164 1265 217 regnavit
1301 165 1368 218 qui
1403 165 1551 207 statuit
1583 179 1657 220 pro
1690 165 1793 219 lege.

213 232 338 282 (Zwei
370 232 514 274 frauen
547 233 763 283 entfiihrt.)
817 233 888 275 lat.
913 236 953 275 4.

154 336 163 345 .
212 303 274 346 De
300 304 453 357 juvene
487 316 510 344 a
542 305 690 358 piratis
724 308 857 359 capto.
917 304 1001 346 Rex
1037 305 1205 358 quidam
1240 306 1441 358 regnavit.
1498 305 1795 356 (Raubertoch-

212 376 306 423 ter.)
354 373 425 416 lat.
451 375 490 415 ι’).
1711 432 1714 435 Δ

212 445 273 487 De
309 445 440 486 milite
474 445 590 497 cujus
625 445 731 486 iilius
767 446 1026 487 meretricem
1063 446 1223 500 accepit
1255 450 1399 488 contra
1434 447 1687 490 voluntatem
1724 461 1796 503 pa-

210 516 299 558 tris.
350 515 652 571 Dyocleciauus
686 517 888 569 regnavit.
941 516 1246 567 (Brudcrneid.)
1294 516 1365 558 lat.
1393 518 1430 558 7.

211 586 272 629 De
313 587 565 642 imperatore
606 587 674 641 qui
710 587 836 629 liliam
871 589 979 639 regis
1014 588 1293 643 desponsavit.
1354 588 1500 630 Index:
1543 588 1604 631 De
1637 589 1795 631 duobus

163 653 174 671 ¹
210 657 453 712 conjugibus
488 671 568 699 uno
604 662 779 700 mortuo.
832 659 1023 709 (Todtem
1057 672 1208 700 manne
1240 658 1409 712 folgen.)
1457 659 1527 701 lat.
1555 661 1592 701 6.

125 729 160 770 ”.
210 728 272 771 De
309 728 442 770 tribus
487 729 716 782 virginibus
759 729 799 770 in
841 729 996 784 templo
1037 743 1120 771 una
1160 729 1340 772 habebat
1377 744 1545 772 manum
1580 735 1794 773 extensam

210 799 262 842 ad
295 799 507 855 populum.
558 798 642 841 Leo
677 800 879 853 regnavit.
931 799 1122 851 (Statuen
1155 801 1401 853 bestehlen.)
1448 800 1520 844 lat.
1547 805 1584 842 8.

149 902 159 912 .
207 870 270 913 De
302 870 386 912 filio
420 871 490 925 qui
523 884 687 926 semper
720 872 829 925 patri
863 871 1037 913 iusidias
1070 872 1168 914 fecit
1201 876 1241 914 et
1273 876 1411 914 tamen
1446 872 1488 913 in
1513 871 1594 914 fine
1623 871 1795 915 desiste-

209 941 292 984 bat.
343 941 600 984 Allexander
632 942 834 995 regnavit.
885 941 1015 993 (Sohn
1048 942 1162 984 stellt
1193 947 1310 986 vater
1341 943 1479 995 nach.)
1527 942 1597 985 lat.
1623 944 1662 984 9.

151 1045 159 1054 .
207 1012 271 1055 De
303 1026 400 1066 rege
434 1026 555 1067 quem
590 1014 775 1068 oportuit
808 1013 910 1055 duos
944 1014 1118 1055 annulos
1140 1014 1277 1056 facere
1301 1027 1374 1057 sue
1396 1014 1529 1057 uxori.
1555 1039 1609 1043 —
1638 1014 1795 1071 Vespa-

207 1084 348 1126 sianus
379 1084 581 1137 regnavit.
631 1084 755 1138 (Ring
787 1084 860 1126 der
894 1083 1229 1138 vergessenheit.)
1278 1085 1349 1127 lat.
1379 1087 1444 1127 10.

207 1153 270 1197 De
302 1154 470 1197 Allexio
504 1156 575 1211 qui
609 1155 778 1198 domum
811 1156 943 1211 patris
975 1155 1157 1210 reliquit.
1211 1155 1388 1206 Quidam
1422 1157 1663 1213 imperator.
1714 1156 1790 1208 (St.

207 1225 415 1278 Alexius.)
462 1226 533 1268 lat.
562 1228 627 1268 15.

206 1295 269 1339 De
303 1298 448 1351 regina
481 1311 559 1352 que
592 1311 642 1340 ex
676 1298 846 1353 proprio
880 1297 963 1339 tilio
998 1298 1188 1354 concepit
1220 1298 1350 1341 filium
1383 1303 1424 1342 et
1456 1298 1632 1341 eundem
1665 1299 1793 1342 inter-

204 1368 314 1411 fecit.
346 1393 400 1397 -—
434 1368 610 1419 Quidam
644 1369 872 1425 imperator
905 1372 1006 1411 erat.
1057 1369 1118 1420 (C.
1142 1369 1193 1411 D.
1220 1369 1274 1412 M.
1298 1369 1363 1422 R.)
1411 1370 1482 1412 lat.
1510 1371 1577 1412 13.

206 1438 269 1482 Dc
301 1439 391 1493 lege
424 1440 533 1494 quod
565 1440 638 1481 filii
672 1444 867 1495 parentes
901 1440 1105 1482 suscitant
1137 1445 1178 1483 et
1210 1444 1330 1496 patre
1362 1445 1496 1497 capto.
1555 1440 1792 1484 Dorotheus

206 1510 353 1552 statuit
383 1524 458 1566 pro
491 1511 593 1565 lege.
645 1511 789 1563 (Vater
822 1511 920 1553 oder
952 1514 1107 1554 mutter
1138 1511 1307 1566 folgen.)
1355 1512 1427 1554 lat.
1455 1513 1521 1553 14.

205 1580 269 1623 De
308 1582 507 1636 gorgonio
549 1583 753 1636 quomodo
794 1582 925 1624 filium
959 1583 1093 1638 prime
1127 1584 1268 1625 uxoris
1302 1587 1423 1626 extra
1454 1596 1627 1636 regnum
1661 1583 1788 1626 misit.

205 1651 439 1707 Gorgonius
472 1653 674 1707 regnavit.
724 1653 868 1705 (Vater
901 1653 1052 1708 heilen,
1085 1658 1241 1696 mutter
1272 1655 1418 1707 nicht.)
1471 1654 1543 1696 lat.
1574 1655 1669 1697 112.

202 1723 265 1766 De
313 1724 566 1780 imperatore
614 1725 683 1779 qui
725 1728 811 1767 tam
854 1725 1032 1768 multum
1071 1729 1338 1768 tornamenta
1377 1725 1538 1768 dilexit.
1600 1725 1790 1768 Adonias

202 1795 406 1849 regnavit.
458 1795 682 1848 (Turnier.)
731 1795 802 1838 lat.
834 1797 929 1838 113.

201 1865 264 1908 De
304 1866 484 1921 quodam
523 1880 707 1923 paupere
748 1867 818 1921 qui
859 1867 901 1908 in
940 1867 1103 1909 foveam
1143 1868 1294 1910 cecidit
1332 1869 1376 1910 in
1415 1881 1497 1923 qua
1538 1872 1627 1911 erat
1664 1868 1789 1911 draco

201 1936 425 1980 horribilis.
450 1962 506 1967 -—
538 1938 642 1981 Erat
675 1938 844 1993 quidam
877 1951 964 1980 rex.
1016 1938 1455 1991 (Drachenschwanz.)
1504 1939 1575 1982 lat.
1604 1941 1700 1982 114.

200 2006 264 2050 De
312 2008 532 2064 elephante
579 2012 701 2064 capto
740 2022 815 2064 pei
856 2008 958 2051 duas
1000 2010 1196 2063 virgines.
1231 2035 1285 2039 -
1328 2010 1504 2060 Quidam
1544 2010 1785 2067 imperator.

201 2078 328 2129 (Zwei
360 2080 510 2122 nackte
535 2080 821 2134 jungfrauen.)
874 2079 945 2122 lat.
974 2081 1071 2122 115.

143 2182 151 2191 .
199 2149 263 2192 De
303 2150 463 2193 duobus
501 2150 598 2193 filiis
640 2151 867 2207 equalibus.
933 2149 1120 2206 Pupinus
1149 2152 1361 2206 regnavit.
1427 2151 1659 2204 (Stiefkind
1700 2153 1785 2195 und

199 2220 393 2273 rechtes.)
441 2221 514 2264 lat.
543 2223 639 2263 116.

198 2290 262 2334 De
294 2296 437 2335 sancto
469 2292 695 2335 Eustachio
728 2292 873 2335 milite.
924 2292 1166 2345 (Placidus.)
1214 2293 1287 2336 lat.
1314 2295 1410 2336 110.

198 2362 262 2406 De
292 2362 504 2406 Pollomeo
538 2364 608 2418 qui
640 2377 813 2418 regnum
845 2363 1001 2418 legavit
1023 2365 1300 2420 primogenito
1324 2378 1398 2407 suo
1421 2363 1519 2406 filio.
1568 2363 1782 2408 Pollonius

199 2434 402 2488 regnavit.
452 2433 555 2485 (Der
585 2434 769 2486 faulste.)
818 2434 889 2477 lat.
915 2435 983 2476 91.

198 2503 447 2558 Fulgencius
487 2509 724 2560 serpentem
764 2506 970 2561 percussit
1007 2508 1048 2548 et
1078 2505 1171 2548 ideo
1205 2506 1346 2548 omnia
1376 2506 1487 2549 bona
1518 2520 1595 2549 sua
1626 2507 1778 2549 amisit.

197 2575 446 2629 Fulgencius
479 2576 680 2630 regnavit.
731 2575 967 2631 (Schlange,
1001 2576 1158 2628 milch.)
1210 2576 1282 2618 lat.
1310 2577 1406 2618 141.

198 2645 262 2688 De
303 2647 464 2688 ciconia
503 2660 581 2701 que
621 2650 792 2702 propter
825 2647 1074 2690 adulterium
1109 2647 1161 2689 ab
1193 2646 1287 2690 aliis
1319 2647 1490 2690 ciconiis
1523 2650 1586 2690 est
1617 2650 1778 2690 necata.

197 2715 373 2766 Quidam
405 2717 538 2759 miles.
589 2716 831 2770 (Storchin.)
876 2717 948 2760 lat.
974 2719 1042 2760 82.

196 2786 410 2837 Quomodo
461 2802 585 2842 argus
633 2801 803 2830 vaccam
850 2788 927 2831 sibi
967 2788 1234 2831 commissam
1272 2801 1366 2831 oum
1408 2788 1545 2830 aureis
1584 2788 1778 2832 cornibus

196 2858 390 2913 perdidit.
417 2882 469 2887 —
505 2858 682 2909 Quidam
715 2858 848 2901 miles.
898 2859 1085 2913 (Argus.)
1133 2859 1205 2901 lat.
1233 2861 1328 2901 111.

195 2926 259 2971 De
291 2941 365 2972 sex
396 2929 641 2972 ministeriis
675 2942 754 2984 que
785 2928 908 2972 Gidio
941 2929 1098 2985 optime
1130 2929 1264 2972 scivit.
1314 2928 1521 2981 (Abibas.)
1568 2928 1641 2971 lat.
1669 2929 1734 2970 17.

1416 3002 1493 3038 12*
