1949 3162
989 77 1076 118 490

193 195 344 238 Sextus
392 204 487 234 vero
536 188 741 244 completa
779 184 951 228 libidine
996 182 1186 233 recessit3
1233 180 1326 235 ipsa
1371 191 1466 220 vero
1511 175 1687 219 multum
1735 172 1877 216 dolens

194 269 354 322 patrem
388 267 429 305 et
459 261 679 312 maritum,
719 259 870 300 fratres
908 259 949 298 et
985 255 1300 309 imperatorem,
1339 253 1509 305 nepotes
1542 251 1582 290 et
1615 244 1878 302 proconsules

194 335 358 378 vocavit
379 347 452 389 per
472 332 648 383 litteras,
683 342 783 384 quos
808 340 949 369 omnes
972 329 1184 382 presentes
1207 324 1266 365 sic
1287 321 1511 375 alloquitur
1535 319 1692 360 dicens:
1729 316 1879 359 Sextus

196 408 364 449 domum
387 417 521 446 meam
554 403 727 445 intravit
757 400 886 442 hostis
918 411 993 454 pro
1016 396 1191 451 hospite.
1241 393 1355 436 Scias
1386 396 1445 445 tu,
1478 404 1500 432 o
1523 389 1724 441 Colatine,
1755 387 1881 430 vesti-

149 484 170 519 5
196 482 336 521 menta
374 476 452 517 viri
492 474 615 516 alieni
653 474 695 514 in
728 472 832 513 lecto
865 475 934 512 tuo
966 469 1105 510 fuisse.
1162 466 1485 519 Verumptamen
1517 461 1615 503 licet
1645 472 1795 515 corpus
1827 458 1882 500 sit

197 549 417 600 violatum,
457 546 618 588 animus
658 548 797 585 tamen
840 545 902 583 est
932 541 1142 582 innocens.
1199 537 1292 579 Ideo
1326 550 1349 577 a
1381 534 1504 589 culpa
1534 546 1600 575 me
1631 530 1817 584 absolve,
1859 542 1884 571 a

197 634 305 676 pena
335 623 476 660 tamen
507 631 587 659 non
620 615 839 658 liberabor.
890 611 1036 654 Statim
1071 623 1163 651 cum
1195 608 1332 662 gladio
1365 605 1568 648 occultato
1601 603 1677 645 sub
1707 600 1884 644 clamide

198 691 369 748 propria
406 703 534 731 manu
575 701 617 729 se
656 685 878 729 transfixit.
932 682 1019 733 Quo
1052 682 1159 723 facto
1202 680 1322 721 amici
1363 678 1448 731 ejus
1482 675 1619 730 gladio
1651 673 1721 716 illo
1761 670 1881 727 [114]

204 766 371 818 accepto
404 761 548 815 jurant
587 773 660 815 per
693 757 935 810 sanguinem
968 752 1164 795 Lucrecie
1203 763 1364 792 omnem
1399 748 1637 804 progeniem
1670 743 1887 798 Tarquinii

133 841 176 875 10
202 835 251 877 de
272 834 404 876 Roma
426 832 573 886 ejicere
596 834 636 872 et
658 829 903 883 exstirpare,
938 824 1044 879 quod
1068 828 1108 866 et
1129 824 1326 875 fecerunt,
1360 820 1531 863 Sextum
1558 830 1655 861 vero
1678 819 1887 858 auctorem

202 905 386 949 criminis
419 903 715 945 interfecerunt
746 897 1051 942 miserabiliter.

320 976 610 1019 Μοναίιέαείο.
674 970 903 1022 Carissimi,
935 967 1109 1010 lucretia
1130 964 1279 1008 nobilis
1305 963 1474 1006 domina
1505 965 1568 1004 est
1599 960 1738 1002 anima
1768 971 1793 1000 a
1813 956 1890 999 deo

203 1063 277 1106 per
300 1048 553 1103 baptismum
586 1045 672 1086 lota
703 1047 744 1086 et
775 1042 849 1083 deo
873 1040 1103 1094 conjuncta.
1153 1037 1303 1080 Sextus
1326 1039 1389 1077 est
1409 1033 1611 1085 diabolus,
1644 1031 1714 1085 qui
1744 1029 1892 1071 nititur

206 1120 329 1163 minis
369 1123 410 1161 et
449 1117 692 1159 muneribus
733 1114 915 1156 animan]
957 1110 1126 1153 violare.
1188 1108 1369 1150 Domum
1410 1107 1496 1160 ejus
1536 1105 1686 1155 intrat,
1727 1099 1892 1156 quando

141 1199 180 1232 15
207 1194 376 1248 peccato
416 1189 641 1239 consentit,
689 1200 759 1228 cor
797 1189 934 1237 tuum,
984 1182 1092 1237 quod
1137 1183 1199 1222 est
1236 1179 1381 1220 domus
1421 1177 1578 1230 anime,
1626 1177 1769 1231 pectus
1806 1172 1894 1226 ejus

209 1262 423 1319 opprimit,
458 1260 619 1315 quando
651 1259 774 1300 homo
806 1255 990 1299 totaliter
1022 1251 1240 1304 consentit,
1274 1254 1313 1291 et
1345 1250 1403 1291 sic
1435 1261 1525 1291 eam
1556 1246 1698 1299 violat,
1732 1242 1895 1300 quando

212 1348 380 1378 manum
414 1347 487 1389 per
509 1344 754 1374 consensum
784 1332 878 1370 actu
910 1325 1101 1381 complet.
1150 1323 1249 1365 Post
1269 1321 1344 1363 hec
1364 1319 1562 1362 Lucrecia
1583 1317 1740 1360 scilicet
1759 1316 1899 1358 anima

210 1406 353 1450 dolens
387 1408 505 1447 vocat
536 1407 698 1459 patrem
732 1404 772 1443 et
803 1399 1019 1448 maritum3
1060 1396 1119 1438 sic
1151 1399 1191 1437 et
1221 1398 1287 1446 tu,
1321 1391 1554 1444 carissime,
1595 1388 1718 1431 debes
1751 1399 1897 1429 vocare

210 1482 370 1535 patrem
411 1477 437 1518 i.
462 1490 497 1518 e.
531 1474 830 1523 confessorem,
868 1469 1063 1511 maritum
1104 1468 1131 1509 i.
1156 1481 1190 1509 e.
1224 1465 1434 1508 Christum
1474 1476 1549 1518 per
1580 1474 1707 1517 opera
1735 1457 1898 1502 miseri-

140 1557 185 1591 20
210 1549 348 1592 cordie
389 1552 430 1590 et
467 1547 620 1589 amicos
658 1545 685 1587 i.
711 1558 744 1586 e.
779 1546 943 1585 sanctos
980 1553 1072 1582 cum
1106 1539 1213 1581 bona
1244 1536 1466 1579 devocione
1497 1538 1538 1576 et
1569 1532 1739 1575 ostende
1770 1531 1898 1572 vitam

210 1626 325 1664 tuam
373 1633 447 1676 per
489 1631 630 1661 veram
671 1615 965 1658 contricionem
1012 1615 1053 1654 et
1098 1609 1419 1660 confessionem,
1468 1605 1565 1660 quid
1612 1609 1654 1647 et
1699 1605 1900 1658 quantum
1948 1595 1949 1598 ’

213 1698 357 1737 contra
399 1692 519 1733 deum
562 1687 795 1742 deliquisti,
845 1689 885 1728 et
924 1689 1021 1726 tunc
1061 1682 1196 1736 gladio
1240 1678 1468 1735 penitencie
1507 1682 1548 1719 te
1586 1677 1724 1732 ipsum
1763 1672 1901 1716 occide

214 1767 240 1808 i.
265 1779 298 1808 e.
331 1764 438 1805 vicia
471 1767 511 1804 et
542 1763 713 1817 peccata
745 1758 931 1812 exstirpa
959 1760 997 1797 et
1019 1755 1077 1796 sic
1099 1765 1248 1808 corpus
1272 1751 1482 1792 deferatur
1502 1748 1632 1790 Rome
1652 1747 1679 1788 i.
1703 1760 1737 1788 e.
1761 1746 1902 1787 sancte

215 1836 385 1879 ecclesie
419 1833 469 1876 ad
503 1830 821 1881 ostendendum,
862 1829 903 1870 in
938 1827 1019 1868 alia
1049 1826 1184 1867 forma
1219 1823 1383 1879 publice
1416 1820 1481 1863 vel
1513 1819 1671 1862 occulte
1702 1820 1900 1873 quantum

145 1913 189 1947 25
216 1909 337 1950 deum
371 1904 590 1948 offendisti.
645 1902 759 1944 Tunc
791 1899 979 1942 diabolus
1019 1901 1059 1939 et
1091 1909 1233 1937 omnes
1265 1894 1329 1936 sui
1361 1905 1557 1947 sequaces
1589 1893 1711 1933 erunt
1741 1886 1904 1943 expulsi

217 1984 258 2022 et
289 1977 483 2021 recedent
514 1975 674 2018 confusi
706 1977 746 2015 et
777 1977 822 2014 tu
853 1969 1086 2013 remanebis
1119 1967 1257 2009 salvus
1290 1966 1333 2007 in
1354 1965 1464 2008 bona
1485 1964 1582 2005 vita.
1631 1961 1749 2012 Quod
1771 1958 1903 2002 nobis.

875 2197 1267 2249 CAP.136.(128)

561 2293 697 2353 Quod
730 2291 920 2351 viqilare
957 2287 1081 2333 debet
1105 2290 1269 2346 pastor
1307 2284 1578 2328 (mimarum.

342 2405 516 2456 Quidam
550 2403 616 2444 fur
648 2401 698 2443 ad
722 2401 888 2442 domum
912 2396 1125 2451 cujusdam
1148 2393 1289 2436 divitis
1311 2395 1431 2434 nocte
1462 2389 1588 2442 venit,
1621 2391 1662 2430 et
1686 2384 1912 2429 ascendens

154 2487 198 2520 30
226 2482 381 2521 tectum
421 2476 566 2518 domus
599 2488 673 2529 per
703 2473 891 2514 foramen
925 2468 1158 2510 auscultare
1189 2464 1318 2519 cepit,
1361 2463 1394 2504 si
1428 2461 1560 2504 adhuc
1590 2459 1741 2513 aliquis
1772 2457 1822 2499 de
1852 2456 1913 2497 fa-

227 2550 342 2592 milia
381 2547 521 2589 divitis
560 2545 763 2598 vigilaret.
821 2541 938 2592 Quod
978 2540 1126 2594 hospes
1166 2535 1430 2578 considerans
1464 2531 1658 2588 privatim
1690 2528 1811 2571 uxori
1841 2540 1914 2569 sue

229 2622 354 2663 dixit:
395 2619 608 2670 Interroga
649 2629 714 2657 me
755 2614 839 2656 alta
870 2625 987 2664 voce,
1021 2609 1197 2665 qualiter
1228 2608 1302 2649 hec
1333 2606 1442 2648 bona
1473 2601 1694 2657 acquisivi,
1733 2613 1812 2655 que
1840 2598 1914 2640 ha-

228 2694 393 2744 bemus,
426 2703 502 2732 nec
534 2688 709 2730 desistas
743 2686 871 2727 donec
903 2682 1081 2725 finaliter
1112 2680 1189 2722 tibi
1221 2680 1368 2721 dicam.
1425 2676 1541 2718 Tunc
1579 2674 1638 2715 ait
1675 2671 1841 2714 mulier:
1881 2669 1915 2712 Ο

230 2764 336 2806 bone
368 2762 546 2813 domine,
579 2772 672 2801 cum
693 2769 906 2810 nunquam
926 2753 1042 2795 fuisti
1063 2755 1283 2804 mercator,
1316 2750 1382 2792 dic
1411 2746 1538 2789 michi
1559 2744 1736 2799 qualiter
1755 2746 1916 2786 tantam

160 2844 205 2878 35
231 2835 472 2891 pecuniam,
513 2844 636 2886 quam
669 2841 777 2871 nunc
810 2826 1016 2882 possides,
1049 2821 1338 2878 congregasti?
1380 2819 1456 2861 Cui
1486 2817 1576 2859 ille:
1608 2815 1704 2858 Noli
1735 2814 1863 2857 stulta
1893 2826 1919 2855 a

232 2920 298 2948 me
338 2906 413 2947 hoc
455 2915 638 2958 querere.
695 2899 770 2942 Illa
809 2902 945 2940 autem
987 2896 1118 2949 magis
1160 2907 1207 2936 ac
1237 2892 1370 2946 magis
1403 2902 1574 2945 querere
1604 2900 1688 2930 non
1717 2884 1916 2929 cessebat.

325 2987 347 3022 3
374 2984 576 3030 alloquitur]
604 2988 690 3029 oriy.
708 2981 918 3025 alloquetur.
