1929 3157
53 176 120 220 27.

51 318 119 361 28.

49 460 117 502 29.

48 532 116 574 30.

48 674 115 716 31.

46 816 114 858 32.

46 888 113 930 33.

44 1030 111 1072 34.

41 1172 108 1215 35.

41 1244 109 1286 36.

40 1315 108 1358 37.

40 1457 107 1500 38.

38 1600 106 1642 39.

35 1744 105 1786 40.

34 1815 103 1857 41.

34 1886 103 1928 42.

33 2028 102 2070 43.

32 2099 102 2142 44.

31 2171 102 2214 45.

30 2313 100 2356 46.

30 2384 99 2427 47.

29 2526 98 2569 48.

28 2669 96 2711 49.

28 2810 95 2854 50.

27 2879 94 2938 51.

844 78 924 120 129

167 176 412 234 Exemplum
453 179 502 222 de
541 185 714 235 quatuor
753 182 961 225 heremitis
1001 187 1075 226 eto.
1132 183 1300 239 Legitur
1340 186 1379 227 in
1419 186 1501 228 vita
1532 190 1711 242 patrum.

168 248 331 292 Griisste
362 251 545 304 tugend.)
595 265 687 307 app.
716 255 750 295 1.

167 319 229 362 De
250 334 343 375 rege
366 322 434 377 qui
458 322 550 375 (est)
574 326 655 365 tres
674 323 777 367 filios
795 324 948 368 habuit.
983 325 1153 376 Quidam
1172 340 1242 369 rex
1261 327 1420 370 nobilis.
1455 327 1712 382 (Sohiessen.)

166 390 236 434 lat.
260 392 328 433 45.

164 461 226 505 De
257 461 335 506 fide
367 467 408 506 et
439 463 611 520 hospite.
659 464 830 516 Quidam
862 467 940 509 fur.
991 467 1292 521 (Mondstrahl.)
1337 468 1407 511 lat.
1437 471 1528 513 136.

163 532 225 575 De
265 534 394 578 milite
434 536 503 590 qui
545 549 587 578 se
627 537 880 581 annihilavit.
943 538 1117 589 Quidam
1157 539 1286 582 miles.
1349 540 1471 592 (Halb
1503 542 1710 597 geritten.)

163 603 232 646 lat.
261 605 354 647 124.

160 674 222 717 De
268 675 424 720 duobus
470 678 677 721 fratribus.
739 678 871 722 Erant
916 680 994 723 duo
1033 681 1193 724 fratres.
1257 681 1381 734 (Drei
1418 682 1709 739 buohstaben.)

161 759 286 800 germ.
312 748 380 789 27.

161 817 223 860 De
254 818 455 874 colloquio
477 818 588 862 Petri
618 820 668 862 ad
690 819 873 863 Jhesum.
920 822 1114 866 Habetur.
1161 824 1274 876 (Vier
1295 826 1475 879 narren.)
1518 825 1588 869 lat.
1611 828 1706 870 164.

161 887 224 932 De
261 889 391 932 tribus
428 891 536 934 fame
573 891 865 935 laborantibus.
920 894 964 936 In
995 895 1101 937 vitas
1133 899 1308 951 patrum.
1366 896 1488 949 (Drei
1519 899 1708 952 narren.)

159 959 229 1002 lat.
258 961 350 1003 165.

158 1030 221 1074 De
251 1032 383 1075 tribus
414 1034 592 1088 regibus.
639 1034 725 1078 Rex
748 1035 947 1078 danorum
968 1040 1052 1080 tres
1075 1050 1228 1092 magos.
1277 1037 1398 1090 (Heil.
1418 1038 1505 1082 drei
1527 1039 1707 1095 konige.)

160 1101 231 1145 lat.
254 1104 322 1145 47.

157 1173 289 1225 (Ohne
305 1174 529 1228 iibersohr.)
562 1176 700 1220 Refert
713 1177 898 1220 Valerius
916 1179 1023 1234 quod
1040 1179 1244 1234 oelongus.
1278 1179 1522 1234 (Zaleucus)
1553 1181 1622 1226 lat.
1637 1183 1705 1226 50.

158 1245 220 1289 De
241 1249 328 1302 tyto
351 1249 391 1288 et
411 1247 573 1301 virgilio
596 1252 670 1292 ete.
713 1250 840 1306 Tytus
862 1251 904 1293 in
927 1251 1091 1294 civitate
1111 1265 1293 1294 romana.
1334 1252 1511 1305 (Foous.)
1551 1253 1622 1296 lat.
1638 1254 1706 1297 57.

154 1315 217 1359 De
249 1321 462 1373 peccatore
494 1323 534 1363 et
564 1321 808 1365 confessore.
859 1322 1101 1377 Enegardus
1132 1324 1368 1379 imperator.
1426 1323 1542 1376 (Drei
1574 1324 1708 1368 wahr-

155 1387 306 1443 heiten,
337 1389 445 1441 frei.)
492 1390 562 1433 lat.
586 1392 653 1434 58.

154 1458 217 1502 De
248 1460 490 1516 probatione
521 1462 720 1506 bonorum
752 1467 792 1507 et
823 1464 1037 1508 malorum.
1084 1465 1270 1508 Athisias
1291 1466 1514 1521 regnavit*
1539 1466 1705 1520 (Baum-

155 1529 281 1584 erbe.)
328 1546 454 1587 germ.
481 1534 549 1576 81.

153 1601 216 1644 De
237 1601 416 1646 Jonatha
448 1605 517 1660 qui
547 1605 691 1650 habuit
717 1607 797 1650 tria
813 1607 962 1663 jacula.
1011 1607 1161 1651 Darius
1183 1609 1420 1665 imperator.
1469 1608 1704 1664 (Jonathas)

152 1672 222 1716 lat.
249 1675 344 1717 120.

152 1743 215 1788 De
231 1745 359 1788 nimia
375 1749 698 1804 presumptione.
731 1749 931 1794 <Iovianus
952 1751 1189 1807 imperator.
1224 1750 1514 1805 (Jovinianus.)
1544 1752 1615 1796 lat.
1632 1752 1700 1796 59.

151 1815 214 1859 De
243 1816 326 1860 filio
357 1817 613 1874 so[re]starii.
663 1821 841 1864 Hanibal
871 1824 1070 1877 regnavit.
1119 1823 1302 1876 (Redde.)
1349 1824 1420 1866 lat.
1445 1824 1513 1866 20.

151 1886 213 1930 De
245 1888 352 1931 dulci
382 1890 561 1934 melodia
592 1895 631 1934 et
662 1896 839 1948 pastore.
889 1894 1089 1950 Tyberius
1120 1895 1161 1937 in
1194 1895 1372 1938 civitate.
1423 1894 1597 1949 (Goldne
1628 1909 1701 1939 an-

149 1958 244 2013 gel.)
290 1959 359 2003 lat.
391 1962 457 2004 85.
1315 1981 1319 1987 ยน

148 2029 211 2073 De
241 2031 506 2076 confessione.
555 2033 748 2077 Claudius
781 2036 980 2090 regnavit.
1031 2035 1236 2089 (Socrates
1262 2037 1493 2090 heirathet.)
1539 2037 1610 2081 lat.
1630 2039 1697 2081 61.

148 2100 211 2144 De
230 2101 448 2147 florentina
470 2111 544 2147 ete.
579 2104 716 2161 Gayus
738 2107 781 2148 in
802 2107 969 2150 civitate
991 2121 1173 2150 romana.
1216 2108 1499 2161 (Florentina.)
1537 2109 1608 2152 lat.
1629 2111 1696 2153 62.

147 2171 210 2215 De
247 2186 447 2230 campana
486 2179 526 2218 et
564 2181 754 2233 serpente
793 2181 867 2221 ete.
925 2179 1175 2222 Theodosius
1214 2180 1256 2221 in
1288 2180 1466 2223 civitate.
1520 2180 1698 2236 (Riigen-

147 2244 320 2298 glooke.)
366 2245 437 2288 lat.
464 2247 558 2289 105.

146 2313 209 2357 De
224 2315 340 2359 leone
357 2320 397 2360 et
412 2317 530 2360 leena
547 2321 622 2360 etc.
662 2318 832 2374 Legitur
849 2320 957 2375 quod
973 2335 1046 2364 rex
1065 2321 1244 2376 quidam.
1283 2320 1472 2374 (Lowin.)
1510 2322 1693 2366 lat.181.

145 2385 208 2429 De
248 2391 336 2430 orto
377 2402 495 2443 quem
537 2403 636 2445 aper
666 2391 870 2434 destruxit
901 2396 976 2435 eto.
1032 2392 1231 2447 Trajanus
1263 2393 1306 2435 in
1336 2393 1514 2436 civitate.
1570 2393 1695 2447 (Eber

146 2457 250 2501 ohne
281 2459 410 2512 herz.)
457 2460 526 2502 lat.
552 2461 618 2503 83.

144 2527 206 2571 De
238 2529 396 2584 virgine
428 2545 531 2586 quae
563 2545 713 2587 sponso
741 2532 838 2576 fecit
859 2537 933 2577 ete.
981 2533 1214 2577 Anthonius
1235 2535 1278 2577 in
1299 2535 1478 2578 civitate.
1527 2535 1690 2592 (Hemd,

145 2600 232 2643 drei
263 2601 372 2654 zoll.)
419 2602 490 2645 lat.
515 2604 582 2645 64.

142 2669 206 2713 De
238 2672 416 2728 domina,
449 2674 578 2717 milite
611 2678 650 2717 et
680 2674 850 2717 falcone.
898 2675 1116 2732 Pompejus
1138 2676 1180 2718 in
1202 2689 1374 2720 romana
1394 2677 1470 2720 oiv.
1516 2676 1689 2731 (Falke.)

143 2741 214 2784 lat.
239 2743 306 2786 84.

142 2812 205 2856 De
237 2827 362 2869 puero
394 2816 612 2859 nutriendo
644 2820 718 2859 eto.
766 2815 918 2859 Luoius
950 2818 1148 2871 regnavit.
1198 2818 1386 2871 (Gnade.)
1432 2832 1558 2873 germ.
1583 2819 1651 2862 34.

140 2883 204 2927 De
224 2885 395 2929 muliere
417 2886 646 2930 adulterata
667 2891 742 2931 eto.
775 2888 984 2931 Adrianus
1005 2889 1048 2932 in
1070 2889 1248 2932 civitate.
1282 2889 1687 2947 (Kerkergespraoh.)

141 2953 212 2998 lat.
236 2956 303 2999 86.

87 3034 303 3075 Oesterley.
327 3038 416 3066 Gesta
436 3039 644 3067 Romanorum.
1343 3035 1364 3070 9
