1929 3162
61 842 102 875 10

61 1198 102 1231 15

59 1767 104 1801 20

60 2124 104 2156 25

60 2635 104 2668 30

926 91 1012 132 330

128 196 284 238 faciunt
316 196 568 238 thesaurum.
604 197 676 237 hoc
710 200 772 238 est
804 197 971 239 dictum.
1015 197 1133 238 homo
1167 201 1330 239 tenetur
1362 198 1410 238 de
1444 198 1558 239 bonis
1591 197 1809 239 mundanis

129 267 292 322 impleri
334 267 374 308 id
415 271 477 309 est
509 267 626 309 bonis
667 267 901 319 virtutibus,
944 268 1050 309 sicut
1088 272 1150 310 est
1188 269 1285 311 dare
1325 269 1618 324 elemosynam,
1658 268 1810 311 vestire

132 338 285 379 nudum
322 343 396 379 etc.
432 343 472 380 et
503 339 560 380 sic
592 339 691 380 facit
723 339 772 379 (le
806 352 851 379 eo
885 342 1080 392 quantum
1107 339 1156 380 ad
1181 340 1360 381 animam
1385 340 1425 381 in
1449 339 1534 381 celo
1556 339 1807 381 thesaurum.

130 408 228 450 Item
272 409 432 450 dicunt:
486 409 576 451 ¹Non
618 409 768 450 sufficit
807 423 929 450 avaro
963 410 1159 463 mundus,
1209 412 1304 464 quia
1344 416 1496 465 quanto
1535 410 1627 465 plus
1674 410 1809 463 habet,

131 483 244 520 tanto
279 479 370 533 plus
403 481 517 535 cupit
550 481 712 533 habere,
746 485 786 522 ct
818 480 892 521 boc
925 486 987 522 est
1017 482 1200 533 fatuitas,
1234 483 1329 536 quia
1350 482 1528 523 mundus
1551 480 1712 523 deficiet
1733 481 1809 523 sibi

131 550 171 590 in
205 554 349 592 morte.
409 551 486 592 Sed
528 552 560 593 si
604 552 653 593 de
686 553 796 593 omni
838 552 976 594 labore
1016 566 1088 594 suo
1128 553 1229 594 duas
1270 552 1332 594 vel
1372 557 1455 594 tres
1496 552 1613 594 ulnas
1647 550 1808 606 [panni]

130 619 368 672 obtinuerit,
402 622 574 664 multum
610 627 682 664 est.
734 623 832 664 Item
867 623 1024 665 dicunt:
1066 623 1239 669 Divites,
1272 624 1367 665 (lum
1402 624 1557 676 vivunt,
1591 623 1810 678 imperant,

130 691 200 732 sed
234 696 328 745 post
361 697 533 735 mortem
571 694 741 748 quilibet
774 708 932 748 pauper
965 695 1001 736 ei
1034 695 1225 749 imperat,
1260 699 1300 736 et
1332 694 1529 748 quamdiu
1550 694 1654 735 vivit
1683 693 1810 747 dives,

130 762 280 804 multos
315 768 449 818 potest
481 778 503 805 a
535 769 668 806 morte
700 764 890 817 liberare,
932 770 972 807 et
1010 770 1147 807 tamen
1180 766 1316 807 nullus
1350 766 1463 807 dives
1497 769 1811 819 quantumcum-

131 847 208 887 que
248 840 394 888 potens
435 836 476 876 in
510 836 755 877 necessitate
788 836 927 889 jacula
959 837 1104 878 mortis
1138 837 1310 878 evadere
1349 840 1497 892 potest.
1552 836 1651 878 Item
1691 835 1811 877 homo

129 908 238 946 terre
271 905 520 958 dominatur,
554 906 623 948 sed
658 907 697 947 in
734 912 864 948 morte
896 911 1007 949 terra
1040 908 1076 949 ei
1109 908 1358 960 dominatur,
1392 908 1489 962 quia
1509 911 1640 949 totum
1664 919 1811 961 corpus

128 975 306 1017 hominis
341 991 412 1032 per
444 983 594 1019 terrain
621 978 888 1030 consumitur,
923 983 962 1020 et
984 979 1179 1032 quamdiu
1203 979 1322 1021 homo
1346 979 1459 1025 vivit,
1492 979 1673 1029 timetur,
1707 978 1814 1020 sicut

130 1048 327 1102 scriptum
372 1053 451 1090 est:
506 1048 648 1090 Facies
688 1048 866 1090 hominis
904 1050 1030 1091 facies
1068 1050 1220 1103 leonis,
1263 1050 1332 1101 sed
1378 1051 1417 1091 in
1458 1054 1590 1091 morte
1628 1049 1721 1090 vilis
1762 1048 1812 1091 ab

129 1119 318 1160 omnibus
351 1124 578 1174 reputatur.
637 1119 735 1161 Item
772 1121 967 1174 quamdiu
1001 1122 1102 1162 vivit
1134 1122 1285 1163 amicos
1318 1121 1454 1173 habet,
1495 1120 1565 1162 sed
1606 1121 1647 1162 in
1680 1123 1813 1162 morte

130 1203 272 1232 omnes
310 1191 507 1231 recedunt
548 1195 587 1232 et
625 1191 758 1245 ipsum
801 1191 933 1233 solum
973 1192 1222 1246 relinquunt.
1279 1192 1483 1242 Quamdiu
1530 1192 1650 1233 homo
1695 1191 1811 1244 vixit,

130 1263 264 1316 potuit
296 1262 446 1303 multos
471 1275 608 1303 secum
633 1263 844 1316 acquirere
867 1267 908 1304 et
929 1263 1090 1315 ducere,
1124 1263 1194 1304 sed
1216 1264 1258 1304 in
1281 1268 1414 1305 morte
1437 1262 1487 1305 ab
1514 1262 1606 1304 aliis
1627 1262 1811 1314 ducetur,

128 1333 236 1374 unde
269 1332 456 1375 Christus
489 1334 595 1375 dixit
626 1333 767 1375 Petro:
816 1334 935 1375 Alius
973 1335 1109 1387 cinget
1140 1338 1179 1376 te
1213 1338 1253 1375 et
1284 1334 1404 1376 ducet
1435 1347 1513 1388 quo
1545 1338 1589 1376 tu
1622 1347 1702 1375 non
1737 1334 1810 1375 vis.

797 1564 899 1606 CAP.
935 1566 1003 1607 3⁶2.
1040 1566 1142 1615 (31.)

689 1652 763 1696 De
799 1654 1097 1711 inspiratione
1134 1652 1264 1698 bona.

247 1759 388 1802 Refert
420 1759 588 1813 Seneca,
629 1760 736 1814 quod
778 1761 818 1801 in
861 1761 1102 1815 corporibus
1144 1760 1357 1803 venenosis
1398 1765 1566 1815 propter
1605 1760 1811 1803 maliciam

132 1831 277 1872 veneni
311 1836 351 1873 et
382 1832 553 1872 nimiam
585 1832 854 1884 frigiditatem
888 1832 1024 1874 nullus
1059 1833 1209 1874 vermis
1238 1832 1434 1885 nascitur,
1468 1832 1538 1874 sed
1561 1832 1596 1873 si
1619 1845 1814 1888 percussa

130 1902 286 1944 fuerint
314 1903 499 1956 fulmine,
534 1907 627 1957 post
659 1917 809 1958 paucos
843 1904 929 1945 dies
964 1917 1122 1945 vermes
1157 1903 1400 1958 producunt.

252 1972 369 2027 [305]
433 1973 667 2027 Carissimi,
716 1988 788 2029 per
829 1988 999 2030 corpora
1040 1988 1245 2016 venenosa
1291 1974 1475 2027 intelligo
1521 1974 1730 2017 hominem
1770 1974 1812 2016 in

132 2050 299 2100 peccato
333 2045 498 2086 mortali
531 2049 796 2096 venenatum,
831 2046 933 2087 tales
967 2051 1137 2101 propter
1158 2046 1427 2099 frigiditatem
1451 2046 1609 2101 peccati
1631 2059 1811 2088 vermem

133 2116 359 2171 producere
392 2131 472 2158 non
506 2121 692 2172 possunt,
735 2121 775 2159 et
807 2117 898 2158 ideo
932 2118 1110 2172 percutit
1142 2131 1209 2159 eos
1243 2118 1342 2159 deus
1373 2117 1558 2170 fulmine,
1593 2117 1687 2158 dum
1721 2116 1813 2158 tali-

133 2187 207 2229 bus
240 2188 420 2229 infundit
451 2189 646 2242 graciam,
690 2201 810 2242 quam
854 2188 887 2229 si
926 2193 1118 2242 peccator
1154 2188 1338 2243 recipere
1370 2188 1559 2241 voluerit,
1599 2189 1679 2229 cito
1718 2201 1812 2229 con-

134 2260 238 2301 verti
272 2263 419 2314 potest.
468 2259 522 2301 Et
554 2259 644 2300 ideo
678 2273 822 2301 sanum
856 2259 1073 2300 consilium
1107 2263 1182 2313 est,
1223 2264 1268 2301 ut
1300 2260 1379 2301 cito
1413 2273 1487 2314 per
1518 2259 1811 2301 contricionem

132 2335 421 2372 convertamur
462 2331 512 2371 ad
553 2330 776 2372 Christum.
835 2330 888 2371 Et
927 2331 984 2372 sic
1026 2332 1286 2385 acquiramus
1327 2331 1453 2372 vitam
1495 2335 1692 2372 eternam.
1746 2329 1812 2371 Ad

131 2415 252 2456 quam
287 2406 362 2443 etc.

815 2632 916 2674 CAP.
937 2634 1003 2674 33.
1024 2634 1127 2684 (32.)

798 2719 871 2763 De
901 2720 1143 2778 jactantia.

251 2827 392 2868 Refert
430 2826 641 2878 Valerius,
695 2827 801 2880 quod
849 2828 970 2868 homo
1023 2829 1187 2882 quidam
1237 2828 1402 2869 nomine
1447 2826 1666 2869 Peratinus
1710 2826 1812 2869 flens

135 2897 239 2938 dixit
279 2898 360 2938 filio
406 2912 478 2939 suo
519 2902 559 2939 et
598 2897 786 2939 omnibus
829 2899 972 2940 vicinis
1014 2900 1118 2940 suis:
1171 2899 1273 2953 Heu,
1315 2899 1392 2941 heu
1432 2899 1575 2940 michi!
1610 2898 1738 2940 habeo
1769 2899 1812 2939 in

133 2973 222 3010 orto
257 2983 345 3010 meo
379 2970 567 3011 arborem
600 2969 820 3023 infelicem,
855 2983 935 3024 qua
967 2984 1070 3012 uxor
1103 2984 1194 3013 mea
1216 2972 1351 3026 prima
1373 2984 1416 3012 se
1439 2970 1666 3026 suspendit,
1700 2973 1812 3025 post-
