1919 3157
887 59 972 99 485

97 166 180 204 tres
218 162 392 209 milites,
433 177 507 219 per
539 177 639 218 quos
679 164 862 217 intelligo
902 165 982 206 tria
1020 178 1171 217 genera
1211 165 1441 212 hominum:
1482 179 1554 220 per
1595 167 1772 222 primum

95 233 237 276 mundi
269 239 472 289 potentes,
506 236 573 289 qui
606 235 778 277 credunt
803 249 875 290 per
897 236 1129 290 potenciam
1154 239 1194 278 et
1215 236 1498 279 fortitudinem
1522 238 1773 279 mundanam

95 305 331 360 paradisum
374 307 606 360 acquirere:
647 312 685 347 et
724 307 819 348 licet
851 307 933 347 sint
973 307 1022 348 ad
1057 307 1130 348 hoc
1171 307 1278 361 apti,
1319 308 1431 349 venit
1469 312 1605 350 tamen
1640 309 1774 350 subito

95 377 245 430 sagitta
278 378 469 433 superbie
503 382 541 418 et
575 378 686 431 ipsos
710 377 981 432 spiritualiter
1015 377 1224 426 interficit:
1259 392 1331 432 per
1355 379 1575 421 secundum
1602 380 1772 422 militem

93 448 235 490 mundi
269 449 476 504 sapientes
510 448 737 497 intelligere
771 449 986 500 debemus,
1028 449 1096 502 qui
1135 448 1339 503 incipiunt
1364 450 1460 501 jura
1492 450 1691 504 allegare,
1730 455 1775 493 ut
1799 457 1820 491 5

93 523 188 561 sunt
212 520 387 573 judices,
421 520 700 567 ecclesiastici,
735 520 921 561 advocati
955 524 995 561 et
1020 519 1181 572 judices
1214 520 1476 574 temporales,
1501 522 1570 575 qui
1603 522 1775 564 credunt

93 603 166 646 per
198 591 448 646 sapienciam
483 604 598 632 suam
633 592 868 646 paradisum
911 591 1142 644 acquirere3
1185 595 1225 632 et
1263 591 1359 632 dum
1402 592 1607 647 incipiunt
1645 593 1770 634 vitam

92 667 245 713 tenere,
279 663 392 704 venit
423 663 575 715 sagitta
609 663 797 711 avaricie,
831 663 855 703 i.
882 675 914 704 e.
951 662 1074 703 bursa
1105 661 1229 717 plena
1251 663 1422 717 pecunie
1455 664 1574 705 etsie
1596 665 1775 718 percutit

95 731 248 787 [11122]
293 747 362 775 eos
402 738 441 775 et
479 733 750 789 spiritualiter
789 732 1102 775 interficiuntur.
1156 732 1232 774 Per
1264 734 1435 775 tercium
1469 734 1663 788 militem,
1704 736 1772 790 qui

91 803 266 846 dulciter
298 805 386 846 sine
418 805 596 846 tumultu
629 803 892 858 loquebatur,
935 803 1214 845 Christianum
1256 804 1485 859 simplicem
1518 806 1700 848 totaliter
1730 807 1772 848 in
1800 811 1844 846 10

91 875 166 918 deo
199 889 268 917 cor
300 875 518 918 habentem
554 877 778 931 poterimus
811 875 1054 927 intelligere,
1086 888 1167 916 non
1201 874 1408 917 confidens
1440 876 1482 918 in
1515 889 1668 932 pompa
1699 877 1772 919 hu—

90 959 214 988 mana
244 960 320 989 nec
351 947 400 989 de
423 948 510 1001 ejus
534 947 754 1002 sapiencia,
789 946 859 987 sed
893 945 1150 987 solummodo
1173 946 1215 987 in
1237 946 1312 988 deo
1329 947 1450 1000 juxta
1472 947 1574 989 illud
1597 947 1771 990 Psalm.:

88 1017 240 1060 Beatus
272 1018 408 1071 homo,
442 1019 510 1072 qui
543 1023 683 1073 sperat
712 1018 755 1059 in
777 1017 955 1058 domino.
1000 1016 1119 1059 Certe
1151 1017 1245 1059 talis
1277 1022 1456 1060 castrum
1491 1019 1672 1074 paradisi
1700 1033 1773 1075 po-

88 1089 187 1131 terit
218 1089 443 1144 acquirere,
477 1089 584 1143 quod
617 1089 733 1131 nobis
767 1093 952 1144 prestare
984 1089 1187 1142 dignetur.

727 1366 829 1408 CAP.
858 1366 952 1406 131.
993 1366 1127 1417 (123.)
1797 1377 1841 1412 15

87 1454 161 1500 De
199 1454 408 1500 divitibus
445 1454 605 1515 quibas
643 1455 776 1499 datur
814 1459 854 1498 et
879 1452 1161 1513 pauperibus
1198 1453 1359 1513 quihus
1396 1454 1445 1499 id
1467 1455 1591 1514 quod
1611 1454 1776 1500 habent

273 1537 559 1591 abstrahitur,
598 1538 823 1598 quomodo
863 1537 970 1581 deus
1007 1537 1256 1582 eternaliter
1293 1552 1368 1582 eos
1404 1543 1662 1583 remunerat

646 1636 733 1680 per
770 1619 962 1665 celestem
995 1621 1206 1680 patriam.

205 1728 291 1771 Rex
325 1729 491 1784 quidam
525 1729 622 1771 fecit
653 1728 924 1784 proclamari,
966 1729 1074 1783 quod
1106 1742 1247 1770 omnes
1278 1727 1562 1771 indifferenter
1594 1729 1644 1770 ad
1677 1742 1768 1771 eum

85 1800 274 1843 venirent
312 1805 353 1842 et
393 1800 580 1855 quicquit
619 1800 668 1842 ab
708 1814 754 1842 eo
794 1803 983 1855 peterent
1021 1800 1266 1842 obtinerent.
1330 1799 1497 1842 Nobiles
1543 1803 1584 1842 et
1621 1800 1769 1842 divites
1795 1808 1841 1842 20

85 1871 211 1925 aliqui
245 1872 460 1924 ducatum,
503 1871 630 1925 aliqui
663 1872 924 1925 comitatum,
966 1871 1092 1925 aliqui
1131 1870 1350 1924 miliciam,
1392 1871 1519 1926 aliqui
1551 1885 1695 1914 aurum
1729 1875 1770 1914 et

86 1947 301 1996 argentum
343 1943 556 1998 pecierunt
595 1947 635 1984 et
681 1943 960 1984 obtinuerunt.
1023 1941 1184 1984 Deinde
1232 1956 1435 1998 pauperes
1482 1946 1524 1985 et
1561 1942 1769 1998 simplices

84 2017 286 2056 venerunt
325 2014 376 2056 ad
407 2028 544 2067 regem
585 2015 713 2056 eciam
747 2017 946 2068 petentes.
1001 2012 1156 2063 Quibus
1187 2027 1260 2055 rex
1301 2014 1379 2056 ait:
1421 2014 1554 2056 Tarde
1585 2014 1768 2068 venistis,

85 2090 180 2128 ante
220 2099 293 2127 vos
324 2085 483 2127 nobiles
516 2089 556 2127 et
588 2085 796 2140 principes
829 2088 1031 2127 venerunt
1063 2088 1104 2127 et
1135 2085 1274 2127 omnia
1306 2099 1384 2139 que
1414 2085 1539 2128 habui
1571 2086 1628 2127 eis
1660 2085 1766 2128 dedi.

84 2156 161 2208 Qui
192 2157 333 2199 tristes
366 2156 415 2198 de
447 2157 714 2212 responsione
744 2156 929 2207 fuerunt;
970 2169 1042 2197 rex
1083 2170 1178 2198 vero
1216 2156 1371 2211 pietate
1402 2161 1538 2198 motus
1572 2157 1648 2198 ait:
1691 2156 1768 2199 Ca·
1794 2165 1838 2200 25

84 2229 253 2281 rissimi,
287 2231 446 2270 tantum
483 2228 540 2270 eis
563 2227 809 2283 temporalia
831 2228 938 2281 dedi,
972 2227 1042 2269 sed
1065 2227 1290 2269 dominium
1315 2227 1480 2280 retinui,
1513 2228 1609 2282 quia
1629 2227 1767 2269 nullus

83 2300 159 2342 hoc
205 2299 371 2355 petivit;
420 2312 493 2352 ego
539 2299 589 2340 do
628 2299 743 2341 vobis
784 2299 879 2352 hoc,
926 2303 972 2341 ut
1011 2299 1100 2340 sitis
1139 2298 1295 2340 domini
1336 2311 1475 2340 eorum
1519 2302 1560 2341 et
1592 2299 1765 2353 judices.

83 2370 245 2413 Divites
277 2371 353 2412 hoc
382 2370 595 2411 audientes
627 2370 859 2412 contristati
892 2373 988 2411 sunt
1019 2374 1060 2411 et
1090 2373 1290 2412 venerunt
1322 2370 1372 2411 ad
1394 2383 1531 2423 regem
1564 2370 1766 2412 dicentes:

82 2441 282 2495 Domine,
314 2441 474 2483 confusi
507 2454 668 2494 sumus,
701 2441 807 2494 quod
840 2454 1045 2496 pauperes
1077 2445 1118 2483 et
1149 2454 1288 2483 servos
1319 2445 1482 2483 nostros
1515 2441 1766 2483 constituisti

76 2513 238 2567 judices
271 2516 312 2555 et
342 2512 530 2554 dominos
561 2516 745 2563 nostros3
785 2512 933 2553 melius
965 2515 1028 2554 est
1058 2526 1132 2554 nos
1164 2513 1289 2565 mori,
1329 2525 1450 2566 quam
1486 2513 1544 2554 sic
1576 2513 1766 2554 servituti
1790 2520 1836 2555 30

83 2584 242 2638 subjici.
290 2584 365 2625 Ait
394 2597 484 2625 rex:
520 2583 749 2636 Carissimi,
782 2597 861 2624 non
896 2583 1000 2624 facio
1033 2583 1148 2625 vobis
1180 2583 1396 2637 injuriam;
1430 2583 1614 2637 quicquit
1645 2597 1669 2625 a
1700 2597 1765 2626 me

82 2655 291 2710 petivistis
312 2655 427 2698 vobis
451 2655 545 2697 dedi
568 2654 787 2706 intantum,
820 2654 927 2707 quod
952 2654 1078 2696 nichil
1101 2654 1224 2696 michi
1247 2655 1398 2696 retinui
1420 2655 1499 2696 nisi
1523 2655 1764 2708 dominium,

83 2726 190 2781 quod
224 2726 316 2768 dedi
351 2726 429 2778 eis,
463 2725 533 2767 sed
557 2725 607 2766 do
629 2725 745 2767 vobis
777 2725 1013 2767 consilium:
1047 2725 1219 2780 quilibet
1241 2729 1420 2768 vestrum
1445 2726 1544 2767 satis
1569 2725 1692 2768 habet
1713 2726 1764 2768 ad

83 2797 320 2851 vivendum,
353 2797 423 2839 det
444 2809 539 2850 ergo
564 2796 737 2850 quilibet
758 2800 938 2838 vestrum
962 2801 1123 2852 partem
1147 2797 1197 2839 de
1219 2797 1379 2839 diviciis
1403 2797 1668 2852 pauperibus,
1691 2811 1764 2853 per

84 2881 206 2923 quam
229 2872 425 2924 poterunt
446 2868 615 2910 honeste
638 2868 790 2920 vivere,
814 2872 853 2910 et
875 2881 948 2921 ego
967 2868 1193 2910 dominium
1213 2869 1262 2910 ab
1281 2869 1338 2910 eis
1360 2868 1572 2923 recipiam,
1596 2872 1637 2910 et
1654 2868 1761 2924 apud
1788 2876 1833 2911 35

28 2975 30 2977 .
83 2952 153 2982 me
174 2939 360 2982 manebit
387 2943 428 2982 et
453 2939 511 2981 sic
531 2939 646 2981 eritis
663 2938 826 2981 liberati
849 2953 872 2980 a
889 2939 1085 2981 servitute
1109 2953 1272 2993 magna.
1313 2938 1428 2988 Quod
1451 2942 1492 2981 et
1510 2939 1663 2982 factum
1687 2943 1761 2982 est.
