1919 3157
849 77 930 117 497

55 180 126 222 illa
149 180 296 235 puella,
330 186 369 223 et
400 183 434 223 si
468 195 538 237 per
561 196 648 223 eam
680 187 863 223 nostrum
889 182 1166 223 adversarium
1205 183 1356 237 poteris
1389 182 1605 235 debellare,
1638 196 1726 224 eam

54 250 194 292 multis
218 251 438 293 honoribus
461 254 722 308 promovebo.
775 253 901 295 Filius
932 253 1007 294 hoc
1030 253 1199 294 audiens
1223 253 1400 294 armavit
1422 266 1464 294 se
1487 259 1526 295 et
1548 259 1727 295 castrum

53 321 187 377 puelle
226 322 395 365 intravit
434 324 544 365 nullo
577 325 749 376 sciente,
791 338 867 378 que
906 338 997 365 eum
1039 337 1128 365 cum
1163 324 1312 376 gaudio
1351 324 1507 378 recepit
1548 329 1588 366 et
1619 324 1727 379 apud

53 405 141 434 eam
185 406 258 448 per
297 393 458 448 aliquod
500 400 661 450 teinpus
703 395 874 445 mansit3
917 395 1064 436 ‹leiude
1106 399 1224 436 extra
1263 399 1442 436 castrum
1482 396 1651 437 recessit
1688 400 1728 437 et

52 464 192 505 statim
231 463 295 506 die
328 469 470 506 octavo
511 466 789 507 adversarium
834 466 961 520 patris
1004 465 1317 518 aggrediebatur
1357 466 1547 520 potencia
1585 471 1625 508 et
1663 479 1728 508 sa·
1752 476 1774 510 5

52 533 233 588 piencia,
276 540 316 576 et
353 542 476 591 caput
509 537 593 590 ejus
627 537 868 591 amputavit.
922 536 1019 578 Post
1050 536 1125 577 hoc
1157 549 1248 578 cum
1283 537 1453 578 victoria
1485 536 1534 578 ad
1567 541 1725 592 patrem

51 604 226 657 rediens,
260 610 377 660 pater
410 620 500 649 euin
536 609 574 649 in
608 621 744 661 regem
778 607 1003 649 constituit.

167 675 394 729 carissimi,
427 684 543 733 pater
576 679 651 720 iste
685 683 747 720 est
778 678 967 719 (lominus
1000 677 1120 728 deus3
1153 677 1307 719 foresta
1338 677 1514 719 mundus
1537 678 1612 719 iste
1641 678 1728 720 sive

51 745 244 798 ecclesia;
279 749 455 790 mundus
479 755 565 791 erat
587 749 918 791 circumvallatus
952 749 1101 789 divinis
1126 749 1329 803 preceptis
1352 748 1572 790 secundum
1597 748 1728 802 legem

49 815 200 872 Moysi3
235 818 405 861 ecclesia
437 820 743 862 circumvallata
777 820 966 875 passione
999 818 1152 861 Christi
1185 823 1225 861 et
1255 819 1536 861 misericordie
1571 818 1723 874 [1176]
1755 830 1797 863 10

49 887 296 942 doctoribus,
331 891 671 944 predicatoribus,
705 890 1026 941 confessoribus3
1059 890 1177 932 miles
1205 890 1403 945 proditor,
1437 891 1505 944 qui
1538 896 1627 933 erat
1658 905 1727 934 ex-

48 958 206 1014 pulsus,
239 964 301 1002 est
332 961 518 1003 diabolus
541 962 589 1004 de
612 975 736 1015 regno
768 963 933 1016 ejectus,
967 961 1036 1015 qui
1060 961 1272 1003 ecclesiam
1297 964 1337 1002 et
1359 960 1460 1002 alios
1483 962 1727 1005 christianos

50 1030 306 1073 machinatur
339 1033 449 1073 omni
475 1032 575 1074 hora
606 1033 828 1075 destruere.
877 1032 957 1074 Iste
992 1033 1179 1088 providet
1210 1033 1288 1075 sibi
1321 1033 1370 1074 de
1392 1032 1561 1075 canibus
1593 1038 1634 1075 et
1664 1047 1727 1076 re-

46 1101 170 1154 tibus,
203 1103 299 1156 quia
330 1103 435 1145 sicut
468 1108 682 1146 venatores
706 1104 883 1159 simplici
907 1104 990 1145 vita
1018 1104 1266 1146 insidiantur
1298 1104 1454 1157 bestiis,
1486 1109 1531 1146 ut
1562 1105 1726 1160 quando

47 1177 199 1214 exeunt
234 1173 283 1215 de
316 1175 523 1228 cavernis,
566 1175 604 1216 iu
640 1174 786 1229 quibus
825 1174 1028 1228 latebant,
1066 1175 1244 1217 habeant
1280 1175 1410 1228 recia,
1451 1188 1542 1216 cum
1577 1176 1723 1230 quibus
1754 1184 1795 1217 15

46 1244 215 1298 capiunt
247 1258 328 1286 eas.
383 1244 450 1287 Sic
483 1250 522 1287 et
553 1259 644 1287 cum
679 1247 786 1288 enim
820 1246 1004 1287 homines
1038 1250 1190 1288 exeunt
1219 1247 1268 1288 de
1291 1246 1478 1288 cavernis
1500 1246 1604 1288 bone
1626 1247 1722 1300 vite,

46 1318 143 1357 tunc
173 1315 326 1358 habent
358 1317 466 1358 recia
498 1317 523 1357 i.
549 1330 581 1358 e.
616 1317 750 1358 carnis
784 1322 824 1359 et
855 1317 997 1358 mundi
1029 1317 1326 1359 delectaciones
1366 1321 1406 1359 et
1442 1317 1535 1359 illas
1568 1323 1726 1372 ponunt

45 1382 240 1428 ante'eos
280 1391 320 1429 et
351 1388 519 1442 capiunt
556 1388 680 1443 ipsos.
736 1387 910 1429 Psalm.:
952 1387 1110 1429 Cadent
1147 1388 1189 1429 in
1222 1388 1423 1430 reciaculo
1463 1389 1549 1442 ejus
1582 1402 1724 1444 pecca-

45 1460 154 1499 tores
187 1462 261 1499 etc.
310 1457 426 1500 Unde
450 1459 630 1512 adverte,
665 1459 771 1513 quod
804 1463 975 1500 venator
996 1458 1065 1501 ille
1096 1463 1158 1501 est
1179 1459 1380 1513 diabolus,
1403 1459 1527 1501 habet
1549 1463 1724 1513 quatuor

43 1541 194 1581 genera
225 1542 370 1570 canum
394 1531 674 1581 currencium3
708 1529 834 1584 aliqui
867 1543 1004 1571 eorum
1039 1533 1135 1571 sunt
1162 1544 1234 1585 pro
1259 1530 1401 1572 bestiis
1424 1530 1722 1585 spiritualibus,
1750 1538 1794 1572 20

44 1602 85 1641 et
117 1599 187 1641 alii
210 1613 283 1655 pro
306 1600 411 1642 aliis.
462 1600 551 1642 Duo
584 1601 707 1656 primi
730 1614 851 1642 canes
875 1601 1031 1643 scilicet
1053 1600 1198 1643 Richer
1220 1604 1261 1642 et
1281 1600 1528 1656 Emulemyn
1552 1607 1723 1644 currunt

45 1670 95 1711 ad
127 1684 267 1713 cervos
300 1676 340 1713 et
371 1685 486 1713 ursos
520 1672 544 1713 i.
570 1686 602 1714 e.
638 1672 808 1713 divicias
841 1677 881 1714 et
912 1673 1158 1727 voluptates,
1191 1685 1265 1727 per
1296 1685 1396 1726 quas
1431 1672 1568 1727 plures
1600 1674 1722 1715 tracti

43 1746 139 1783 sunt
170 1742 220 1784 ad
242 1742 583 1796 maleficiendum,
617 1744 712 1797 quia
745 1743 891 1785 divicie
923 1757 1020 1798 sepe
1042 1748 1201 1798 ponunt
1232 1743 1439 1785 hominem
1473 1748 1589 1786 extra
1612 1745 1718 1786 viam

42 1813 219 1855 racionis
259 1818 300 1855 et
338 1818 507 1869 propter
540 1828 708 1868 magnas
741 1815 910 1857 divicias
952 1814 1095 1856 volunt
1133 1814 1282 1856 habere
1321 1815 1532 1869 potencias
1572 1820 1613 1857 et
1649 1829 1720 1858 vo-

42 1883 241 1927 luntatem
265 1886 487 1940 propriam.
531 1885 623 1927 Ideo
647 1886 854 1941 sapienter
876 1890 1040 1928 utamur
1062 1890 1202 1927 nostra
1225 1886 1414 1940 potencia
1434 1885 1522 1927 loco
1538 1886 1718 1941 justicie,
1745 1892 1789 1926 25

43 1956 96 1997 sit
127 1960 167 1998 et
197 1955 394 1998 fortitudo
417 1960 557 1998 nostra
588 1957 654 1999 lex
681 1957 847 2011 justicie
879 1957 954 1999 hoc
985 1961 1047 1999 est
1078 1957 1232 1998 dictum
1261 1960 1394 1998 totum
1416 1957 1470 1998 sit
1494 1957 1576 2011 jus,
1610 1958 1718 2013 quod

41 2040 116 2068 nos
149 2027 334 2069 volumus
367 2032 407 2069 et
437 2041 654 2083 possumus
687 2028 833 2070 facere.
881 2028 997 2070 Unde
1029 2028 1098 2069 isti
1130 2028 1209 2070 duo
1242 2029 1362 2070 canes
1395 2027 1550 2070 scilicet
1571 2029 1719 2072 divicie

42 2102 83 2140 et
110 2097 341 2154 voluptates
367 2098 430 2139 vel
459 2100 645 2153 potencie
676 2103 845 2140 currunt
869 2099 991 2140 simul
1022 2103 1062 2141 et
1090 2099 1239 2141 multos
1263 2104 1356 2155 post
1377 2113 1420 2141 se
1442 2099 1657 2142 retrahunt
1678 2105 1718 2143 et

42 2168 91 2210 ad
116 2173 327 2224 peccatum
351 2168 555 2221 alliciunt;
586 2170 675 2212 ideo
698 2171 904 2225 scriptura
926 2170 1043 2212 dicit:
1068 2169 1148 2212 Cor
1171 2170 1344 2212 multum
1367 2170 1530 2224 gaudet,
1554 2171 1715 2226 quando

42 2239 154 2282 videt
183 2253 345 2282 cervum
382 2240 486 2281 viam
520 2254 666 2295 capere
698 2254 840 2283 versus
863 2241 997 2294 rethe3
1030 2242 1089 2283 sic
1120 2246 1160 2283 et
1192 2241 1377 2283 diabolus
1411 2241 1572 2296 quando
1606 2242 1718 2284 videt
1741 2250 1786 2284 30

40 2309 247 2353 hominem
281 2311 386 2352 viam
421 2324 566 2365 capere
599 2325 740 2354 versus
773 2317 984 2367 peccatum
1007 2312 1180 2354 mortale
1213 2318 1254 2354 et
1286 2326 1356 2367 per
1378 2326 1631 2367 consequens
1653 2313 1715 2355 in-

39 2381 198 2424 fernum
233 2382 406 2424 multum
439 2381 601 2434 gaudet.
651 2382 809 2425 Deinde
843 2387 1011 2425 venator
1033 2383 1058 2425 i.
1085 2398 1118 2425 e.
1143 2383 1328 2425 diabolus
1352 2383 1556 2438 permittit
1587 2383 1714 2426 alium

39 2466 180 2495 canem
213 2466 390 2506 currere,
423 2452 578 2494 scilicet
600 2453 780 2507 Hanegif
807 2454 832 2495 i.
857 2467 889 2495 e.
914 2454 1086 2509 accipite
1119 2459 1159 2496 et
1191 2454 1351 2495 donate.
1400 2453 1470 2495 Isti
1493 2454 1571 2496 duo
1593 2468 1714 2497 canes

40 2529 210 2566 currunt
241 2523 291 2566 ad
315 2523 495 2576 abbates,
528 2524 685 2578 priores
718 2529 759 2566 et
780 2529 978 2580 pastoreS,
1012 2525 1081 2578 qui
1112 2524 1264 2566 habent
1291 2524 1484 2566 ecclesias
1506 2525 1711 2577 conferre;

39 2594 108 2636 isti
140 2594 252 2648 dant,
285 2599 329 2637 ut
361 2595 578 2650 accipiant,
613 2595 720 2648 quia,
754 2595 858 2650 quod
897 2595 1035 2650 probis
1068 2595 1300 2638 hominibus
1333 2599 1374 2638 et
1403 2595 1522 2637 bonis
1554 2595 1712 2638 clericis
1738 2605 1782 2640 35

40 2663 137 2707 dare
170 2665 379 2719 deberent,
402 2665 477 2707 hoc
508 2665 607 2706 dant
636 2665 760 2707 fatuis
793 2670 832 2708 et
863 2665 1027 2707 discolis
1061 2671 1230 2722 propter
1251 2666 1433 2708 favorem
1464 2670 1504 2708 et
1534 2665 1711 2720 laudem,

40 2735 147 2790 quod
188 2741 251 2778 est
288 2741 431 2778 contra
463 2736 729 2791 scripturam,
772 2736 839 2778 ubi
880 2736 1048 2778 dicitur:
1089 2736 1154 2778 Da
1192 2737 1310 2780 bonis
1348 2741 1389 2780 et
1426 2750 1476 2778 ne
1507 2737 1711 2792 receperis

38 2810 308 2861 peccatorem.
357 2806 474 2849 Unde
505 2806 686 2860 Hanegif
713 2807 739 2848 i.
763 2821 795 2849 e.
821 2807 994 2862 accipite
1028 2811 1068 2849 et
1094 2807 1187 2850 date
1211 2808 1324 2850 ducit
1348 2807 1498 2849 multos
1523 2807 1574 2849 ad
1596 2807 1711 2850 rethe

38 2877 64 2918 i.
91 2890 124 2919 e.
158 2878 379 2932 infernum,
412 2878 520 2920 unde
552 2877 655 2919 alter
686 2878 799 2919 canis
823 2876 982 2919 Bandin
1009 2878 1121 2921 ducit
1143 2879 1407 2934 placitatores
1432 2882 1472 2920 et
1491 2878 1711 2922 advocatos

131 2958 152 2992 8
177 2961 278 3002 pater
302 2959 382 3002 iste]
410 2965 494 3004 oriy.
513 2959 591 2993 iste.
688 2958 790 3002 deus]
816 2963 899 3004 oriy.
919 2958 1008 2993 deus
1032 2964 1146 3003 pater.

101 3022 320 3060 Oesterlcy.
345 3024 434 3051 Gesta
456 3023 663 3050 Romanorum.
1386 3024 1432 3058 32
