1954 3137
231 1010 297 1051 30.

230 1152 296 1193 31.

228 1438 295 1479 33.

228 1581 295 1622 34.

228 1724 294 1765 35.

227 1867 294 1908 36.

227 2009 295 2051 37.

227 2294 294 2336 39.

225 2437 294 2478 40.

226 2577 294 2618 41.

226 2720 295 2760 42.

227 2862 296 2902 43.

1043 49 1097 89 64

293 186 301 195 .
348 152 509 195 Caritas
540 153 688 195 liberat
708 154 915 196 hominem
939 167 962 196 a
985 158 1127 196 morte.
1168 153 1271 195 Erat
1294 154 1459 208 quidam
1483 154 1719 209 imperator.
1761 152 1905 207 (Biirg-

350 224 511 276 schaft.)
558 224 627 266 lat.
655 225 749 266 108.

266 295 301 336 ⁹.
348 296 548 338 Amantes
580 309 654 351 pro
686 296 859 339 invicem
894 309 937 338 se
966 295 1159 351 periculis
1182 299 1402 351 exponunt.
1453 295 1654 337 Narratur
1677 295 1725 338 de
1748 294 1905 337 duobus

348 366 595 409 millittibus.
641 367 849 423 (Egypten
879 367 963 408 und
993 366 1205 418 Baldach.)
1253 366 1325 408 lat.
1351 367 1444 408 171.

347 437 503 480 Eterna
542 438 692 492 gaudia
730 440 923 482 debemus
962 451 1124 494 semper
1165 451 1348 493 querere.
1406 438 1608 480 Narratur
1647 437 1696 480 de
1729 437 1904 492 quodam

348 509 523 552 homine.
573 509 748 561 (Freude
781 510 885 552 ohne
917 509 1048 561 ende.)
1095 508 1166 551 lat.
1195 511 1288 551 101.

291 612 299 621 .
348 579 410 622 De
449 581 700 624 discrecione
732 582 833 636 justi
867 581 1031 635 judicis.
1086 580 1190 623 Erat
1228 580 1394 635 quidam
1435 594 1508 623 rex
1542 580 1678 634 justus
1715 579 1834 622 valde
1866 583 1906 623 et

347 656 505 707 potens.
555 652 890 707 (Todtensiegel.)
941 652 1012 694 lat.
1039 653 1133 694 128.

291 755 300 764 .
346 722 543 766 Parentes
576 725 771 767 debemus
803 737 983 780 pascere.
1033 723 1207 774 Quidam
1235 722 1350 765 miles
1374 726 1462 765 erat
1484 722 1552 777 qui
1574 723 1738 765 unicum
1761 721 1901 764 filium.

348 794 474 846 (Fiinf
500 795 628 838 furser
659 796 796 847 wein.)
842 795 914 837 lat.
940 796 1005 837 72.

291 898 299 906 .
346 865 461 908 Bona
494 871 555 909 est
582 867 668 909 vita
689 867 866 910 vidualis
889 871 963 910 etc.
1013 866 1307 908 Constantinus
1330 866 1518 920 regnavit
1539 868 1684 921 potens
1707 878 1754 908 ac
1775 865 1901 908 dives.

348 937 463 988 (Drei
495 939 707 990 wittwen.)
754 939 825 981 lat.
850 939 917 980 75.

347 1008 456 1052 Utile
495 1014 557 1052 est
596 1010 794 1053 creaturis
833 1009 1084 1052 benefacere.
1140 1009 1357 1052 Heinricus
1397 1009 1622 1064 imperator
1663 1009 1705 1050 in
1738 1009 1904 1052 civitate

345 1094 447 1122 rom.
498 1081 630 1137 (Asyl,
663 1081 902 1135 nachtigal.)

347 1151 602 1208 Pauperibus
635 1153 829 1196 debemus
861 1152 1111 1194 benefacere.
1161 1151 1387 1194 Gracianus
1420 1152 1607 1206 regnavit
1635 1151 1748 1194 dives
1769 1151 1900 1194 valde.

347 1223 453 1274 (Den
487 1237 629 1266 armen
660 1224 726 1266 die
758 1223 1018 1273 herrschaft.)
1066 1223 1137 1265 lat.
1166 1224 1261 1265 131.

343 1294 547 1348 Eligenda
579 1299 675 1338 sunt
706 1295 873 1337 utiliora
904 1298 945 1337 et
974 1308 1055 1337 non
1086 1294 1334 1350 pulchriora.
1384 1295 1635 1338 Theodosius
1667 1295 1710 1336 in
1737 1293 1902 1336 civitate

343 1380 445 1408 rom.
496 1366 648 1419 (Schon
680 1367 763 1408 und
796 1366 999 1419 hasslich.)
1047 1366 1118 1408 lat.
1144 1367 1210 1408 77.

344 1437 482 1480 Pietas
514 1438 664 1481 liberat
696 1452 770 1493 per
802 1438 1010 1480 Christum
1044 1451 1065 1480 e
1095 1437 1303 1493 periculiS.
1355 1438 1493 1480 Zenon
1524 1437 1724 1492 regnavit.
1778 1436 1901 1489 (Rau-

344 1509 608 1560 bertochter.)
656 1509 726 1551 lat.
752 1509 790 1551 ἴ).

343 1581 406 1624 De
459 1581 697 1623 ascensione
751 1581 906 1622 domini
952 1584 1026 1623 etc.
1097 1580 1357 1623 Consuetudo
1404 1584 1493 1623 erat
1540 1580 1649 1636 apud
1694 1592 1898 1622 romanos.

345 1653 576 1709 (Triumph‚
609 1652 939 1706 beschreibung.)
988 1666 1082 1708 app.
1108 1653 1175 1694 56.

343 1724 406 1767 De
438 1738 560 1767 cursu
591 1723 756 1780 dyaboli
788 1728 828 1766 et
859 1724 1006 1766 anime.
1056 1722 1195 1779 Gayus
1227 1723 1269 1765 in
1301 1723 1467 1767 civitate
1487 1723 1672 1766 Romana
1698 1722 1898 1777 regnavit.

345 1795 591 1852 (Spielball.)
639 1796 709 1837 lat.
735 1797 802 1837 60.

343 1866 503 1909 Caritas
534 1867 684 1909 liberat
715 1880 738 1909 a
770 1866 965 1922 periculo.
1011 1866 1115 1909 Erat
1146 1866 1312 1922 quidam
1344 1880 1416 1910 rex
1445 1867 1594 1910 nobilis
1617 1866 1746 1910 valde.
1796 1867 1899 1920 (Aus

343 1938 437 1981 neid
469 1938 707 1992 auss‘atzig.)
754 1937 824 1980 lat.
853 1939 946 1980 132.

344 2009 506 2052 Caritas
536 2010 685 2053 liberat
715 2009 921 2051 hominem
955 2023 978 2051 a
1002 2009 1196 2065 periculo.
1245 2009 1426 2053 Gallicus
1449 2011 1491 2053 in
1513 2010 1680 2054 civitate
1700 2010 1896 2054 Romana.

344 2080 481 2132 (Fisch
513 2081 715 2133 wenden.)
762 2094 889 2134 germ.
914 2081 982 2122 62.

286 2185 294 2193 .
342 2151 457 2194 Bona
503 2152 674 2195 consilia
720 2152 914 2194 debemus
963 2153 1115 2194 audire.
1181 2152 1427 2207 Sagittarius
1475 2153 1641 2209 quidam
1681 2153 1897 2196 aviculam.

344 2223 460 2275 (Drei
491 2224 729 2266 weisheiten
760 2223 932 2275 lehren.)
977 2223 1048 2265 lat.
1076 2225 1169 2265 167.

341 2294 404 2336 De
451 2295 731 2337 misericordia
773 2294 957 2337 Gestum.
1021 2294 1147 2337 Cesar
1194 2295 1359 2350 quidam
1407 2296 1597 2350 regnavit
1634 2296 1704 2350 qui
1741 2295 1895 2338 statuit.

343 2365 469 2416 (Zwei
499 2367 644 2409 frauen
677 2365 880 2419 geraubt.)
927 2365 997 2408 lat.
1021 2368 1061 2407 4.
1894 2366 1904 2377 “

342 2436 578 2480 Penitentes
607 2451 689 2479 non
717 2440 814 2479 sunt
835 2437 1176 2493 condempnandi.
1219 2437 1518 2493 Dyoclecianus
1540 2438 1739 2492 regnavit.
1781 2437 1898 2490 (Ver-

342 2507 479 2550 lorner
510 2508 643 2560 sohn.)
689 2507 760 2549 lat.
785 2508 823 2548 7.

342 2577 404 2620 De
445 2579 784 2634 supplantacione
824 2578 1090 2621 carnalitatis.
1147 2579 1320 2630 Quidam
1357 2594 1430 2623 rex
1463 2583 1551 2622 erat
1581 2580 1651 2635 qui
1682 2567 1911 2636 pulchram*

342 2648 481 2691 filiam.
530 2650 646 2702 (Drei
677 2650 821 2703 fragen
851 2649 997 2701 losen.)
1043 2650 1113 2693 lat.
1140 2652 1207 2694 7Ο.

341 2719 404 2762 De
426 2721 678 2763 correctione
699 2721 783 2763 vite
805 2724 878 2763 etc.
920 2721 1094 2771 Quidam
1116 2722 1308 2778 princeps
1331 2726 1419 2765 erat
1440 2722 1509 2777 qui
1531 2721 1717 2764 multum.
1759 2721 1898 2774 (Fiirst

344 2791 428 2832 und
459 2792 715 2844 kaufmann.)
761 2791 832 2833 lat.
856 2792 924 2833 56.

345 2861 496 2904 Celesti
536 2863 644 2918 patri
683 2866 744 2904 est
783 2862 1066 2905 obediendum.
1120 2864 1353 2906 Dorotheus
1390 2864 1615 2919 imperator
1646 2864 1791 2907 statuit
1821 2876 1896 2919 pro

343 2932 445 2987 lege.
494 2933 636 2985 (Vater
667 2933 765 2975 oder
797 2937 948 2976 mutter
978 2934 1145 2989 folgen.)
1191 2934 1262 2977 lat.
1288 2935 1353 2976 14.
