1949 3162
120 811 161 844 lo

120 1168 162 1201 15

122 1879 167 1913 25

124 2235 169 2270 30

126 2590 171 2624 35

127 2948 173 2982 40

992 57 1079 97 450

191 165 335 207 Tereia
367 167 503 206 autem
539 163 604 204 die
637 163 685 204 de
708 163 809 204 hove
843 167 939 204 sunt
961 175 1096 203 coram
1122 162 1371 217 imperatore
1405 163 1593 216 extracti,
1627 164 1686 205 ita
1715 164 1877 219 penitus

189 236 332 277 intacti
364 234 522 276 inventi
555 238 670 287 sunt,
704 233 811 287 quod
844 246 920 275 nec
951 233 1142 288 capiIIOS,
1176 246 1251 275 nec
1283 234 1496 288 quitquam
1530 247 1670 276 eorum
1703 247 1878 289 vapores

189 305 368 348 incendii
392 305 651 360 aliquatenus
675 305 948 357 contigerunt.
983 303 1207 346 Christiani
1232 318 1327 346 vero
1347 319 1486 347 eorum
1505 318 1680 361 corpora
1695 305 1880 348 tulerunt

189 382 229 419 et
268 377 309 418 in
354 376 441 418 loco
481 376 747 419 celeberrimo
787 376 1056 417 recondentes
1095 374 1247 417 ibidem
1286 377 1510 418 oratorium
1545 381 1876 420 construxerunt.

187 448 304 489 Passi
346 453 480 489 autem
521 448 595 489 sub
628 447 834 499 Adriano,
876 447 943 500 qui
976 459 1149 499 regnare
1181 447 1291 502 cepit
1322 448 1430 489 circa
1463 461 1591 489 annos
1624 448 1780 489 domini
1813 461 1878 489 xx

188 519 395 561 Kalendas
426 518 685 570 Novembris,
718 517 783 560 vel
816 517 1039 559 secundum
1075 518 1273 572 quosdam
1307 532 1371 559 xii
1403 518 1610 560 Kalendas
1644 518 1846 561 Octobris.

306 592 592 632 Mor-(discredo.
647 589 874 641 Carissimi,
908 589 986 630 iste
1017 589 1244 643 imperator
1278 593 1340 631 est
1362 589 1552 631 dominus
1574 593 1715 632 noster
1737 589 1878 632 Ihesus

188 661 398 713 Christus3
434 661 623 703 Placidus
658 664 793 715 potest
822 660 902 701 dici
932 659 1105 713 quilibet
1126 660 1247 702 homo
1281 661 1527 714 mundanus,
1561 661 1602 702 in
1626 660 1878 703 vanitatibus

188 733 313 774 seculi
348 736 583 788 occupatus,
619 732 687 786 qui
711 731 846 786 pergit
869 731 918 772 ad
942 731 1177 773 venandum
1211 745 1271 784 ea,
1306 746 1383 786 que
1412 736 1509 773 sunt
1529 732 1752 786 mundana,
1785 745 1877 774 cum

188 803 393 845 militibus
426 804 510 845 suis
543 804 568 844 i.
594 817 627 845 e.
663 803 841 857 quinque
875 802 1074 844 sensibus.
1131 803 1314 845 Tandem
1355 804 1468 846 venit
1509 804 1559 845 ad
1592 817 1759 858 gregem
1792 816 1879 845 cer-

189 889 347 928 vorum,
379 875 421 916 in
445 875 592 928 quibus
616 873 789 915 multum
815 873 1060 925 delectatum
1096 875 1205 916 cervi
1228 875 1298 916 isti
1321 878 1417 916 sunt
1439 875 1563 929 visus,
1597 875 1762 917 auditus
1785 878 1878 928 etc.,

189 947 313 988 verba¹
353 946 602 988 detractoria
641 949 681 987 et
723 959 828 987 vana
860 950 900 987 et
932 946 990 987 816
1023 947 1072 988 (16
1103 946 1197 987 aliis
1231 946 1419 988 sensibus
1453 947 1740 989 exterioribus.
1798 944 1878 988 Sed

189 1018 445 1070 attendatus,
491 1017 598 1071 quod
645 1030 788 1058 cervus
838 1017 1047 1071 pulchrior
1093 1017 1274 1059 cucurrit
1321 1021 1361 1059 et
1407 1018 1577 1060 recessit
1619 1031 1643 1060 a
1683 1017 1878 1060 societate

191 1090 388 1142 aliorum,
432 1101 634 1143 quemque
673 1092 759 1130 toto
793 1088 1006 1130 conamine
1038 1088 1331 1143 insequebatur
1363 1088 1567 1131 Placidus.
1624 1088 1779 1131 Cervus
1811 1088 1880 1130 ille

190 1165 251 1203 est
288 1160 423 1213 racio,
468 1173 545 1214 que
579 1163 640 1200 est
672 1159 829 1214 optima
862 1160 1053 1214 potencia
1091 1160 1246 1213 anime,
1290 1174 1412 1214 quam
1445 1160 1567 1202 homo
1599 1163 1762 1203 tenetur
1793 1163 1879 1202 toto

189 1232 404 1274 conamine
427 1231 468 1272 in
494 1231 683 1272 omnibus
708 1230 900 1285 operibus
923 1231 1052 1285 sequi,
1086 1232 1120 1272 si
1144 1231 1352 1273 desiderat
1374 1231 1524 1274 habere
1546 1232 1676 1274 vitam
1700 1231 1877 1274 beatam.

188 1303 342 1345 Cervus
382 1302 450 1343 ille
491 1302 677 1344 ascendit
714 1315 880 1356 rupem3
923 1317 1027 1358 rupa
1067 1306 1128 1345 est
1160 1302 1329 1356 justicia
1370 1303 1456 1345 sive
1488 1303 1714 1357 rectit-udo,
1754 1315 1876 1356 quam

187 1375 297 1416 racio
332 1387 494 1428 semper
536 1373 693 1427 diligit,
735 1377 774 1415 et
814 1373 922 1415 infra
960 1387 1115 1416 cornua
1148 1374 1325 1415 racionis
1357 1374 1461 1416 vidit
1492 1374 1715 1428 imaginem
1748 1373 1878 1416 cruci-

187 1446 272 1487 fixi.
322 1445 487 1487 Cornua
519 1449 615 1486 sunt
646 1444 711 1486 lex
746 1445 917 1498 antiqua
949 1450 989 1487 et
1019 1459 1145 1495 nova3
1179 1445 1221 1486 in
1243 1444 1333 1497 lege
1366 1446 1536 1500 antiqua
1566 1445 1670 1488 bene
1702 1444 1878 1501 prophe-

119 1533 126 1539 ·
189 1518 358 1559 tisatum
400 1522 488 1557 erat
520 1530 543 1557 a
575 1515 715 1558 multis
749 1516 797 1557 de
831 1516 1008 1557 adventu
1041 1514 1193 1557 Christi
1227 1520 1268 1558 et
1303 1517 1352 1558 de
1386 1517 1472 1571 ejus
1514 1521 1669 1570 morte3
1709 1517 1751 1558 in
1789 1515 1878 1570 lege

189 1602 296 1629 nova
328 1587 437 1629 clare
470 1587 609 1628 videre
642 1600 874 1642 possumus,
909 1586 1112 1641 quomodo
1146 1590 1187 1628 et
1219 1601 1300 1641 qua
1322 1591 1454 1629 morte
1486 1601 1561 1643 pro
1582 1592 1724 1630 nostra
1746 1586 1879 1630 salute

191 1663 376 1701 mortuus
410 1664 491 1707 est;
532 1659 622 1700 ideo
655 1671 800 1700 cervus
832 1658 902 1700 ille
935 1657 1037 1700 bene
1069 1658 1189 1711 dicit,
1224 1663 1267 1700 ut
1298 1659 1494 1700 mundum
1530 1659 1806 1715 despiciamus
1839 1662 1880 1701 et

191 1744 251 1783 ea,
286 1744 363 1784 que
395 1731 436 1771 in
461 1730 612 1771 mundo
639 1734 747 1783 sunt,
781 1734 822 1771 et
846 1743 1067 1783 sequamur
1094 1730 1265 1783 vestigia
1289 1730 1457 1783 Christi,
1489 1734 1535 1772 111
1555 1730 1653 1772 fecit
1672 1729 1877 1772 Placidus.

193 1802 273 1844 Sed
296 1815 436 1856 posses
460 1801 614 1843 dicere:
648 1800 845 1842 Libenter
867 1814 997 1842 essem
1022 1801 1262 1854 instructus,
1297 1801 1499 1855 quomodo
1531 1802 1704 1855 vestigia
1726 1799 1880 1843 Christi

193 1873 364 1915 debeam
406 1874 541 1926 sequi,
583 1886 675 1914 ecce
716 1872 949 1928 exemplum
990 1873 1031 1914 in
1074 1872 1153 1913 isto
1194 1873 1312 1915 beato
1346 1872 1583 1915 Eustachio.
1638 1872 1777 1914 Primo
1815 1885 1880 1914 re-

194 1945 345 1986 nuncia
376 1944 495 1985 uxori
530 1949 570 1985 et
601 1943 708 1985 filiis,
766 1943 879 1986 Uxor
915 1944 1007 1997 illa,
1049 1957 1127 1998 que
1159 1948 1221 1986 681
1252 1945 1439 1999 speciosa
1470 1944 1608 1998 valde,
1648 1947 1711 1986 est
1741 1944 1880 1986 anima

193 2020 284 2068 tua,
334 2016 384 2057 ad
433 2015 497 2057 dei
537 2014 850 2057 similitudinem
891 2019 1050 2067 creata,
1099 2028 1177 2069 que
1220 2029 1384 2070 semper
1423 2020 1486 2057 est
1524 2019 1672 2071 parata
1715 2014 1878 2057 Christo

195 2086 373 2139 obedire,
407 2086 440 2128 si
473 2099 567 2127 caro
601 2087 637 2128 ei
670 2087 930 2137 consenciat3
964 2087 1043 2128 duo
1075 2086 1149 2127 filii
1172 2087 1335 2142 parvuli
1368 2090 1465 2128 sunt
1486 2086 1677 2128 voluntas
1699 2090 1741 2128 et
1761 2098 1878 2141 opus,

195 2158 263 2212 qui
298 2162 394 2199 sunt
426 2157 600 2213 parvuli,
635 2158 830 2211 quamdiu
863 2158 984 2199 homo
1017 2162 1233 2212 permanet
1262 2157 1337 2199 deo
1369 2157 1622 2209 contrarius;
1657 2155 1749 2211 [93]
1771 2156 1881 2198 unde

194 2229 328 2284 primo
372 2232 534 2284 oportet
572 2229 859 2283 temetipsum,
902 2229 1049 2271 deinde
1088 2230 1226 2270 omnia
1260 2228 1508 2283 temporalia
1540 2241 1564 2270 a
1594 2232 1635 2270 te
1665 2227 1878 2283 repellere,

196 2301 228 2341 si
252 2313 332 2341 non
357 2313 500 2354 opere,
534 2304 670 2341 tamen
699 2299 930 2352 voluntate3
965 2300 1041 2341 hoc
1063 2304 1125 2342 est
1147 2301 1205 2342 sic
1227 2300 1553 2353 intelligendum,
1588 2299 1697 2353 quod
1718 2312 1880 2355 semper

195 2371 315 2413 deum
358 2371 546 2412 omnibus
586 2385 805 2426 preponas.
860 2370 961 2413 Post
998 2371 1073 2414 hoc
1104 2371 1296 2413 Placidus
1337 2371 1518 2412 surrexit
1555 2374 1596 2412 et
1627 2383 1719 2412 cum
1752 2383 1881 2412 uxore

196 2446 236 2484 et
267 2442 362 2483 111118
394 2447 513 2484 110616
544 2456 689 2484 navem
731 2443 914 2484 intravit.
974 2442 1042 2484 Sic
1082 2447 1146 2495 tu,
1191 2442 1422 2495 carissime,
1463 2455 1584 2495 surge
1623 2455 1697 2497 per
1727 2441 1880 2483 contri-

196 2514 353 2555 cionem
386 2527 478 2555 cum
512 2513 619 2555 bona
654 2513 864 2555 voluntate
897 2518 937 2556 et
967 2513 1085 2555 bonis
1118 2513 1310 2569 operibus
1345 2516 1385 2555 et
1414 2513 1524 2554 intra
1555 2526 1701 2554 navem
1740 2516 1904 2554 sancte.

197 2584 385 2637 ecclesie,
427 2589 467 2626 et
507 2584 605 2626 deus
638 2585 681 2625 in
713 2585 903 2626 omnibus
937 2585 1015 2627 erit
1045 2585 1121 2627 tibi
1161 2583 1384 2640 propicius.
1440 2583 1637 2637 Magister
1669 2583 1786 2625 navis
1818 2585 1881 2626 est

197 2656 393 2711 prelatus,
428 2655 496 2709 qui
528 2655 702 2696 libenter
734 2669 808 2696 nos
841 2656 1051 2709 retineret,
1084 2655 1155 2698 sed
1177 2668 1348 2697 uxorem
1370 2658 1554 2696 nostram
1586 2654 1612 2695 i.
1637 2667 1670 2695 e.
1698 2654 1878 2696 animam

197 2727 321 2769 habet
358 2731 497 2769 tenere
536 2726 578 2767 in
619 2726 769 2767 divinis
809 2727 1037 2782 preceptis3
1079 2730 1120 2768 et
1159 2727 1193 2768 si
1225 2727 1457 2779 contingat,
1498 2725 1706 2767 hominem
1737 2724 1881 2778 vagari

198 2802 315 2839 extra
345 2811 492 2839 navem
526 2797 716 2849 ecclesie,
758 2797 947 2839 amittere
979 2801 1116 2853 potest
1145 2797 1247 2839 duos
1279 2797 1405 2850 filios,
1439 2795 1596 2838 scilicet
1624 2795 1878 2838 voluntatem

198 2868 347 2910 bonam
381 2873 421 2910 et
452 2869 605 2911 bonum
637 2881 760 2922 opus,
802 2881 879 2922 que
918 2869 1032 2923 prius
1065 2868 1208 2910 habuit
1241 2882 1338 2922 erga
1369 2868 1510 2921 deum,
1551 2866 1658 2908 sicut
1687 2866 1879 2910 Placidus

197 2939 306 2981 fecit.
362 2939 551 2981 Placidus
584 2940 756 2981 intravit
794 2938 962 2980 fluvium
996 2943 1036 2982 et
1067 2940 1246 2982 infantes
1286 2939 1487 2994 portavit,
1528 2942 1569 2980 et
1598 2937 1721 2994 lupus
1752 2950 1878 2980 unum
