1919 3157
874 59 952 98 4151

78 167 220 205 contra
250 162 472 215 diabolum,
505 162 702 204 mundum
737 167 776 204 et
808 176 986 204 carnem.
1039 163 1205 205 Interim
1239 164 1338 205 deus
1371 163 1478 206 celos
1502 164 1687 206 ascendit
1709 164 1758 206 ad

78 233 380 290 preparandum
415 234 584 288 nupcias
628 247 699 289 pro
740 234 880 287 nobis,
925 238 969 275 ut
1007 234 1047 275 in
1080 233 1212 287 gloria
1244 240 1385 275 eterna
1418 248 1508 276 cum
1544 236 1631 289 ipso
1665 248 1760 276 con-

71 305 339 359 jungeremur
386 305 608 346 seeundum
658 305 757 346 illud
796 304 910 347 son:
961 304 1074 346 Vado
1123 319 1270 360 parare
1320 305 1434 347 vobis
1478 305 1623 347 lovum.
1681 305 1760 348 Sed

78 375 241 431 quando
289 376 427 417 anima
475 381 536 417 est
583 377 622 416 in
671 381 805 417 castro
855 377 1059 431 corporis,
1108 381 1205 418 tunc
1251 380 1393 431 raptor
1438 377 1462 417 i.
1494 390 1526 418 e.
1576 376 1762 418 diabolus

78 446 257 502 puellam
298 447 322 488 i.
349 461 380 488 e.
416 447 594 488 animam
637 448 896 501 aggreditur,
936 447 1097 501 quando
1135 460 1222 488 eam
1259 461 1331 501 per
1363 447 1504 488 mundi
1538 448 1761 490 vanitatem

77 517 235 560 seducit
267 522 307 560 et
339 518 389 560 ad
423 532 511 559 eam
546 519 787 572 ingreditur,
822 518 983 572 quando
1016 519 1057 559 in
1091 523 1303 573 peccatum
1338 519 1542 560 consentit
1573 523 1613 560 et
1645 519 1685 560 in
1716 534 1761 561 eo

77 594 310 644 permanet,
351 594 391 631 et
429 590 486 631 sic
520 589 708 631 Christus
742 589 974 645 expellitur.
1034 589 1114 631 Sed
1147 589 1335 630 Christus
1370 595 1579 631 revertens
1612 590 1762 631 cotidie

77 660 127 702 ad
150 661 300 702 ostium
334 661 468 702 cordis
501 662 558 702 tui
592 660 730 716 pulsat
761 665 802 701 et
833 661 932 701 dicit
965 660 1064 701 illud
1099 659 1278 701 Cautio:
1313 660 1400 713 Ego
1433 664 1495 701 sto
1530 661 1580 702 ad
1610 662 1760 703 ostium

76 736 191 773 tuum
233 736 273 773 et
313 731 432 787 pulso
473 737 549 774 etc.
606 732 685 774 Sed
726 732 864 773 anima
903 732 944 772 in
978 732 1156 787 peccatis
1197 731 1405 774 obstinata
1445 745 1536 773 eum
1578 746 1657 773 non
1696 746 1762 774 ac-

75 803 304 856 cognoscit3
338 803 429 845 ideo
453 803 640 845 Christus
674 803 855 844 ostendit
886 802 963 844 sibi
998 802 1180 852 vulnera,
1216 816 1292 857 que
1326 816 1399 858 pro
1422 803 1539 845 nobis
1565 804 1759 859 suscepit,

76 878 121 916 ut
152 874 203 915 ad
235 887 326 916 eum
361 874 532 916 inclines
565 888 634 916 cor
666 879 780 916 tuum
819 878 859 916 et
890 874 1110 916 fenestram
1145 874 1279 916 cordis
1312 874 1371 915 tui
1403 873 1548 916 saltem
1583 875 1758 930 aperias.

76 944 156 987 Sed
188 945 313 987 miser
346 945 486 998 homo,
527 945 718 999 quoniam
754 945 964 987 dominum
999 959 1079 987 non
1112 945 1250 998 timet,
1290 949 1333 987 ut
1365 946 1452 999 ejus
1485 958 1553 987 cor
1587 946 1759 1000 aperiat,

75 1020 218 1058 contra
249 1016 373 1059 talem
400 1017 530 1070 judex
562 1016 723 1059 celestis
756 1017 797 1058 in
831 1017 895 1058 die
923 1016 1066 1070 judicii
1100 1016 1215 1058 dabit
1247 1016 1520 1070 sentenciam,
1562 1021 1607 1058 ut
1639 1017 1759 1059 ambo

75 1087 382 1144 suspendantur
413 1088 454 1129 in
488 1088 672 1143 patibulo
705 1088 896 1130 infernali
931 1092 1005 1130 etc.

721 1318 822 1361 Cap.
852 1319 945 1360 118.
978 1320 1111 1370 (110.)

651 1406 724 1451 De
747 1405 945 1466 fallacia
985 1412 1024 1451 et
1060 1405 1177 1450 dolo.

192 1512 310 1555 Miles
351 1513 515 1567 quidam
558 1514 728 1556 intravit
769 1514 988 1570 Egiptum3
1036 1515 1241 1568 cogitans,
1286 1513 1342 1555 ibi
1382 1513 1598 1568 pecuniam
1641 1527 1758 1555 suam

74 1584 325 1640 relinquere,
364 1585 653 1639 interrogavit,
696 1585 730 1627 si
764 1585 911 1640 aliquis
943 1585 1075 1627 fidelis
1107 1585 1163 1627 ibi
1195 1588 1404 1638 maneret,
1443 1584 1507 1626 cui
1541 1585 1756 1640 pecuniam

75 1669 190 1698 suam
224 1656 273 1698 ad
297 1655 607 1698 custodiendum
641 1656 835 1710 traderet,
869 1661 910 1699 et
940 1657 1111 1710 audivit,
1150 1656 1257 1711 quod
1290 1660 1379 1698 erat
1411 1655 1577 1709 quidam
1610 1669 1756 1709 senex3

75 1727 125 1769 ad
158 1741 249 1769 eum
284 1728 475 1782 accessit,
517 1732 561 1770 ut
600 1728 712 1770 mille
744 1728 898 1770 talenta
930 1729 965 1771 ei
998 1728 1200 1781 traderet,
1241 1731 1282 1770 et
1312 1727 1460 1770 deinde
1493 1728 1543 1769 ad
1575 1728 1757 1782 peregri-

74 1799 256 1841 nandum
278 1800 475 1855 perrexit.
510 1799 682 1842 Peracto
705 1800 852 1842 itinere
876 1799 926 1841 ad
945 1813 1038 1841 eum
1060 1799 1197 1853 rediit,
1221 1799 1285 1841 cui
1307 1799 1464 1841 talenta
1481 1799 1756 1852 commiserat,

75 1874 116 1913 et
146 1871 366 1913 commissa
397 1870 448 1913 ab
471 1884 516 1912 eo
550 1871 748 1925 quesivit3
781 1874 824 1913 at
854 1871 922 1913 ille
957 1871 1100 1926 plenus
1132 1871 1323 1925 nequicia
1350 1884 1574 1925 numquam
1599 1884 1642 1913 se
1664 1884 1757 1913 eum

74 1942 227 1985 vidisse
267 1943 461 1994 asseruit3
504 1942 621 1984 miles
661 1956 756 1984 vero
796 1943 855 1985 sic
894 1942 1088 1997 deceptus
1128 1943 1395 1984 contristatus
1438 1947 1501 1984 est
1538 1941 1676 1995 valde,
1719 1945 1759 1984 et

75 2013 248 2068 singulis
279 2013 422 2056 diebus
455 2013 505 2056 ab
535 2027 581 2056 eo
614 2014 739 2069 peciit
770 2017 811 2056 et
842 2027 933 2056 cum
958 2013 1119 2056 blandis
1151 2013 1409 2056 sermonibus
1442 2014 1680 2069 deprecans,
1714 2018 1758 2055 ut

75 2085 153 2128 sibi
174 2085 376 2128 redderet.
420 2084 627 2139 Deceptor
647 2085 888 2140 increpabat
919 2099 1026 2138 eum,
1058 2098 1109 2127 ne
1140 2085 1240 2127 talia
1262 2085 1311 2127 de
1335 2099 1381 2127 eo
1404 2085 1581 2140 amplius
1605 2084 1759 2127 diceret

76 2155 140 2198 vel
172 2156 299 2199 eciam
333 2161 376 2199 at
407 2170 499 2198 eum
533 2156 696 2198 rediret.
756 2156 827 2198 Ille
860 2156 990 2198 tristis
1023 2156 1074 2198 ab
1107 2170 1153 2198 eo
1185 2156 1375 2210 recessit,
1408 2156 1563 2198 habens
1594 2156 1756 2198 obviam

75 2227 279 2282 quandam
319 2227 498 2270 vetulam
538 2227 686 2282 pannis
724 2227 1033 2270 heremitalibus
1072 2227 1256 2269 indutam
1290 2227 1527 2282 habensque
1559 2228 1601 2269 in
1632 2241 1756 2269 manu

75 2297 280 2352 baculum,
314 2302 354 2341 et
385 2312 458 2354 per
492 2299 598 2340 viam
631 2298 784 2340 levavit
813 2298 992 2354 lapides,
1026 2312 1077 2341 ne
1108 2303 1370 2341 transeuntes
1402 2299 1527 2354 pedes
1558 2298 1754 2340 lederent.

75 2368 160 2420 Que
191 2369 333 2412 videns
366 2383 456 2412 eum
489 2368 652 2412 flentem
687 2373 728 2412 et
758 2383 1027 2424 cognoscens,
1068 2369 1175 2424 quod
1215 2373 1436 2412 extraneus
1478 2374 1604 2422 esset,
1646 2382 1755 2411 com-

1788 454 1809 486 ῼἾ

1790 808 1831 842 10

1783 1735 1828 1769 20

1783 2091 1827 2125 25

75 2445 188 2482 mota
226 2441 379 2497 pietate
419 2454 511 2483 eum
552 2441 733 2494 vocavit,
774 2445 813 2483 et
857 2441 956 2495 quid
997 2440 1215 2483 accidisset
1253 2440 1536 2494 interrogavit.
1593 2441 1650 2482 At
1688 2439 1756 2482 ille
1780 2446 1826 2480 30

76 2511 262 2554 ordinate
294 2512 493 2564 narravit,
527 2511 729 2566 quomodo
762 2525 834 2567 per
856 2512 971 2554 illum
1006 2525 1145 2554 senem
1179 2517 1287 2554 esset
1319 2512 1526 2567 deceptus.
1575 2511 1633 2552 At
1662 2511 1754 2552 illa:

79 2579 167 2637 [99]
202 2583 362 2637 Amice,
394 2583 429 2624 si
462 2596 559 2625 vera
580 2587 688 2636 sunt,
722 2596 800 2637 que
822 2583 947 2625 michi
979 2583 1095 2636 dicis,
1128 2582 1232 2625 dabo
1255 2583 1332 2625 tibi
1355 2596 1499 2625 sanum
1524 2581 1753 2624 consilium.

75 2653 133 2695 At
169 2653 258 2696 ille:
297 2654 431 2696 Testis
472 2656 533 2696 est
572 2653 695 2695 michi
735 2654 854 2705 deus3
895 2667 993 2695 vera
1029 2654 1170 2708 utique
1202 2658 1309 2696 sunt.
1366 2653 1451 2704 Que
1490 2653 1568 2695 ait:
1608 2652 1755 2694 Adduo

75 2723 201 2766 michi
238 2724 445 2767 hominem
485 2725 535 2767 de
573 2728 684 2766 terra
720 2729 811 2778 tua,
860 2725 974 2778 cujus
1021 2724 1142 2766 dictis
1190 2730 1231 2767 et
1271 2725 1390 2767 factis
1429 2723 1529 2766 fides
1569 2723 1755 2765 adhiberi

76 2798 227 2850 posset.
288 2795 358 2838 Ille
403 2809 498 2838 vero
541 2795 730 2847 adduxit3
777 2796 842 2837 cui
882 2795 1055 2837 adducto
1099 2795 1283 2851 precepit
1321 2794 1459 2837 vetula
1487 2808 1518 2836 x
1557 2794 1753 2850 cophinos
1778 2799 1824 2834 35

77 2878 211 2909 emere
241 2867 422 2909 exterius
455 2866 651 2922 preciosis
683 2866 867 2921 depictos
899 2866 1102 2909 coloribus
1126 2867 1316 2920 ferroque
1348 2866 1495 2919 ligatos
1528 2879 1619 2908 cum
1643 2880 1753 2908 sera-

172 2947 211 2981 11
238 2947 400 2991 inclines]
425 2953 510 2994 oriy.
528 2947 685 2982 inclinet.
781 2948 825 2981 36
851 2946 1026 2992 depictos]
1053 2953 1138 2994 oriq.
1157 2947 1319 2992 depictis.
