1919 3157
845 32 929 72 645

51 138 237 191 sequenti
270 137 502 179 valedicunt
543 137 715 192 hospiti,
758 139 833 179 iter
873 138 1079 193 inceptum
1116 142 1385 191 prosecuntur
1417 142 1457 180 et
1488 138 1724 191 ignorantes

53 209 159 250 viam
183 209 496 262 investugantur
527 223 587 262 ea,
621 209 654 250 si
678 210 767 263 quis
800 209 967 250 semitas
1001 208 1209 250 hominum
1243 209 1486 251 invenirent.
1540 209 1723 252 Tandem

56 284 255 322 venerunt
286 280 336 321 ad
359 280 602 322 densitatem
637 280 815 322 nemoris
848 280 888 321 in
923 294 1001 334 quo
1034 279 1140 320 tilius
1172 278 1270 321 folia
1301 293 1374 334 pro
1397 280 1501 322 lecto
1535 281 1662 335 patris
1685 285 1725 323 et

53 351 194 393 matris
212 350 397 404 collegit:
431 352 503 392 hoc
529 352 635 393 facto
660 352 843 393 arborem
869 350 1054 393 ascendit
1086 356 1130 392 ut
1152 351 1185 392 si
1209 351 1383 406 aliquem
1408 351 1541 393 locum
1566 351 1724 394 habita-

51 422 178 465 cionis
211 422 421 464 hominum
459 423 632 473 vidcren
672 423 825 478 incepit
856 422 1020 464 tlamma
1052 421 1249 464 scelerate
1282 423 1503 478 voluptatis
1536 423 1577 464 in
1616 423 1724 464 seni-

51 494 125 537 bus
162 499 254 549 post
296 499 516 549 septennas
555 494 805 549 penitencias
845 494 983 536 iterari
1027 497 1066 535 et
1104 497 1222 548 pater
1263 492 1344 535 filie
1391 494 1568 536 recidive
1608 494 1723 547 flagi-

51 566 239 620 cioseque
290 565 644 607 connniscebatur.
716 564 843 606 Filius
896 578 986 606 cum
1040 568 1148 606 esset
1198 565 1239 606 in
1282 564 1426 606 arbore
1469 569 1508 607 et
1540 565 1723 619 vidisset,

51 636 260 679 descendit
308 650 397 678 cum
451 637 577 678 nimia
620 636 905 689 indignacione
953 640 992 678 et
1038 649 1106 678 eos
1153 636 1310 691 pariter
1351 636 1532 690 necavit,
1585 636 1724 691 sicque

51 708 216 750 veniens
263 707 315 750 ad
356 708 488 749 virum
530 712 714 749 sanctum
757 720 847 749 cum
888 720 934 749 eo
975 707 1175 749 remansit
1216 707 1340 749 vitam
1384 707 1588 750 salubrem
1630 720 1721 749 cum

52 779 284 835 penitencia
318 778 463 821 finivit.

165 852 401 893 Mor-editas.
459 849 697 902 Kal-issimi,
737 849 856 890 homo
891 850 967 891 iste
999 848 1148 891 nobilis
1189 854 1251 891 est
1289 849 1429 903 homo,
1472 863 1589 905 quem
1623 849 1723 892 deus

50 920 283 964 nobilitavit
314 922 364 963 ad
387 921 619 977 ymaginem
644 934 757 962 suam
793 920 989 973 creando;
1021 921 1090 975 qui
1112 910 1271 977 accepit
1291 935 1460 963 uxorem
1484 921 1534 964 de
1555 934 1724 975 magna-

50 992 160 1035 tibus
197 998 306 1035 terre
346 994 371 1034 i.
396 1006 429 1035 e.
463 992 571 1046 quod
611 1006 653 1034 se
685 992 859 1034 involvit
898 992 1148 1035 vanitatibus
1181 992 1302 1047 hujus
1340 992 1483 1034 mundi
1518 1005 1610 1034 cum
1643 1005 1724 1047 qua

51 1077 94 1106 se
124 1064 271 1107 miscet
301 1068 341 1107 et
372 1064 551 1118 concipit
583 1069 623 1106 et
653 1064 762 1119 parit
794 1063 933 1117 tiliam,
966 1063 991 1105 i.
1015 1077 1047 1105 e.
1084 1063 1233 1106 malam
1268 1064 1534 1106 voluntatem.
1590 1062 1724 1106 Matre

50 1135 250 1178 moriente
282 1136 307 1177 i.
333 1149 366 1178 e.
401 1135 576 1177 exclusis
611 1135 862 1177 vanitatibus
901 1134 1043 1176 mundi
1085 1134 1206 1176 homo
1245 1135 1390 1177 miscet
1429 1148 1473 1178 se
1504 1148 1596 1177 cum
1628 1148 1724 1190 pro-

51 1208 141 1262 pria
172 1205 256 1248 filia
286 1207 312 1248 i.
337 1220 370 1248 e.
406 1207 574 1262 propria
607 1220 680 1248 sua
712 1206 820 1248 mala
853 1206 1078 1260 voluntate,
1111 1211 1151 1248 et
1178 1205 1264 1248 filia
1294 1207 1320 1248 i.
1345 1220 1377 1248 e.
1402 1205 1512 1248 mala
1534 1205 1724 1248 voluntas

51 1278 229 1334 concipit
260 1282 300 1320 et
331 1279 441 1333 parit
476 1277 627 1331 filium,
666 1278 692 1319 i.
725 1292 757 1319 e.
802 1278 1082 1332 iniquitatem,
1123 1291 1242 1332 quem
1283 1277 1411 1320 filium
1454 1281 1572 1333 pater
1606 1277 1725 1332 jubet

51 1350 180 1392 occidi
212 1350 237 1392 i.
266 1364 298 1392 e.
334 1349 441 1404 quod
472 1349 592 1391 homo
626 1354 794 1404 propter
825 1349 1092 1403 fragilitatem
1124 1352 1164 1391 et
1186 1349 1398 1391 lasciviam
1421 1349 1599 1391 humane
1620 1349 1723 1392 ceci-

51 1422 147 1463 tatis
179 1421 326 1463 nititur
347 1424 556 1476 peccatum
592 1420 795 1463 occultare
828 1424 997 1476 propter
1029 1420 1307 1463 confusionem
1342 1421 1368 1462 i.
1396 1434 1428 1463 e.
1464 1434 1537 1476 pre
1568 1420 1723 1476 pudore

50 1493 339 1546 confessionis,
380 1505 434 1534 sc.
474 1497 607 1535 mater
645 1493 670 1534 i.
706 1506 738 1535 e.
772 1491 1050 1545 intelligencia
1089 1496 1129 1533 et
1167 1492 1424 1534 consciencia
1455 1492 1632 1534 hominis
1672 1505 1722 1534 ex

52 1569 237 1607 materna
268 1563 488 1606 dileccione
520 1565 546 1605 i.
571 1578 604 1606 e.
638 1568 806 1619 propter
829 1563 1001 1605 salutem
1036 1563 1246 1618 propriam
1270 1564 1492 1605 committit
1521 1562 1648 1605 filium
1683 1567 1724 1607 et

49 1640 260 1691 peccatum
293 1636 441 1677 nutriri
463 1636 488 1676 i.
515 1649 548 1677 e.
572 1636 689 1677 bonis
715 1635 906 1691 operibus
930 1634 1111 1688 ecclesie,
1144 1638 1191 1676 ut
1220 1639 1407 1690 portetur
1431 1638 1548 1677 extra
1568 1634 1721 1678 limites

49 1707 212 1763 imperii
251 1708 277 1748 i.
309 1720 342 1749 e.
383 1707 489 1761 quod
528 1707 648 1749 homo
689 1711 779 1749 orat
815 1707 840 1748 i.
873 1720 905 1748 e.
946 1705 1052 1760 quod
1092 1719 1142 1748 ne
1181 1706 1223 1747 in
1262 1707 1440 1761 peccatis
1477 1707 1561 1749 suis
1599 1706 1720 1749 homo

49 1783 192 1835 pereat
222 1779 263 1820 in
297 1777 371 1820 hoc
403 1777 555 1819 mundo
588 1782 628 1820 et
657 1778 855 1833 iniquitas
887 1781 1076 1832 portatur
1108 1777 1158 1819 ad
1191 1791 1328 1831 regem
1361 1778 1387 1819 i.
1413 1791 1446 1820 e.
1482 1778 1532 1820 ad
1564 1778 1719 1820 curiam

50 1849 329 1892 misericordie
361 1849 439 1902 dei,
473 1853 513 1891 et
542 1850 620 1891 iste
653 1863 724 1891 rex
757 1862 837 1891 non
871 1848 994 1890 habet
1016 1848 1117 1891 alios
1140 1848 1309 1891 heredes
1333 1849 1414 1891 nisi
1437 1862 1510 1891 nos
1532 1849 1720 1892 christia-

48 1935 122 1963 nos
165 1925 206 1964 et
242 1920 334 1962 ideo
374 1920 522 1975 recipit
562 1923 816 1975 peccatorem
856 1920 897 1961 in
936 1919 1065 1962 filium
1107 1934 1225 1962 suum
1267 1920 1504 1976 adoptivum
1545 1925 1586 1963 et
1621 1921 1721 1963 facit

49 2006 139 2035 eum
187 1992 431 2048 participem
480 1995 520 2034 et
557 1991 747 2034 heredem
788 1991 904 2045 regni
943 1991 1005 2033 sui
1046 1995 1086 2034 et
1125 1992 1184 2034 sic
1222 1995 1340 2048 pater
1379 1992 1420 2033 in
1461 1996 1592 2035 morte
1623 1992 1649 2034 i.
1684 2006 1717 2035 e.

49 2067 217 2120 propter
249 2066 420 2105 mortem
455 2063 658 2118 passionis
691 2077 763 2106 sue
795 2067 835 2105 et
866 2076 982 2105 suam
1005 2063 1234 2118 piissimam
1267 2063 1590 2106 misericordiam
1622 2063 1722 2106 facit

49 2135 257 2177 hominem
290 2135 394 2176 scire
427 2139 467 2176 et
497 2147 741 2188 cognoscere
771 2134 982 2177 feditatem
1016 2148 1132 2176 suam
1165 2138 1205 2177 et
1237 2134 1342 2189 quod
1375 2147 1454 2176 non
1489 2148 1539 2177 ex
1561 2135 1721 2177 meritis

48 2206 120 2249 sed
159 2219 209 2249 ex
252 2204 559 2260 supereffluenti
597 2205 780 2247 bonitate
813 2219 886 2247 sua
917 2219 992 2247 nos
1024 2206 1271 2248 sustentavit
1302 2209 1342 2248 et
1372 2205 1638 2260 hereditavit,
1681 2210 1722 2249 et

49 2278 108 2320 sic
138 2277 246 2319 filius
269 2277 389 2319 debet
420 2277 654 2318 contristari
687 2281 856 2332 propter
888 2277 1020 2319 scelus
1053 2278 1315 2320 commissum
1349 2290 1440 2319 cum
1473 2280 1606 2319 matre
1632 2277 1659 2319 i.
1683 2290 1717 2320 e.

49 2348 158 2391 mala
178 2348 400 2390 voluntate.
436 2347 503 2390 Sic
524 2347 632 2390 filius
654 2353 695 2390 et
716 2353 846 2390 mater
872 2348 1022 2391 debent
1041 2349 1176 2391 facere
1197 2348 1449 2402 legacionem
1472 2348 1522 2390 ad
1544 2351 1718 2404 patrem,

49 2419 169 2462 simul
201 2420 449 2462 contristant
479 2419 505 2460 i.
529 2432 562 2461 e.
593 2419 699 2473 quod
732 2419 852 2461 homo
885 2423 995 2461 totus
1027 2420 1245 2462 contristat
1276 2433 1366 2462 oum
1401 2419 1590 2462 omnibus
1623 2420 1719 2462 viri-

49 2491 123 2534 bus
155 2491 239 2533 suis
273 2496 313 2533 et
343 2490 480 2532 doleat
510 2503 584 2545 pro
617 2491 795 2545 peccatis
828 2491 911 2532 suis
945 2494 984 2533 et
1016 2491 1183 2533 accedat
1214 2492 1487 2534 confessorem
1510 2491 1720 2534 humiliter

49 2562 244 2605 confitens
276 2562 414 2604 omnia
445 2565 613 2616 peccata
644 2575 717 2603 sua
749 2563 816 2616 qui
849 2563 1032 2605 remittet
1062 2566 1101 2605 te
1134 2563 1184 2604 ad
1216 2563 1457 2605 heremitam
1490 2563 1515 2604 i.
1543 2576 1576 2605 e.
1600 2563 1720 2606 satis-

48 2634 293 2687 faccionem,
334 2634 375 2675 in
409 2646 489 2687 qua
520 2633 620 2674 satis
651 2633 785 2675 facere
822 2634 973 2675 teneris
1005 2634 1278 2689 penitenciam
1312 2638 1552 2690 septennam
1584 2634 1627 2676 id
1659 2637 1721 2677 est

49 2709 206 2761 septem
240 2704 483 2747 mortalibus
515 2705 717 2759 peccatis,
751 2705 783 2746 si
818 2709 952 2746 autem
987 2705 1028 2746 in
1061 2706 1293 2760 penitencia
1323 2719 1404 2747 non
1436 2705 1717 2761 impletaveris

48 2776 188 2833 lapsus
220 2776 346 2819 fueris
386 2789 478 2818 cum
511 2775 620 2817 mala
652 2775 874 2817 voluntate.
932 2775 1047 2818 Tunc
1085 2776 1192 2819 filius
1225 2777 1249 2818 i.
1275 2790 1307 2819 e.
1341 2776 1537 2830 iniquitas
1569 2776 1720 2832 accipit

49 2861 261 2890 ascensum
294 2847 453 2890 arboris
485 2847 511 2888 i.
536 2859 569 2888 e.
595 2847 880 2902 supergrediat
911 2847 1098 2889 arborem
1122 2848 1319 2890 virtutum
1345 2852 1507 2890 tuarum
1540 2850 1580 2890 et
1600 2851 1720 2890 necat

49 2922 88 2962 te
119 2919 163 2960 in
194 2931 364 2975 corpore
397 2922 437 2961 et
468 2919 617 2960 anima.
674 2918 755 2961 Fac
787 2932 882 2973 ergo
915 2919 1020 2961 sicut
1049 2919 1147 2962 fecit
1176 2919 1297 2973 filius,
1330 2931 1455 2975 perge
1485 2919 1634 2962 iterum
1667 2919 1718 2962 ad
