1919 3157
909 106 992 146 320

107 214 214 269 quod
254 213 323 255 illa
361 213 426 254 die
459 212 603 253 licebat
638 212 805 253 cuilibet
843 212 976 252 ‹ih-ere
1017 211 1056 252 in
1090 222 1310 264 personam
1345 208 1642 263 triumphantis
1676 207 1788 261 quic-

108 285 202 340 quid
239 284 373 329 vellet,
406 283 562 324 scilicet
595 284 732 324 omnia
765 281 986 336 obprobria
1020 281 1177 322 victori.

225 355 451 398 Carissimi-
494 355 568 395 iste
609 355 835 409 imperator
867 358 929 394 est
962 357 1078 407 pater
1110 351 1285 397 celestis,
1329 351 1458 391 victor
1499 350 1547 391 (le
1581 349 1686 390 bello
1719 349 1790 389 (lo-

109 427 243 468 minus
276 432 415 468 noster
451 425 587 466 lhesus
611 425 812 469 (ln-istus.
846 425 914 479 qui
948 429 1091 464 contra
1123 422 1327 463 diabolum
1354 421 1565 462 vivum-iam
1601 420 1790 472 obtinuit,

110 498 216 539 unde
249 498 289 538 in
323 497 387 538 die
420 497 651 551 palmarum
688 496 838 551 triplex
873 496 1000 536 honor
1034 495 1069 536 ei
1094 493 1227 534 tiebat.
1280 492 1428 539 Primo,
1463 492 1568 545 quod
1593 492 1628 533 ei
1652 491 1791 533 obvia-
1817 501 1838 533 ὑ

108 569 168 610 vit
201 567 390 623 populus,
424 567 586 621 quumlo
621 581 761 608 omues
795 571 911 608 extra
947 564 1194 607 lherusalem
1234 568 1507 619 perrexerunt
1539 576 1629 604 rum
1664 562 1791 603 ramis

111 639 341 696 palmarum
383 644 423 680 et
462 638 718 679 vestimentis
760 645 800 679 et
844 638 957 691 pueri
999 635 1253 677 clamabant:
1303 634 1470 676 Osanna
1512 633 1594 675 filio
1637 633 1791 675 David!

111 710 321 753 Secundus
355 709 496 751 honor.
532 709 639 763 quod
673 723 813 751 omnes
846 708 997 763 captivi
1033 713 1107 749 eto.
1160 706 1230 747 lsti
1263 706 1415 760 captivi
1450 709 1569 746 erant
1600 704 1720 745 Judei
1755 708 1795 745 ct

110 787 347 838 peccatores
379 781 421 822 in
455 781 632 835 percutis
656 780 784 833 ligati.
821 781 888 834 qui
912 793 1076 821 currum
1102 777 1369 819 humanitatis
1393 777 1478 830 ejus
1504 776 1794 830 sequebantur,

111 853 297 895 videntes
329 852 447 905 signa
480 857 519 893 et
551 851 753 906 prodigia,
796 865 873 905 que
905 850 1093 892 faciebat.
1141 849 1309 890 Tercius
1342 848 1485 900 honor,
1525 847 1632 902 quod
1666 847 1796 887 victor
1825 854 1866 887 10

110 924 278 966 indutus
319 927 408 964 erat
439 923 577 963 tunica
609 922 737 964 Jovis.
793 923 948 963 'l'unica
982 922 1061 963 ista
1093 925 1181 963 erat
1214 919 1409 961 divinitas
1455 918 1701 960 humanitati
1733 917 1796 958 in-

111 995 239 1037 terius
272 995 502 1046 conjuncta,
544 1008 663 1048 quem
705 994 922 1035 trahebant
965 998 1140 1047 quatuor
1179 991 1274 1045 equi
1308 990 1402 1041 albi,
1445 990 1485 1031 id
1527 994 1589 1031 est
1621 992 1797 1043 quatuor

111 1066 376 1120 evangeliste,
409 1066 477 1119 qui
511 1065 559 1106 ‹le
593 1066 678 1118 ejus
712 1065 927 1107 divinitate
958 1069 997 1106 et
1021 1064 1275 1105 humanitate
1307 1061 1593 1115 loquebantur.
1643 1059 1797 1102 Contra

113 1139 213 1180 istos
255 1137 429 1179 honores
468 1136 618 1191 triplex
662 1138 697 1178 ei
737 1136 926 1178 molestia
964 1135 1107 1188 fiebat,
1150 1134 1307 1176 scilicet
1347 1132 1454 1187 quod
1496 1146 1600 1173 unus
1636 1131 1797 1173 servilis

113 1209 364 1251 condicionis
404 1208 633 1263 ponebatur
673 1222 764 1250 cum
804 1222 850 1250 eo
884 1207 1040 1249 scilicet
1077 1206 1181 1247 latro
1216 1205 1432 1260 pessimus.
1490 1202 1680 1245 Secunda
1712 1215 1799 1243 rno-
1830 1210 1868 1243 15

112 1281 233 1322 lestia
266 1284 355 1322 erat
386 1279 493 1334 quod
527 1280 634 1321 servi
668 1293 759 1321 eum
794 1278 1121 1333 colaphizabant.
1173 1276 1241 1318 Sic
1265 1276 1385 1318 Judei
1420 1274 1582 1317 Christo
1615 1274 1802 1315 fecerunt

115 1351 314 1394 dicentes:
363 1351 608 1406 Prophetisa
646 1350 783 1403 nobis,
824 1350 914 1403 quis
953 1354 1026 1402 est,
1069 1349 1137 1402 qui
1176 1352 1216 1389 te
1248 1346 1478 1402 percussit?
1530 1345 1674 1387 Tereia
1713 1358 1800 1386 mo-

113 1422 248 1476 lestia,
281 1422 388 1476 quod
421 1422 558 1463 omnia
591 1421 813 1476 obprobria
845 1422 881 1463 ei
913 1420 1175 1473 objiciebant,
1215 1419 1273 1460 sic
1304 1418 1425 1460 Judei
1459 1418 1500 1458 in
1532 1416 1679 1458 faciem
1713 1416 1799 1469 ejus

116 1499 369 1549 exspuerunt
401 1499 440 1536 et
473 1494 694 1549 obprobria
726 1493 857 1535 multa
890 1493 925 1534 ei
959 1492 1165 1533 dixerunt.

785 1724 887 1766 CAP.
913 1725 981 1765 31.
1018 1724 1121 1772 (30.)
1828 1727 1873 1761 20

723 1812 796 1857 De
831 1813 984 1871 riqore
1018 1811 1185 1855 mortis.

236 1921 408 1975 Legitur
448 1921 497 1962 de
540 1925 672 1963 morte
705 1920 933 1962 Alexandri
974 1919 1081 1973 quod
1123 1922 1245 1959 antea
1276 1916 1445 1972 plurimi
1486 1913 1720 1970 philosophi
1754 1913 1805 1955 ad

119 2007 212 2035 eum
253 1996 555 2045 convenerunt,
604 1993 653 2034 de
694 1992 841 2046 quibus
881 2005 986 2033 unus
1027 1991 1150 2031 dixit:
1199 1987 1439 2030 Alexander
1479 2000 1528 2028 ex
1570 1999 1668 2027 auro
1708 1985 1807 2026 fecit

119 2065 374 2117 thesaurum,
416 2068 456 2106 et
488 2077 595 2105 nunc
628 2078 648 2105 e
681 2077 877 2105 converso
912 2076 1056 2104 aurum
1091 2075 1142 2102 ex
1174 2073 1220 2102 eo
1252 2054 1351 2101 fecit
1381 2058 1632 2099 thesaurum.
1685 2055 1805 2097 Alius

121 2136 247 2178 dixit:
290 2134 388 2177 Heri
423 2149 503 2176 non
538 2135 768 2176 sufficiebat
798 2134 1037 2176 Alexandro
1070 2137 1181 2174 totus
1214 2130 1413 2182 mundus,
1446 2128 1565 2170 hodie
1598 2126 1808 2168 sufficiunt
1833 2132 1876 2165 25

121 2207 158 2249 ei
198 2211 281 2248 tres
323 2206 385 2248 vel
423 2204 511 2260 [3³30]
558 2211 733 2260 quatuor
774 2206 866 2247 ulne
908 2205 1046 2260 panni.
1102 2203 1220 2245 Alius
1260 2202 1383 2244 dixit:
1438 2199 1534 2242 Heri
1568 2198 1807 2240 Alexander

123 2279 257 2334 potuit
290 2291 313 2319 a
345 2282 477 2319 morte
518 2277 668 2319 multos
700 2278 889 2330 liberare,
933 2276 1053 2318 hodie
1088 2276 1176 2330 ipse
1203 2273 1342 2328 jacula
1381 2271 1526 2313 mortis
1558 2283 1641 2312 non
1675 2269 1809 2324 potuit

123 2350 266 2391 vitare.
322 2349 442 2390 Alius
483 2349 607 2390 dixit:
657 2348 756 2390 Heri
795 2354 948 2390 terram
983 2346 1210 2402 premebat,
1249 2344 1370 2386 hodie
1410 2343 1460 2385 ab
1500 2355 1548 2384 ea
1591 2340 1806 2396 premitur.

123 2421 242 2462 Alius
282 2420 408 2462 dixit:
464 2420 562 2462 Heri
605 2419 888 2461 Alexandrum
931 2432 1072 2460 omnes
1113 2416 1336 2468 timebant,
1384 2413 1504 2455 hodie
1552 2426 1642 2454 eum
1686 2411 1807 2453 vilem

125 2505 265 2534 omnes
297 2495 505 2546 reputant.
555 2490 674 2532 Alius
707 2491 831 2531 dixit:
881 2490 979 2532 Heri
1012 2488 1249 2531 Alexander
1280 2485 1433 2528 multos
1465 2484 1619 2526 amicos
1652 2482 1808 2533 habuit,
1833 2489 1878 2523 30

124 2563 244 2605 hodie
276 2562 447 2604 nullum.
497 2562 617 2603 Alius
650 2562 774 2603 dixit:
809 2561 908 2603 Heri
929 2560 1168 2602 Alexander
1202 2558 1321 2600 duxit
1342 2557 1582 2608 exercitum,
1616 2553 1736 2596 hodie
1759 2553 1808 2594 ab

123 2634 206 2676 illis
238 2634 401 2676 ducitur
432 2633 654 2689 sepulture.

244 2704 474 2757 Carissimi,
508 2705 584 2746 iste
607 2703 844 2745 Alexander
879 2707 1014 2758 potest
1045 2701 1125 2743 dici
1158 2700 1331 2755 quilibet
1363 2699 1477 2740 dives
1510 2697 1629 2738 istius
1651 2695 1809 2748 mundi,

127 2778 194 2832 qui
241 2777 403 2819 laborat
442 2776 624 2818 totaliter
663 2776 703 2816 in
737 2774 970 2816 mundanis.
1026 2772 1156 2825 Magis
1197 2772 1387 2814 laborant
1418 2768 1615 2811 mundani
1648 2766 1810 2821 quando

127 2849 374 2901 moriuntur,
415 2849 524 2889 circa
556 2846 759 2888 suneralia
798 2859 872 2887 sua
909 2858 1000 2886 cum
1035 2857 1187 2897 magna
1219 2855 1385 2898 pompa,
1429 2853 1550 2894 quam
1584 2839 1693 2880 (eirca
1724 2838 1811 2879 ani·
1836 2847 1880 2880 35

127 2933 252 2973 mam,
294 2934 371 2974 que
397 2920 509 2972 jacet
541 2919 580 2960 in
616 2918 745 2973 penis.
802 2915 1038 2971 Philosophi
1072 2914 1238 2956 adducti
1271 2916 1368 2955 sunt
1399 2911 1585 2952 doctores
1618 2924 1664 2951 ac
1696 2922 1811 2951 sacre

132 2991 335 3046 scripture
385 2990 656 3046 expositores,
705 2989 772 3043 qui
821 2987 968 3029 divites
1014 2987 1135 3041 hujus
1183 2984 1326 3027 mundi
1374 2997 1423 3025 ex
1465 2995 1562 3024 auro
1603 2980 1811 3023 mundano
