1949 3162
1019 46 1104 89 562

224 152 322 192 duci
351 152 408 192 ad
431 151 668 206 patibulum
697 155 959 208 respeaeisset,
999 155 1058 194 ait
1088 155 1202 194 intra
1238 168 1300 193 se:
1341 153 1418 194 Ille
1456 162 1513 195 est
1543 155 1677 194 socius
1708 169 1819 195 meus
1850 155 1900 195 de

222 222 410 278 Eqgypto,
455 224 529 278 qui
562 223 668 264 milti
702 238 874 265 uxorem
911 238 1044 264 meam
1083 238 1173 264 cum
1205 224 1362 265 divitiis
1399 225 1536 265 multis
1568 226 1702 277 dedit,
1742 233 1779 266 et
1806 224 1900 278 jam

221 294 337 334 vadit
367 294 424 334 ad
454 295 787 350 suspendendum
818 302 855 336 et
885 309 956 350 090
996 295 1164 336 vii-am?
1215 293 1416 336 Clamat-it
1455 295 1541 337 alta
1578 311 1673 337 voce
1703 303 1740 337 et
1770 296 1898 337 dia-it:

225 363 259 406 O
293 366 518 418 carissimi,
558 366 684 407 nolite
721 368 977 407 innocentem
1016 366 1263 419 interficere!
1312 366 1390 408 Ille
1432 375 1489 408 est
1525 368 1741 419 innocens,
1781 381 1901 422 quem

151 440 172 476 5
220 451 291 477 vos
322 437 379 477 ad
408 444 578 478 mortem
606 436 669 478 ibi
698 439 871 489 ducitis,
906 452 977 493 090
1010 452 1104 478 vero
1138 453 1241 490 sum,
1276 439 1351 493 qui
1380 438 1583 479 hominem
1613 438 1830 493 interfecit,
1865 446 1901 480 et

219 522 304 549 non
341 509 441 563 ipse.
496 508 570 549 Illi
605 509 676 550 ltec
715 510 926 550 audientes
964 524 1112 550 manus
1148 510 1195 550 in
1226 524 1317 550 eum
1347 509 1575 562 injecerunt
1606 517 1642 551 et
1672 509 1812 551 ambos
1844 493 1929 550 ad⁸

214 578 454 634 patibulum
485 580 700 621 dua'erunt.
737 579 837 621 Cum
857 595 952 622 vero
968 595 1106 636 prope
1125 580 1361 636 patibulum
1382 589 1524 633 essent,
1557 596 1650 622 reus
1673 580 1898 636 coyitabat:

220 649 288 690 Ea:
320 665 399 705 quo
430 665 524 692 reus
546 651 666 705 liujus
681 651 798 706 facti
827 668 917 693 sum
937 667 1032 708 090,
1065 653 1104 692 si
1130 653 1230 693 istos
1259 653 1493 693 ‘innocentes
1516 654 1626 693 mori
1643 653 1898 708 permittam,

219 736 302 762 non
326 724 484 777 poterit
513 737 609 775 esse,
644 724 746 778 quin
777 724 875 764 deus
907 723 1136 778 aliquando
1172 724 1395 764 vindictam
1416 725 1465 765 de
1485 738 1548 764 me
1568 731 1724 774 su=mat;
1754 724 1900 764 melius

151 797 195 831 lO
220 800 277 834 est
304 793 421 845 milii,
461 793 527 834 hic
552 795 650 849 pati
679 794 796 836 breve
826 795 1100 850 supplicium,
1143 810 1269 850 quam
1299 802 1479 836 eternam
1510 810 1666 850 penam
1701 796 1901 836 sustinere

218 865 264 905 in
292 864 469 919 inferno.
520 864 734 907 Clamabat
763 881 858 907 voce
889 881 1064 921 magma:
1101 865 1135 907 O
1169 868 1390 919 carissimi,
1422 866 1548 908 nolite
1574 874 1750 923 propter
1780 867 1901 907 deum

217 937 449 977 innocentes
483 938 688 978 occidere!
731 937 886 978 Nullus
918 953 967 978 ea*
998 939 1055 978 eis
1086 939 1226 993 siyno,
1260 938 1402 990 verbo,
1425 938 1547 992 facto
1580 938 1798 979 consilium
1829 938 1898 979 de-

218 1008 349 1060 derat,
382 1016 427 1049 ut
455 1009 526 1049 ille
558 1010 823 1061 occideretur,
858 1010 932 1064 qui
963 1010 1119 1049 occisus
1151 1017 1230 1058 est,·
1261 1010 1333 1050 sed
1363 1024 1434 1065 eqo
1467 1025 1572 1061 sum,
1607 1011 1681 1064 qui
1704 1010 1899 1065 propriis

216 1079 407 1120 manibus
440 1094 530 1120 eum
562 1080 704 1120 occidi.
747 1079 845 1121 Ideo
867 1095 930 1120 me
950 1080 1161 1133 interficite
1184 1088 1220 1121 et
1239 1082 1473 1121 ‘innocentes
1499 1082 1752 1137 permittatis
1775 1079 1900 1122 libere

149 1154 192 1189 15
217 1150 342 1192 abire.
400 1150 474 1191 Illi
510 1151 580 1192 lzec
612 1153 823 1193 audientes
855 1151 1190 1204 admirabantur,
1230 1167 1378 1193 manus
1408 1153 1455 1192 in
1486 1167 1576 1193 eum
1604 1152 1834 1206 injecerunt
1862 1159 1901 1193 et

215 1222 310 1263 illos
341 1230 421 1263 tres
453 1237 593 1264 coram
613 1223 758 1276 judice
790 1224 1005 1265 duxerunt.
1050 1223 1190 1265 Judea‘
1222 1239 1313 1264 cum
1344 1239 1410 1265 eos
1441 1225 1622 1276 vidisset,
1656 1222 1897 1265 admiraba-

216 1301 283 1335 tur
314 1302 351 1334 et
380 1295 463 1335 ait:
508 1293 647 1346 Quare
685 1296 840 1336 reversi
877 1296 1000 1336 estis?
1051 1294 1126 1336 Illi
1161 1310 1256 1336 *cero
1296 1303 1424 1336 totum
1448 1310 1689 1350 processum
1719 1311 1746 1336 a
1769 1296 1896 1350 prin—

216 1366 325 1421 cipio
367 1362 520 1418 [146b]
560 1381 688 1421 usque
728 1368 784 1407 ad
816 1366 946 1419 finem
992 1367 1227 1408 retulerunt.
1294 1367 1367 1408 Ait
1401 1367 1536 1420 judea
1567 1368 1710 1422 primo
1748 1366 1894 1408 militi:

217 1434 450 1488 Carissime,
485 1452 568 1492 qua
599 1438 648 1478 de
679 1453 807 1478 causa
838 1439 996 1489 dixisti,
1031 1439 1142 1493 quod
1172 1446 1216 1479 tu
1243 1439 1447 1480 hominem
1469 1438 1684 1479 occidisti?
1713 1437 1773 1479 At
1800 1437 1894 1478 ille:

147 1512 192 1546 20
218 1507 319 1550 Sine
338 1508 525 1562 fallacia
555 1508 669 1549 vobis
700 1510 911 1550 veritatem
942 1510 1089 1550 dicam.
1135 1510 1187 1550 In
1218 1518 1330 1551 terra
1359 1525 1450 1551 «mea
1469 1511 1516 1550 in
1536 1509 1692 1565 Eqipto
1715 1508 1895 1564 locuples

204 1579 283 1634 fui
313 1587 348 1620 et
377 1581 423 1620 in
454 1580 641 1620 omnibus
671 1580 940 1633 habundans,
981 1582 1127 1622 deinde
1164 1582 1222 1622 ad
1257 1597 1454 1637 ntagynam
1483 1588 1698 1637 eyes-tatem
1720 1581 1898 1636 perveni

215 1652 434 1703 intantum,
470 1652 581 1706 quod
611 1652 777 1692 domum
807 1667 881 1693 nec
906 1652 1039 1694 locum
1059 1668 1132 1694 nec
1153 1653 1342 1708 aliquam
1361 1668 1448 1694 rem
1468 1652 1616 1701 liabui3
1647 1652 1896 1693 verecundia

216 1723 359 1763 ductus
391 1730 544 1763 terram
572 1724 696 1764 istam
726 1725 906 1777 intravi,
949 1733 994 1766 ut
1023 1726 1062 1766 si
1100 1725 1275 1780 aliquod
1310 1726 1536 1766 remedium
1576 1723 1818 1775 obtinerem,
1859 1730 1896 1764 et

213 1794 305 1835 ideo
338 1795 448 1846 dixi,
491 1795 603 1849 quod
633 1794 836 1836 hominem
865 1796 1182 1850 interfecissent,
1224 1798 1326 1852 quia
1365 1796 1555 1837 libentius
1592 1796 1702 1837 mori
1734 1795 1891 1847 vellem,

144 1872 189 1906 25
216 1879 340 1920 quam
369 1867 518 1917 vicere,
553 1874 589 1907 et
619 1866 754 1907 adhuc
779 1876 956 1922 propter
989 1869 1108 1909 deum
1132 1876 1246 1924 peto,
1279 1876 1324 1909 ut
1353 1883 1416 1909 sme
1448 1868 1623 1910 occidas.
1666 1866 1741 1908 Ait
1759 1864 1895 1919 jude-z

213 1938 389 1978 secundo
426 1937 553 1978 militi
588 1938 637 1978 de
677 1938 890 1980 Baldacli:
929 1939 986 1981 Et
1024 1947 1090 1992 ta,
1134 1941 1366 1992 carissime,
1407 1954 1537 1995 quare
1575 1939 1741 1990 dimisti,
1783 1937 1896 1992 quod

213 2007 417 2049 hominem
449 2009 661 2049 occidisti?
709 2008 794 2061 Qui
822 2012 1061 2066 respondit:
1102 2011 1297 2063 Domine,
1338 2012 1454 2052 miles
1487 2012 1563 2052 iste
1591 2010 1696 2051 milii
1724 2023 1895 2050 uxorem

215 2094 307 2120 cum
343 2079 515 2133 infinitis
556 2081 713 2121 divitiis
754 2082 885 2133 dedit,
935 2097 1061 2137 quam
1093 2097 1176 2137 pro
1217 2097 1258 2123 se
1295 2083 1387 2138 ipso
1426 2083 1622 2134 nutrivit,
1660 2095 1737 2136 per
1775 2094 1894 2136 quem

202 2150 350 2205 ¹factus
381 2166 472 2192 sum
511 2152 622 2192 dices
659 2153 706 2192 in
745 2152 931 2193 omnibus
941 2169 954 2202 ,-
996 2168 1088 2194 cum
1123 2168 1218 2194 vero
1259 2155 1416 2194 socium
1454 2168 1586 2194 meum
1621 2161 1704 2194 tam
1735 2166 1893 2203 carum,

144 2229 189 2263 30
216 2224 290 2278 qui
319 2237 380 2263 me
411 2223 468 2263 acl
498 2230 556 2263 tot
586 2230 622 2263 et
653 2223 709 2263 ad
739 2231 854 2264 tanta
887 2226 1116 2278 promovit,
1158 2225 1249 2266 vidi
1284 2226 1341 2266 ad
1372 2224 1612 2280 patibulum
1650 2224 1766 2275 duci,
1807 2222 1894 2264 alta

213 2309 309 2335 voce
340 2294 538 2334 clamavi:
570 2294 661 2349 Ε90
695 2309 786 2334 sum
814 2310 909 2336 reus
940 2297 1084 2336 mortis
1117 2296 1217 2349 ejus,
1251 2304 1287 2337 et
1316 2311 1401 2337 non
1429 2298 1529 2352 ipse.
1581 2294 1693 2348 Quia
1724 2293 1894 2336 libenter

212 2380 290 2421 pro
323 2380 461 2406 amore
493 2365 578 2418 ejus
609 2366 751 2406 vellem
771 2367 888 2407 mori.
931 2366 1006 2408 Ait
1027 2367 1161 2420 judea'
1180 2367 1458 2422 interfectori:
1495 2367 1555 2410 Ob
1579 2381 1705 2422 quam
1725 2380 1894 2407 causam

215 2438 380 2489 dia-isti,
419 2437 623 2477 hominem
657 2437 910 2487 interficere?
965 2437 1050 2490 Qui
1078 2439 1158 2479 ait:
1196 2438 1401 2492 Domine,
1440 2453 1582 2480 verum
1612 2439 1730 2487 dia-i,-
1765 2450 1894 2492 ‚orave

208 2517 426 2564 peccatum
451 2507 629 2562 fuisset,
671 2509 709 2548 si
736 2510 970 2550 innocentes
1001 2511 1111 2550 mori
1138 2511 1417 2564 permisissem
1447 2518 1485 2551 et
1515 2525 1586 2566 e90
1617 2510 1816 2560 viverem,
1857 2515 1908 2548 et*

145 2585 190 2619 35
213 2580 306 2620 ideo
331 2581 476 2634 potius
509 2579 612 2633 eleqi
647 2581 859 2621 veritatem
896 2582 1029 2622 dicere
1061 2588 1098 2621 et
1126 2596 1278 2636 penam
1308 2581 1374 2622 liic
1405 2583 1625 2633 sustinere,
1667 2594 1793 2635 quam
1828 2580 1893 2620 in-

213 2658 400 2691 nocentes
432 2651 519 2690 sine
550 2649 675 2704 culpa
706 2651 915 2704 damnari,
949 2660 986 2693 et
1019 2666 1090 2707 090
1122 2653 1168 2692 ‘in
1198 2652 1363 2707 inferno
1394 2652 1459 2694 vel
1488 2652 1594 2693 alibi
1619 2651 1777 2707 puniri.
1818 2649 1895 2691 Ait

205 2720 359 2773 judeae:
402 2720 513 2773 Quia
551 2722 762 2762 veritatem
793 2723 958 2774 diavisti,
1000 2724 1234 2764 innocentes
1272 2723 1466 2776 salvasti,
1508 2724 1696 2764 ammodo
1728 2723 1893 2764 studeas

214 2793 342 2832 ‘citam
371 2799 485 2833 tuam
523 2793 754 2844 emendare,
795 2802 965 2835 mortem
1004 2793 1082 2835 tibi
1117 2796 1301 2843 remitt03
1340 2795 1443 2836 vade
1480 2796 1527 2835 in
1558 2795 1693 2849 pace!
1744 2792 1893 2835 Omnes

216 2863 426 2904 audientes
454 2863 686 2916 judicium,
717 2862 905 2916 judicem
936 2865 1166 2907 laudabant
1196 2867 1309 2920 quod
1338 2873 1422 2907 tam
1450 2867 1518 2920 pie
1549 2866 1663 2907 dedit
1681 2864 1893 2919 judicium

145 2941 191 2976 40
216 2947 260 2974 eo
293 2935 405 2988 quod
433 2936 644 2975 veritatem
674 2935 843 2976 dicebat.
