1929 3157
54 198 123 239 31.

52 339 122 381 32.

50 482 119 523 33.

50 624 118 665 34.

49 765 118 807 35.

47 907 118 949 36.

47 1192 116 1234 38.

46 1334 114 1376 39.
145 1324 149 1328 '

44 1477 114 1518 40.

43 1619 112 1660 41.

43 1760 113 1802 42.

42 1903 112 1945 43.

41 2187 111 2229 45.

40 2330 110 2372 46.

40 2473 111 2514 47.

39 2615 110 2656 48.

38 2757 108 2798 49.

30 2898 109 2940 50.

867 96 946 137 149

172 196 292 240 Miles
333 197 501 252 quidam
543 203 633 241 erat
669 200 736 254 qui
771 205 855 242 tres
888 201 994 244 filios
1028 202 1171 244 babuit
1203 204 1270 257 qui
1305 217 1395 247 cum
1431 207 1534 248 mori
1569 207 1750 250 deberet.

172 267 289 317 (Drei
323 269 472 322 ringe.)
520 269 589 311 lat.
617 271 684 312 99.

171 339 325 382 Narrat
363 339 561 382 Albertus
601 342 708 395 quod
749 346 936 398 tempore
976 344 1152 400 philippi
1195 349 1285 388 erat
1326 347 1404 388 ria.
1469 348 1655 392 (Drachc
1696 350 1751 392 im

169 410 414 464 hohlwege.)
461 411 532 453 lat.
562 413 655 454 145.

167 480 341 536 Legitur
372 481 422 524 de
446 482 623 537 quodam
649 484 900 539 imperatore
922 485 1108 528 Romano
1132 491 1410 530 construente.
1454 489 1750 546 (Sarkopbag.)

168 552 238 594 lat.
269 554 332 594 lf‘».

167 622 272 665 Erat
310 623 476 679 quidam
521 624 670 666 nobilis
713 626 780 680 qui
822 626 999 669 babebat
1041 641 1206 670 vaccam
1249 629 1483 672 candidam.
1550 632 1749 686 (Argus.)

166 694 237 736 lat.
266 696 360 736 111.

166 764 327 807 Plinius
366 771 511 807 narrat
549 767 655 821 quod
691 771 754 809 est
785 768 960 822 quedam
996 773 1109 811 terra
1142 770 1182 811 in
1218 784 1299 825 qua
1331 785 1407 814 nec
1439 786 1519 815 ros.
1575 773 1750 821 (Musik-

167 836 332 890 quelle.)
379 836 450 878 lat.
478 838 572 878 150.

168 906 358 949 Valerius
400 912 544 949 narrat
576 909 683 962 quod
718 910 884 963 quidam
919 907 1068 953 nobilis
1103 913 1334 967 sapientem
1368 914 1587 957 consuluit.
1638 916 1751 964 (Phi-

167 977 278 1034 lipps
312 978 593 1032 ermordung.)
642 979 712 1021 lat.
742 982 835 1022 149.

108 1082 117 1091 .
164 1048 309 1092 Refert
347 1049 520 1103 agellius
553 1050 603 1092 de
635 1064 776 1093 amore
811 1050 853 1105 [i.
875 1065 908 1094 e.
934 1052 1092 1108 arione]
1129 1055 1200 1109 qui
1234 1067 1324 1097 cum
1360 1056 1592 1099 ditissimus
1626 1062 1747 1100 esset.

166 1120 346 1172 (Arion.)
392 1120 463 1162 lat.
494 1121 586 1163 148.

166 1191 230 1234 De
256 1191 433 1246 quodam
458 1205 555 1245 rege
576 1198 772 1235 narratur
796 1207 915 1248 quem
941 1195 1097 1237 inimici
1121 1196 1361 1249 cogitabant
1383 1198 1581 1241 occidere.
1629 1200 1749 1249 (Ver-

167 1257 311 1317 gi'ftete
344 1262 509 1316 quelle.)
557 1263 627 1305 lat.
657 1265 750 1306 147.

162 1333 276 1376 Dicit
296 1333 489 1389 ysidorus
511 1335 621 1389 quod
645 1338 708 1377 est
730 1336 895 1389 quidam
920 1336 1027 1392 lapis
1052 1338 1121 1392 qui
1144 1352 1315 1392 magnes
1339 1345 1521 1383 vocatur.
1564 1341 1750 1396 (Magnet

162 1404 247 1446 und
279 1404 419 1456 stabi.)
469 1419 563 1461 app.
589 1407 657 1447 49.

162 1475 343 1518 Basilius
382 1476 483 1518 dicit
521 1477 562 1518 in
603 1490 826 1520 exameron
869 1479 978 1533 quod
1020 1480 1194 1534 quedam
1238 1481 1370 1524 bestie
1410 1486 1507 1525 sunt
1544 1483 1744 1527 ordinate.

163 1546 469 1601 (Bestimmung
501 1547 574 1590 der
605 1548 769 1600 tbiere.)
819 1563 914 1605 app.
941 1552 1009 1593 (55.

161 1617 266 1661 Erat
309 1618 476 1674 quidam
518 1633 592 1661 rex
632 1623 780 1675 potens
819 1621 940 1664 valde
981 1622 1050 1676 qui
1092 1623 1300 1677 quandam
1340 1624 1536 1666 forestam
1577 1625 1744 1670 fecerat.

162 1689 512 1741 (Hundenamen.)
560 1689 630 1732 lat.
659 1692 753 1733 142.

161 1759 334 1815 Legitur
374 1761 416 1803 in
457 1761 585 1815 gestis
618 1761 901 1805 Romanorum
941 1764 1051 1819 quod
1084 1769 1174 1807 erat
1207 1766 1374 1820 quidam
1411 1780 1550 1810 senex,
1607 1767 1746 1814 (Pom-

161 1832 279 1886 pejus
311 1833 394 1874 und
429 1831 612 1883 Caesar.)
661 1832 732 1875 lat.
763 1835 825 1875 19.

159 1901 401 1958 Narrat[ur]
446 1904 554 1958 quod
596 1905 827 1959 antiquitus
867 1909 956 1948 erat
993 1920 1082 1949 mos
1115 1906 1313 1967 Romanis
1348 1910 1512 1963 quando
1545 1915 1741 1954 castrum.

160 1973 341 2027 (Kerze.)
390 1974 460 2016 lat.
485 1976 554 2016 99.

158 2044 301 2088 Refert
338 2046 523 2099 justinus
571 2047 679 2100 quod
728 2047 837 2090 cives
884 2047 1166 2091 lacedemonie
1213 2050 1341 2092 semel
1384 2052 1741 2107 conspiraverunt.

160 2115 506 2168 (Wachsschrift.)
554 2117 624 2159 lat.
650 2118 717 2160 21.

158 2187 313 2230 Narrat
334 2187 593 2242 Augustinus
628 2189 734 2243 quod
770 2189 919 2245 egipcii
950 2190 1047 2232 olim
1072 2190 1266 2234 volebant
1288 2191 1492 2235 deificare.
1543 2194 1634 2240 (Isis
1657 2195 1741 2237 und

160 2258 361 2314 Serapis.)
407 2259 478 2300 lat.
504 2259 573 2300 22.

158 2329 364 2372 Narratur
396 2330 504 2384 quod
538 2334 627 2372 erat
658 2330 825 2385 quidam
860 2345 934 2373 rex
967 2332 1182 2375 medorum
1217 2334 1287 2387 qui
1319 2334 1487 2376 unicum
1513 2334 1642 2378 filium
1667 2337 1740 2378 ha-

159 2401 260 2443 buit.
310 2400 438 2449 (Sohn
475 2401 708 2453 verbannt.)
759 2402 952 2444 1at.138.

158 2472 299 2515 Refert
330 2472 590 2526 Augustinus
624 2473 733 2527 quod
766 2474 893 2515 moris
927 2478 1017 2516 erat
1049 2475 1278 2529 antiquitus
1312 2476 1420 2530 quod
1451 2477 1587 2519 corda.
1637 2477 1738 2528 (Un-

157 2542 493 2585 verbrennliches
525 2543 654 2594 herz.)
702 2543 773 2586 lat.
798 2544 865 2586 23.

157 2614 363 2656 Narratur
395 2614 445 2656 de
478 2614 654 2668 quodam
690 2628 811 2667 mago
845 2615 913 2669 qui
947 2615 1093 2658 habuit
1125 2617 1329 2671 quendam
1365 2621 1513 2659 ortum.
1563 2618 1737 2671 (Gai-ten

157 2685 229 2727 des
259 2685 472 2739 magiers.)
520 2685 591 2727 lat.
617 2686 685 2727 24.

156 2756 311 2799 Narrat
338 2756 544 2799 Eusebius
584 2757 625 2798 in
665 2757 839 2799 cronicis
879 2757 928 2799 de
961 2758 1138 2812 quodam
1171 2759 1436 2815 imperatore.
1494 2759 1736 2812 (Coriolan.)

155 2827 226 2869 lat.
255 2828 349 2870 137.

158 2897 342 2949 Quedam
374 2898 543 2940 domina
565 2903 654 2941 erat
675 2899 825 2941 nobilis
849 2912 927 2954 que
949 2900 1191 2955 paciebatur
1214 2900 1366 2942 multas
1389 2900 1575 2954 injurias.
1617 2902 1734 2955 (Stab

156 2969 238 3011 und
271 2968 443 3021 tasche.)
491 2969 562 3011 lat.
587 2970 657 3011 25.
