1919 3131
84 140 151 182 77.

84 281 150 322 78.

84 495 150 536 79.

83 637 150 679 80.

83 779 150 821 81.

83 1063 149 1105 83.

84 1211 150 1253 84.

84 1358 150 1405 85.

84 1507 151 1549 86.

85 1657 152 1698 87.

85 1805 152 1847 88.

85 1953 151 1996 89.

84 2101 152 2144 90.

84 2250 152 2291 91.

85 2398 153 2441 92.

86 2545 153 2588 93.

87 2693 156 2734 94.

87 2841 155 2883 95.

888 35 936 75 51

197 139 258 181 De
300 138 384 181 filia
422 140 528 192 regis
567 139 719 181 nolenti
760 138 911 181 nubere
952 140 1038 181 viro
1079 139 1156 180 nisi
1197 139 1276 180 tria
1313 141 1581 193 perpetraret.
1646 137 1747 179 Erat

198 210 364 265 quidam
396 224 481 252 rex.
529 209 643 261 (Drei
675 211 837 263 fragm.)
883 209 953 252 lat.
978 211 1045 251 70.

198 280 261 323 Dc
291 280 374 323 filio
407 282 474 336 qui
508 295 530 323 a
562 285 678 336 patre
711 295 782 323 suo
814 281 1025 324 licenciam
1058 280 1177 336 petiit
1209 284 1282 321 etc.
1331 279 1432 321 Erat
1463 279 1628 334 quidam
1661 293 1745 321 rex.

199 352 286 395 Nur
323 353 395 395 der
432 353 600 406 anfang;
642 353 770 394 daun:
811 357 854 394 ut
886 353 925 394 in
959 350 1070 394 scala
1100 350 1175 393 celi
1208 351 1309 392 oba.
1363 350 1747 406 (Freundesprobe.)

199 424 269 466 lat.
298 425 390 465 129.

199 494 260 537 De
301 508 424 536 avaro
462 494 653 536 thesauro
687 499 727 536 et
757 495 884 536 fabro.
948 494 1050 535 Erat
1083 492 1248 548 quidam
1281 505 1427 534 avarus
1459 492 1603 535 sedens
1630 492 1751 546 juxta

199 579 325 608 mare.
373 565 537 617 (Schatz
570 566 625 607 im
659 566 835 616 baume.)
886 565 955 607 lat.
986 565 1077 606 109.

197 636 259 679 De
290 650 385 690 rege
407 638 476 692 qui
498 637 642 679 statuit
666 641 741 679 etc.
780 636 976 686 Quicillus
999 648 1173 689 regnans
1197 635 1352 677 statuit.
1395 634 1497 685 (100
1518 633 1748 687 groschen.)

199 708 268 750 lat.
294 708 362 749 73.

198 778 261 822 De
291 792 412 834 pomo
445 792 566 821 aureo
599 783 639 820 et
670 778 794 820 stulto
827 779 983 832 majori.
1031 777 1289 828 Quirelianus
1311 775 1499 830 regnavit
1518 775 1561 817 in
1582 787 1753 816 romana

198 850 274 892 civ.
323 849 640 905 (Narrenapfel.)
688 849 758 891 lat.
785 850 851 890 74.

198 920 260 963 De
298 933 394 974 rege
430 920 586 962 nolenti
623 920 711 976 pati
750 920 973 962 invidiosos
1014 924 1087 962 etc.
1152 918 1326 970 Quidam
1367 930 1438 960 rex
1473 921 1562 960 erat
1592 921 1750 972 potens.

199 991 501 1046 (Ziegenauge.)
548 991 618 1033 lat.
644 993 711 1034 76.

198 1062 259 1106 De
290 1063 406 1106 leone
438 1076 636 1118 suspenso
669 1066 709 1105 et
730 1063 921 1118 passione
942 1061 1109 1103 domini.
1157 1060 1339 1111 Quedam
1361 1059 1505 1103 civitas
1529 1063 1617 1102 erat
1631 1058 1754 1113 juxta

199 1147 324 1176 mare.
373 1134 579 1185 (Dracheu
611 1134 738 1176 durch
768 1133 901 1176 lowen
932 1133 1140 1185 entfernt.)
1189 1145 1283 1188 app.
1307 1132 1346 1173 4.

198 1210 261 1253 De
291 1210 423 1253 milite
451 1224 568 1253 servo
590 1225 662 1266 suo
685 1211 832 1266 pedem
855 1209 1101 1252 abscidente.
1143 1208 1261 1251 Miles
1285 1208 1451 1264 quidam
1475 1211 1561 1250 erat
1580 1219 1754 1260 magnus

198 1282 338 1338 predo.
388 1281 501 1334 (Fuss
534 1282 615 1334 ab.)
663 1282 732 1324 lat.
761 1283 854 1324 127.

199 1358 262 1401 De
300 1362 465 1415 pastore
503 1360 572 1414 qui
612 1373 757 1415 aprum
794 1358 1001 1401 interfecit
1039 1361 1113 1401 etc.
1176 1356 1350 1407 Quidam
1389 1355 1613 1411 imperator
1653 1357 1753 1397 erat.

200 1429 338 1484 (Eber,
372 1430 443 1472 VII
475 1432 580 1486 sap.)

197 1506 260 1550 De
291 1506 423 1550 milite
455 1521 550 1550 sene
583 1511 623 1550 et
651 1521 726 1549 sua
747 1520 873 1549 uxore
888 1505 1119 1561 juvencula.
1169 1504 1345 1555 Quidam
1366 1503 1484 1547 miles
1507 1516 1630 1546 senex
1653 1505 1754 1545 erat.

200 1577 537 1633 (Hausschliissel⁷
568 1577 642 1621 VII
674 1579 779 1634 sap.)

199 1656 262 1699 De
299 1655 432 1698 milite
473 1659 513 1698 et
545 1655 628 1698 filio
662 1669 734 1697 suo
767 1659 841 1698 etc.
898 1654 1002 1696 Erat
1032 1653 1200 1708 quidam
1231 1653 1350 1695 miles
1382 1653 1425 1695 in
1455 1665 1626 1694 romana
1657 1650 1755 1693 civi-

200 1731 297 1770 tate.
345 1726 460 1770 Ohne
491 1726 673 1768 moralis.
721 1726 892 1779 (Thurm
923 1724 1140 1779 Herodots,
1171 1724 1245 1767 VII
1277 1724 1382 1780 sap.)
1430 1737 1557 1777 germ.
1580 1723 1650 1764 42.

199 1804 331 1857 (Ohne
361 1804 638 1855 iiberschrift.)
693 1802 942 1846 Octavianus
973 1802 1087 1844 dives
1118 1802 1237 1845 valde
1269 1801 1468 1856 regnavit.
1524 1799 1639 1842 Ohne
1670 1812 1755 1841 mo-

199 1875 311 1918 ralis.
360 1875 529 1929 (Virgils
560 1875 712 1928 thurm,
743 1873 817 1916 VII
849 1874 953 1929 sap.)
1000 1887 1128 1927 germ.
1150 1874 1219 1915 43.

199 1952 262 1995 De
291 1953 540 2008 imperatore
572 1952 642 2007 qui
674 1955 792 1994 extra
821 1949 1027 2006 palacium
1060 1964 1178 1992 suum
1211 1954 1285 1992 etc.
1334 1949 1508 2000 Quidam
1529 1949 1754 2004 imperator

199 2023 397 2078 regnavit.
446 2023 537 2075 (VII
568 2036 671 2079 sap„
701 2021 773 2064 VII
805 2022 910 2077 sap.)
956 2034 1083 2075 germ.
1107 2022 1176 2063 48.

200 2100 262 2144 De
300 2100 500 2142 divisione
538 2099 778 2142 hereditatis
810 2102 885 2141 etc.
920 2098 1184 2151 (fiberschrift
1214 2111 1293 2140 von
1324 2110 1412 2153 cap.
1438 2098 1522 2149 93).
1581 2095 1754 2146 Quidam

199 2172 424 2228 imperator
454 2171 609 2213 statuit.
658 2169 833 2222 (Abias.)
882 2169 1085 2222 (Abibas.)
1132 2169 1202 2211 lat.
1231 2169 1297 2210 17.

200 2248 263 2292 De
299 2249 464 2290 homine
501 2261 702 2303 paupere,
745 2247 920 2289 dracone
959 2251 999 2290 et
1036 2250 1225 2302 serpente
1257 2249 1331 2288 etc.
1390 2244 1564 2295 Quidam
1595 2257 1753 2300 pauper
1781 2295 1793 2314 ἱ

199 2321 288 2363 fuit.
337 2318 766 2372 (Drachenschwanz.)
812 2318 883 2360 lat.
912 2319 1006 2359 114.

199 2397 261 2440 De
299 2401 448 2439 natura
484 2396 692 2438 unicornis
725 2398 799 2438 etc.
851 2386 955 2436 E'rat
986 2394 1151 2449 quidam
1182 2394 1407 2450 imperator
1439 2391 1592 2434 habens
1625 2391 1751 2446 quod-

202 2468 298 2510 dam
327 2481 484 2510 nemus.
533 2466 659 2518 (Zwei
689 2467 814 2508 nakte
839 2465 1118 2519 jungfrauen.)
1164 2464 1235 2507 lat.
1262 2463 1357 2506 115.

199 2544 263 2588 De
283 2544 484 2587 divisione
504 2543 743 2589 hereditatis
764 2543 871 2586 inter
893 2543 1095 2585 seniorem
1117 2546 1190 2585 etc.
1229 2540 1382 2583 Narrat
1402 2539 1585 2582 historia.
1630 2538 1750 2591 (Erb-

202 2615 418 2670 theilung.)
463 2615 534 2657 lat.
558 2616 626 2657 90.

205 2691 338 2745 (Ohne
367 2691 643 2743 fiberschrift.)
690 2689 845 2744 Regina
877 2690 1075 2744 quaedam
1100 2688 1230 2731 filium
1255 2701 1305 2731 ex
1329 2686 1529 2729 adulterio
1549 2686 1747 2742 concepit.

204 2763 430 2816 (Zweierlei
460 2763 586 2814 tuch.)
630 2761 700 2804 lat.
725 2762 792 2803 26.

200 2840 263 2884 De
299 2841 463 2883 homine
493 2840 681 2894 gibboso,
720 2837 957 2891 111011061110,
996 2837 1180 2880 scabioso
1213 2839 1287 2878 etc.
1341 2833 1514 2884 Quidam
1546 2834 1746 2877 dominus.

204 2911 338 2964 (Zoll.)
385 2911 454 2953 lat.
481 2911 575 2952 157.

1417 2979 1471 3014 4÷÷
