1919 3157
854 100 935 141 367

45 204 200 248 Tamen
231 217 313 246 non
344 207 507 260 poterat
537 205 832 257 contradicere,
866 204 916 246 ad
948 204 1193 246 currendum
1227 218 1270 246 se
1303 206 1553 260 preparavit.
1586 204 1721 247 Ambo

44 275 272 317 adinvicem
306 274 538 319 currebant.
579 276 658 317 cito
699 276 837 331 puella
875 275 924 317 ad
966 288 1155 328 magnam
1198 280 1356 330 partem
1391 281 1484 318 ante
1525 290 1617 318 eum
1656 289 1725 318 cu-

44 346 185 388 currit.
238 345 394 388 Abibas
434 359 525 387 cum
560 346 634 388 hoc
666 347 850 398 vidisset,
891 351 1044 388 sertum
1070 360 1256 388 rosarum
1289 352 1383 388 ante
1406 361 1493 388 eam
1534 348 1725 402 projecit3

44 417 132 459 viso
165 421 274 459 serto
307 416 444 472 puella
477 417 691 459 inclinavit
723 432 765 459 se
797 422 837 460 et
874 422 1028 459 sertum
1062 417 1228 469 levavit,
1262 422 1302 458 et
1335 418 1374 459 in
1408 418 1542 472 capite
1575 419 1723 473 posuit.

44 488 221 530 Tantum
254 488 296 529 in
329 491 437 529 serto
471 487 754 530 delectabatur
787 494 826 530 et
858 488 1137 543 exspectabat,
1173 489 1280 543 quod
1314 489 1471 530 Abibas
1506 494 1599 531 ante
1633 503 1721 531 eam
1750 499 1771 532 5

43 559 236 602 cucurrit.
288 546 426 600 Puella
465 572 555 600 cum
598 559 670 600 hoc
705 560 888 612 vidisset,
928 560 985 601 ait
1017 561 1056 601 in
1091 560 1211 601 corde
1244 574 1337 602 suo:
1373 560 1605 615 Numquam
1642 560 1726 602 filia

44 630 174 685 patris
205 630 285 671 mei
317 642 409 671 cum
442 629 514 671 tali
547 630 706 672 ribaldo
741 631 861 673 debet
892 630 1097 685 copulari!
1132 631 1272 672 statim
1304 635 1458 673 sertum
1488 631 1661 685 projecit
1682 631 1724 672 in

43 700 249 755 quandam
287 701 447 742 foveam
494 702 740 755 profundam
791 706 832 744 et
871 706 965 756 post
1004 715 1096 743 eum
1137 703 1319 744 cucurrit
1358 706 1398 744 et
1437 702 1723 757 apprehendit.

42 771 170 822 Quem
210 784 302 813 cum
343 771 704 826 apprehendisset,
747 773 909 827 alapam
953 772 1066 814 dedit
1106 773 1142 814 ei
1182 773 1340 815 dicens:
1390 772 1498 814 Siste
1536 773 1724 826 gradum,

43 842 187 885 miser!
226 856 308 884 non
351 840 501 896 [decet]
544 848 590 884 ut
620 843 728 884 filius
770 844 899 898 patris
938 844 996 884 tui
1039 844 1079 884 in
1112 857 1282 885 uxorem
1317 857 1381 885 me
1415 843 1549 897 ducat,
1583 845 1724 886 statim
1753 852 1796 886 10

43 918 138 956 ante
175 927 267 956 eum
307 914 500 955 cucurrit.
550 914 705 955 Abibas
744 927 836 956 cum
877 914 952 956 hoc
990 914 1180 967 vidisset,
1222 919 1316 956 ante
1355 929 1443 957 eam
1486 928 1632 956 zonam
1675 915 1725 957 de

43 985 171 1027 serico
211 985 396 1040 projecit.
445 984 574 1034 Quam
617 998 708 1027 cum
743 985 926 1039 vidisset,
967 985 1182 1027 inclinavit
1213 1000 1256 1027 se
1288 990 1329 1028 et
1360 1000 1448 1028 eam
1482 986 1647 1040 levavit,
1681 999 1724 1028 se

42 1056 248 1099 succinxit
287 1060 327 1098 et
363 1059 525 1097 tantum
565 1056 614 1098 de
653 1070 701 1099 ea
733 1057 1026 1110 delectabatur,
1067 1057 1173 1111 quod
1205 1057 1357 1099 ibidem
1390 1071 1547 1099 moram
1581 1057 1723 1109 traxit,

42 1131 83 1170 et
113 1127 261 1170 iterum
294 1127 452 1169 Abibas
483 1127 604 1181 longe
637 1132 730 1169 ante
763 1141 852 1170 eam
886 1128 1078 1170 cucurrit.
1131 1127 1275 1170 Puella
1305 1141 1396 1169 cum
1430 1128 1505 1170 hoc
1537 1128 1722 1182 vidisset,

40 1197 155 1241 flevit
191 1211 332 1241 amare
370 1202 411 1240 et
448 1211 595 1240 zonam
637 1200 796 1254 accepit
835 1204 875 1241 et
915 1200 955 1241 in
989 1203 1072 1241 tres
1104 1203 1243 1254 partes
1275 1199 1398 1253 fregit
1430 1203 1470 1241 et
1501 1204 1596 1255 post
1628 1213 1721 1241 eum
1750 1207 1793 1242 15

41 1270 222 1312 cucurrit
259 1272 300 1312 et
338 1269 629 1325 apprehendit3
669 1283 788 1324 quem
828 1284 920 1312 cum
960 1270 1320 1325 apprehendisset,
1361 1284 1530 1312 manum
1570 1271 1724 1313 levavit

41 1344 83 1384 et
121 1341 159 1383 ei
197 1340 360 1396 alapam
401 1340 514 1382 dedit
556 1340 716 1383 dicens:
764 1341 796 1383 O
835 1341 983 1394 miser,
1023 1355 1088 1383 me
1127 1342 1169 1383 in
1208 1355 1377 1383 uxorem
1417 1355 1498 1383 non
1538 1341 1720 1384 habebis.

42 1406 189 1454 Statim
231 1416 326 1454 ante
366 1425 457 1454 eum
496 1411 617 1465 longe
657 1412 849 1454 cucurrit.
897 1412 1054 1454 Abibas
1093 1425 1183 1454 cum
1216 1412 1293 1454 hoc
1323 1412 1510 1466 vidisset,
1553 1425 1722 1468 exspec-

39 1482 168 1537 tabat,
200 1496 412 1537 quousque
444 1483 535 1538 ipsa
566 1497 695 1539 prope
727 1483 850 1525 finem
883 1487 1002 1525 esset.
1050 1483 1139 1526 Hoc
1168 1483 1277 1525 facto
1308 1483 1487 1525 loculum
1518 1483 1567 1526 de
1591 1485 1721 1526 serico

40 1558 137 1596 ante
165 1567 255 1596 eam
278 1554 470 1610 projecit3
503 1555 591 1596 viso
614 1554 761 1607 loculo,
793 1554 1009 1596 inclinavit
1029 1569 1072 1597 se
1094 1560 1134 1597 et
1161 1554 1341 1597 loculum
1362 1555 1528 1607 levavit,
1561 1555 1724 1610 aperuit
1747 1561 1793 1595 20

40 1625 169 1681 pilam
207 1626 462 1679 deauratam,
502 1626 613 1667 intus
652 1626 811 1667 invenit
841 1626 1254 1681 superscripcionem,
1294 1625 1416 1679 legit:
1450 1625 1524 1676 Qui
1559 1640 1721 1668 mecum

38 1696 146 1739 ludit
174 1710 398 1751 numquam
431 1696 528 1738 ludo
560 1697 804 1750 saciabitur,
837 1697 991 1752 incepit
1021 1701 1181 1739 tantum
1216 1702 1256 1739 et
1285 1697 1443 1739 tamdiu
1465 1697 1606 1739 ludere
1628 1710 1721 1739 cum

39 1768 139 1824 pila,
171 1767 279 1822 quod
312 1767 468 1810 Abibas
500 1768 625 1810 cicius
659 1768 708 1809 ad
741 1767 861 1809 finem
889 1769 1075 1823 pervenit
1097 1772 1136 1810 et
1157 1782 1247 1810 eam
1271 1769 1313 1810 in
1336 1782 1505 1810 uxorem
1530 1768 1719 1810 obtinuit.

160 1838 397 1892 Carissimi,
441 1839 519 1880 iste
565 1839 792 1894 imperator
832 1843 893 1881 est.
931 1839 1122 1881 dominus
1159 1842 1299 1881 noster
1339 1839 1478 1881 Ihesus
1518 1838 1720 1893 Christus,

40 1909 125 1952 filia
155 1909 329 1966 pulchra
360 1913 422 1952 est
452 1910 592 1952 anima
624 1910 675 1952 ad
708 1910 773 1952 dei
805 1910 1119 1953 similitudinem
1152 1914 1303 1963 creata,
1345 1924 1422 1965 que
1455 1911 1648 1953 velociter
1679 1911 1721 1952 in
1748 1919 1791 1953 25

40 1980 159 2023 bonis
190 1981 384 2037 operibus
415 1981 555 2034 currit,
589 1981 783 2035 quamdiu
815 1981 857 2023 in
890 1982 1069 2037 puritate
1090 1982 1174 2024 vite
1200 1986 1352 2035 manet,
1384 1982 1590 2024 intantum
1614 1982 1721 2036 quod

41 2065 131 2095 eam
169 2056 381 2108 peccatum
422 2051 597 2094 mortale
638 2050 727 2106 [48]
771 2053 933 2095 vincere
971 2067 1053 2095 non
1091 2057 1241 2108 potest.
1291 2051 1456 2095 Clamor
1494 2053 1626 2095 factus
1659 2056 1721 2095 est

41 2126 117 2165 etc.
164 2122 330 2165 Clamor
368 2124 445 2165 iste
483 2123 609 2165 nichil
650 2123 761 2165 aliud
793 2128 868 2177 est,
909 2137 1030 2178 quam
1073 2125 1181 2178 quod
1219 2125 1340 2167 homo
1381 2138 1424 2166 se
1457 2124 1650 2166 defendat
1681 2128 1722 2167 et

39 2197 231 2250 protegat
269 2198 414 2236 contra
453 2194 676 2247 diabolum,
716 2194 913 2236 mundum
956 2199 996 2237 et
1035 2209 1215 2249 carnem,
1257 2200 1297 2238 et
1327 2196 1362 2237 si
1394 2195 1546 2238 bellum
1579 2198 1722 2237 contra

39 2265 122 2308 ista
150 2266 233 2308 tria
255 2266 506 2320 aggreditur,
539 2269 580 2307 et
600 2265 813 2307 victoriam
838 2265 1075 2319 obtinuerit,
1108 2271 1206 2309 tunc
1227 2270 1396 2322 peccata
1417 2265 1610 2308 mortalia
1630 2279 1721 2308 suc·
1746 2274 1791 2309 30

40 2336 251 2391 cumbunt,
290 2340 330 2379 et
366 2337 443 2379 hoc
481 2340 543 2378 est
581 2337 720 2391 capita
758 2338 960 2380 amittere.
1007 2337 1165 2380 Abibas
1198 2342 1260 2380 est
1291 2337 1492 2391 diabolus,
1526 2337 1595 2392 qui
1627 2350 1718 2379 cum

40 2407 200 2450 videret
234 2408 443 2450 hominem
484 2421 701 2462 superasse
739 2421 813 2464 per
851 2422 977 2464 opera
1008 2409 1303 2461 misericordie,
1343 2409 1533 2464 providet
1562 2408 1639 2451 sibi
1671 2408 1721 2450 de

40 2479 172 2521 tribus
203 2479 388 2532 cautelis,
419 2478 577 2521 scilicet
607 2478 657 2521 de
678 2483 799 2522 serto.
851 2479 1015 2522 Sertum
1036 2480 1146 2522 istud
1176 2483 1240 2522 est
1259 2480 1466 2535 superbia,
1500 2480 1596 2534 quia
1616 2480 1722 2521 sicut

41 2553 196 2592 sertum
227 2563 311 2592 non
342 2550 511 2605 ponitur
542 2550 622 2591 nisi
653 2563 777 2606 super
807 2555 944 2606 eaput,
982 2555 1028 2592 ut
1065 2551 1116 2593 ab
1149 2550 1380 2593 hominibus
1415 2550 1620 2602 videatur3
1662 2550 1721 2592 sic

41 2620 242 2676 superbus
273 2634 437 2676 semper
468 2621 598 2662 videri
632 2621 730 2675 vult,
764 2625 804 2664 et
824 2621 916 2664 ideo
939 2621 1039 2664 dicit
1060 2622 1337 2675 Augustinus:
1371 2621 1474 2663 Cum
1496 2619 1716 2675 superbum
1744 2628 1790 2663 35

43 2691 207 2745 videris,
238 2691 368 2733 filium
401 2691 553 2734 diaboli
586 2705 674 2734 esse
704 2705 786 2734 non
818 2692 992 2734 dubites.
1041 2691 1143 2734 Cum
1166 2693 1293 2746 igitur
1314 2692 1434 2734 homo
1458 2692 1587 2733 utitur
1608 2694 1718 2733 serto

41 2762 246 2818 superbie,
278 2763 419 2805 statim
452 2763 580 2805 currit
611 2762 798 2805 diabolus
831 2768 925 2805 ante
957 2776 1062 2804 eum.
1115 2762 1221 2813 Quid
1253 2776 1349 2816 ergo
1378 2767 1441 2805 est
1459 2761 1719 2804 faciendum?

42 2830 162 2875 Certe
201 2836 262 2879 ut.
284 2837 439 2876 sertum
478 2833 670 2888 superbie
710 2834 953 2889 projiciatur
991 2835 1031 2875 in
1072 2834 1233 2876 foveam
1273 2833 1538 2886 humilitatis,
1580 2836 1622 2875 et
1660 2833 1720 2875 sic

41 2901 159 2946 dabis
190 2903 353 2946 diabolo
385 2904 549 2960 alapam
581 2908 622 2947 et
652 2917 745 2946 eum
777 2904 974 2947 dimittes.
1021 2904 1121 2947 Post
1156 2905 1232 2947 hec
1265 2904 1401 2960 puella
1431 2917 1475 2946 se
1506 2903 1722 2946 inclinavit

133 2984 178 3019 27
203 2983 359 3029 vincere]
386 2990 471 3031 oriq.
496 2984 603 3020 vinci.
