1949 3162
1003 79 1086 120 628

210 186 388 228 viderem
414 185 775 240 pulchritudinem,
810 185 879 226 sed
905 189 1073 239 propter
1105 187 1289 226 nostrum
1316 185 1542 238 negocium,
1576 185 1650 226 hoc
1673 188 1754 226 est:
1788 188 1878 226 tan-

208 260 294 298 tum
329 256 481 298 dictum
514 256 705 312 respicite
737 259 777 298 et
808 256 961 297 cernite
992 256 1033 297 in
1067 269 1172 297 eum,
1217 255 1290 296 Ait
1322 256 1358 297 ei
1390 269 1484 297 rex:
1518 259 1562 297 tu
1594 255 1718 297 habes
1740 255 1878 297 oculos

209 331 364 380 castos,
405 331 490 369 esto
522 328 563 369 in
601 341 763 369 camera
795 340 886 368 mea
918 331 958 368 et
995 327 1131 368 fruere
1171 326 1326 368 deliciis
1366 327 1481 368 meis.
1545 326 1624 369 Iste
1661 326 1879 382 inpudicus

208 399 374 440 domum
406 412 539 440 meam
574 399 713 440 statim
747 401 879 450 exeat,
912 411 962 439 ne
995 398 1152 453 polluat
1183 397 1408 440 thalamum
1444 412 1591 440 meum.

326 471 538 512 Reductc'o.
580 469 812 522 Karissimi,
846 483 918 511 rex
951 469 1027 511 iste
1060 472 1121 511 est
1143 469 1331 511 dominus
1354 473 1493 511 noster
1516 469 1655 511 ihesus
1678 468 1879 521 ChristUS,

206 541 350 594 regina
382 541 520 583 anima
552 554 629 596 que
662 544 724 582 est
755 540 906 582 Christi
940 554 1092 595 sponsa
1124 554 1196 596 per
1230 542 1421 582 virtutem
1456 540 1662 595 baptismi.
1714 538 1880 581 Domini

207 612 346 654 nuncii
379 612 428 654 ad
462 626 549 654 eam
583 613 699 654 missi
731 612 796 655 lex
831 612 1000 665 antiqua
1031 617 1071 653 et
1102 625 1231 663 nova3
1266 612 1400 667 prima
1432 611 1495 653 lex
1520 625 1601 652 non
1635 610 1881 666 operabatur

209 683 257 724 ad
292 697 377 725 rem
413 684 508 738 quia
540 697 681 725 omnes
714 684 753 725 in
789 683 959 737 antiqua
990 683 1079 736 lege
1109 684 1332 725 existentes
1357 683 1407 724 ad
1430 683 1590 724 inferna
1612 681 1878 733 descendent3

207 757 366 796 tantum
410 755 458 796 de
491 754 796 809 pulchritudine
828 755 853 795 i.
879 767 912 796 e.
947 754 996 796 de
1028 755 1261 796 aromeniis.
1309 753 1557 809 Comparata
1588 758 1650 796 est
1678 753 1746 795 lex
1777 765 1883 794 nova

208 824 257 865 dc
289 825 420 867 salute
454 826 588 867 anime
621 826 819 881 simplicis
854 830 894 868 et
925 826 1077 868 honore
1115 825 1268 867 Christi
1301 829 1461 867 tantum
1491 825 1597 879 quod
1635 824 1705 879 qui
1741 827 1884 867 tenent

208 909 354 937 novam
395 896 525 949 legem
569 898 748 952 perfecte
790 903 1031 952 perpetuam
1073 897 1246 950 gloriam
1282 897 1534 939 obtinebunt.
1582 896 1669 938 Lex
1701 896 1782 937 ista
1820 898 1884 936 est

209 970 321 1008 casta
354 971 394 1009 et
424 968 515 1009 ideo
548 968 589 1009 in
622 982 785 1010 camera
816 969 950 1011 cordis
982 969 1112 1010 nostri
1145 969 1336 1010 continue
1369 968 1489 1011 debet
1520 967 1724 1010 custodire
1756 979 1883 1022 opera

209 1051 287 1091 que
319 1037 420 1091 legis
453 1044 559 1080 sunt.
607 1039 703 1081 Alia
736 1039 835 1081 mihi
868 1040 1027 1095 expelle
1059 1044 1267 1094 tamquam
1305 1039 1512 1094 impudica
1533 1040 1558 1081 i.
1583 1053 1617 1081 e.
1648 1052 1729 1080 non
1763 1051 1881 1090 sana3

210 1121 305 1162 ergo
352 1109 488 1151 nullus
536 1114 717 1152 nostram
766 1111 962 1166 respiciat
1002 1125 1195 1167 sponsam
1241 1111 1395 1153 Christi
1439 1111 1557 1153 aliter
1595 1124 1716 1165 quam
1753 1109 1882 1162 decet,

209 1180 315 1221 sicut
347 1180 515 1223 heretici
548 1181 717 1235 faciunt,
751 1185 791 1224 et
822 1182 855 1224 si
887 1196 1036 1224 novam
1058 1183 1190 1237 legem
1219 1184 1469 1225 voluerimus
1502 1182 1698 1235 obtinere,
1731 1180 1883 1236 poteri-

209 1265 299 1293 mus
339 1265 431 1294 cum
464 1252 627 1294 Christo
667 1254 709 1295 in
749 1253 834 1295 celo
867 1267 1059 1308 regnare,
1101 1255 1151 1297 ad
1185 1255 1293 1309 quod
1333 1268 1406 1297 nos
1447 1254 1647 1310 perducat
1686 1252 1755 1307 qui
1795 1251 1882 1294 sine

209 1321 290 1365 fine
320 1323 423 1366 vivit
454 1327 494 1366 et
523 1328 680 1378 regnat.
727 1324 874 1367 Amen.

883 1579 980 1633 221,
1014 1593 1116 1635 app.
1141 1580 1212 1624 25.

327 1677 423 1719 Fuit
460 1678 623 1733 quidam
666 1679 783 1722 miles
826 1681 893 1735 qui
933 1681 1031 1723 fecit
1069 1682 1324 1737 proclamare
1362 1682 1584 1724 hastiludia
1620 1682 1662 1723 in
1700 1679 1884 1736 partibus

210 1749 378 1790 remotis
411 1753 451 1791 et
481 1749 557 1791 hoc
589 1755 757 1806 propter
789 1765 969 1794 amorem
1003 1753 1124 1794 unius
1155 1753 1302 1807 puelle.
1356 1753 1411 1795 Et
1448 1754 1525 1796 iste
1559 1753 1675 1795 miles
1707 1752 1886 1805 signavit

212 1833 254 1861 se
299 1820 431 1862 literis
471 1822 621 1863 amoris
668 1823 998 1878 circumquaque.
1062 1825 1170 1866 Ante
1216 1830 1357 1880 pectus
1404 1839 1521 1867 suum
1558 1825 1616 1867 sic
1662 1823 1883 1866 scribebat:

212 1905 281 1933 cor
318 1905 455 1934 meum
487 1892 730 1935 inclinatum
770 1900 832 1937 est
873 1895 922 1943 ad
964 1909 1144 1937 amorem
1187 1897 1307 1938 unius
1356 1896 1490 1951 puelle
1531 1910 1604 1951 pro
1645 1909 1725 1951 qua
1765 1895 1885 1936 hodie

213 1963 364 2005 bellum
410 1963 596 2006 defendo.
657 1965 701 2006 In
746 1966 866 2008 dorso
914 1967 972 2009 sic
1018 1967 1291 2010 scribebatur:
1341 1981 1521 2010 amorem
1567 1981 1702 2010 meum
1749 1966 1885 2008 nullus

211 2035 372 2076 fastidit
410 2035 506 2089 quia
552 2036 752 2090 profunde
793 2038 950 2080 sauciat
989 2039 1023 2080 si
1068 2053 1137 2081 cor
1176 2039 1353 2092 attingit.
1416 2039 1454 2081 A
1492 2039 1648 2082 dextris
1689 2038 1748 2081 sic
1786 2038 1885 2080 scri-

213 2106 404 2148 bebatur:
447 2121 566 2149 verus
606 2122 720 2150 amor
766 2122 999 2163 nuncquam
1045 2110 1243 2164 quiescit,
1292 2124 1453 2166 semper
1500 2111 1585 2165 agit
1622 2111 1656 2153 si
1694 2123 1774 2152 non
1826 2113 1885 2152 te-

213 2179 356 2232 pescit.
411 2178 448 2219 A
480 2179 658 2221 sinistris
697 2179 755 2220 sic
795 2180 1069 2222 scribebatur:
1112 2181 1180 2223 ubi
1219 2195 1334 2223 amor
1371 2182 1426 2224 ibi
1465 2182 1657 2237 frequens
1692 2180 1885 2235 cogitatio

215 2252 255 2290 et
286 2249 548 2303 desiderium,
581 2251 615 2291 si
645 2263 727 2291 non
760 2251 993 2305 possidetur
1025 2252 1131 2307 quod
1164 2256 1337 2294 amatur.
1392 2252 1652 2296 Consuetudo
1684 2253 1793 2295 enim
1825 2255 1888 2294 est

215 2320 323 2374 quod
362 2320 513 2362 milites
560 2322 917 2375 congregabuntur
964 2323 1014 2364 ad
1060 2322 1149 2364 loca
1195 2323 1263 2365 ubi
1308 2324 1530 2366 hastiludia
1576 2323 1885 2376 exercebuntur,

215 2395 355 2433 mutuo
409 2405 451 2434 se
504 2391 737 2445 significant
778 2397 823 2435 ut
869 2398 1105 2436 concertent
1151 2398 1189 2436 et
1235 2400 1350 2437 scuta
1400 2399 1583 2450 tangant.
1647 2395 1764 2437 Miles
1808 2395 1887 2436 iste

216 2466 278 2504 est
315 2463 379 2504 dei
422 2462 528 2505 filius
569 2464 638 2517 qui
680 2465 720 2505 in
760 2464 835 2507 hoc
874 2465 1026 2507 mundo
1064 2470 1275 2520 promotus
1315 2467 1364 2509 ad
1402 2467 1622 2510 hastiludia
1659 2467 1756 2509 fecit
1792 2480 1886 2522 pro—

216 2533 394 2576 clamare
441 2547 495 2576 sc.
539 2535 738 2577 adventus
783 2537 846 2577 sui
885 2536 1083 2592 temporis
1123 2551 1196 2592 per
1237 2538 1470 2593 prophetas.
1534 2538 1712 2581 Persone
1750 2536 1909 2580 divine*

216 2604 368 2647 habent
408 2609 523 2647 scuta
564 2606 776 2658 distincta;
820 2612 936 2662 pater
973 2607 1096 2650 habet
1134 2612 1293 2650 scutum
1335 2610 1540 2664 potencie,
1579 2609 1687 2651 filius
1727 2612 1887 2651 scutum

217 2677 434 2730 sapiencie,
469 2677 638 2732 spiritus
671 2681 836 2720 sanctus
869 2678 1101 2721 clemencie.
1151 2678 1231 2721 Sed
1254 2679 1450 2735 dyabolus
1475 2681 1518 2722 in
1538 2680 1729 2736 paradiso
1751 2680 1888 2733 tetigit

217 2750 376 2788 scutum
419 2746 493 2788 filii
532 2747 693 2801 quando
733 2749 839 2791 dixit
883 2750 1029 2804 primis
1068 2751 1306 2804 parentibus
1347 2752 1469 2793 meis:
1518 2752 1631 2794 eritis
1671 2752 1785 2794 sicud
1829 2751 1887 2793 dii

217 2817 390 2860 scientes
424 2817 574 2860 bonum
608 2821 647 2860 et
684 2819 850 2861 malum.
905 2820 961 2862 Et
998 2821 1089 2862 ideo
1120 2820 1227 2862 filius
1260 2822 1324 2863 dei
1356 2823 1555 2877 processit
1586 2822 1636 2864 ad
1666 2822 1888 2865 hastiludia

217 2900 271 2927 sc.
305 2889 347 2929 in
380 2888 557 2930 humana
589 2892 737 2931 natura
768 2894 808 2932 et
840 2891 1020 2944 signavit
1050 2905 1093 2934 se
1115 2905 1203 2933 cum
1239 2897 1412 2947 quatuor
1442 2893 1590 2945 literis3
1623 2894 1758 2948 prima
1787 2893 1884 2934 fuit:

216 2970 286 2999 cor
305 2971 442 3001 meum
463 2959 705 3002 inclinatum
729 2964 791 3002 est
812 2964 853 3003 et
873 2962 932 3004 sic
952 2962 1056 3005 hanc
1076 2963 1239 3006 literam
1269 2965 1469 3007 reseravit
1499 2964 1694 3020 apostolis
1725 2965 1885 3007 dicens:
