1919 3157
841 42 918 82 3⁸31

41 152 82 191 et
112 148 152 190 in
185 147 306 189 corde
339 161 411 189 suo
444 147 568 189 dixit:
604 147 730 189 Estne
763 147 911 202 aliquis
944 148 1049 189 alius
1081 148 1179 190 (leus
1203 162 1324 201 quam
1349 149 1448 201 ego?
1497 148 1586 190 lliis
1609 149 1717 200 cogi-

40 219 136 262 tatis
169 231 385 273 sompnum
420 219 540 273 cepit.
592 218 709 260 Mane
750 233 844 260 vero
878 219 1058 260 surrexit
1090 223 1129 260 et
1162 219 1321 260 vocavit
1356 219 1505 260 milites
1545 233 1639 260 suos
1680 223 1719 260 et

40 289 115 332 ait:
156 288 390 336 Carissimi,
433 289 582 330 bonum
617 296 677 331 est
716 290 850 331 eibum
892 304 1072 342 sumere,
1116 290 1210 344 quia
1251 290 1368 331 hodie
1403 290 1452 331 ad
1487 291 1717 332 venandum

41 373 210 416 pergere
243 360 346 401 volo.
398 360 457 401 llli
492 375 586 402 vero
622 362 752 415 parati
787 365 904 402 erant
937 362 1022 414 ejus
1048 361 1297 402 voluntatem
1333 361 1570 415 adimplere.
1619 360 1718 401 Cibo

40 436 204 486 sumpto
245 431 295 472 ad
336 432 565 473 venandum
609 437 892 486 perrexerunt.
948 432 1053 473 Dum
1096 445 1190 473 vero
1225 432 1448 486 imperator
1481 432 1717 485 equitasset,

39 501 149 544 calor
189 501 474 543 intollerabilis
516 516 606 543 eum
649 503 810 547 invasit,
851 503 891 543 in
933 507 1091 543 tantum
1128 502 1235 556 quod
1275 502 1489 543 videbatur
1522 503 1572 555 ei,
1612 503 1718 556 quod

39 577 268 615 moreretur
304 573 383 614 nisi
425 573 464 614 in
507 586 613 627 aqua
644 574 793 626 frigida
826 573 1008 615 balneari
1042 577 1192 627 posset.
1249 572 1441 628 Respexit
1475 588 1496 614 a
1528 573 1647 626 longe
1680 577 1720 615 et

40 657 186 698 aquam
228 643 353 685 latam
393 644 514 695 vidit,
555 644 661 685 dixit
699 646 783 685 suis
823 644 1043 686 militibus:
1086 644 1161 685 llic
1200 644 1467 697 remaneatis,
1510 658 1719 698 quousque

39 715 153 757 fuero
198 714 409 756 liberatus.
469 715 733 756 Dextrarium
781 729 870 757 cum
920 715 1147 757 calcaribus
1195 716 1418 770 percussit,
1472 716 1522 756 ad
1571 729 1718 769 aquam

38 786 284 828 festinanter
316 786 540 840 equitabat,
575 786 623 827 de
657 800 758 840 equo
793 787 1016 838 descendit,
1051 786 1189 827 onmia
1232 787 1478 828 vestimenta
1516 787 1718 841 deposuit,

39 870 187 911 aquam
221 857 390 898 intravit
423 862 462 898 et
494 857 650 898 tamdiu
684 858 739 899 ibi
773 858 983 910 remansit,
1019 871 1228 912 quousque
1251 858 1432 899 totaliter
1454 858 1719 911 refrigeratus

39 933 159 970 esset.
214 928 320 970 Dum
363 928 514 970 ibidem
556 933 850 983 exspectasset,
891 930 1002 971 venit
1040 929 1206 982 quidam
1248 929 1368 970 homo
1409 930 1445 970 ei
1479 942 1552 983 per
1584 929 1721 969 omnia

39 999 187 1041 similis
224 999 266 1041 in
307 999 420 1041 vultu
461 1005 500 1041 et
531 1005 662 1053 gestu,
704 1005 744 1042 et
783 1000 918 1042 induit
949 1014 992 1042 se
1033 1000 1290 1041 vestimentis
1324 1001 1423 1054 ejus,
1464 1000 1717 1041 dextrarium

40 1071 126 1124 ejus
167 1070 372 1123 ascendit,
420 1076 460 1112 et
499 1071 549 1112 ad
582 1070 734 1113 milites
782 1072 1001 1126 equitavit,
1053 1071 1102 1113 ab
1148 1072 1338 1113 omnibus
1386 1073 1495 1113 sieut
1546 1084 1720 1126 persona

39 1142 302 1196 imperatoris
349 1147 411 1183 est
460 1147 662 1197 receptus.
727 1142 864 1184 Finito
903 1143 999 1185 ludo
1049 1143 1096 1184 ad
1132 1143 1333 1198 palacium
1383 1156 1473 1184 cum
1521 1142 1720 1184 militibus

41 1213 236 1268 perrexit.
284 1212 384 1255 Post
417 1213 488 1254 hec
532 1214 612 1255 cito
645 1212 888 1256 tlovinianus
922 1214 971 1256 de
1004 1228 1112 1268 aqua
1143 1215 1284 1267 exivit,
1319 1218 1451 1256 vestes
1475 1227 1549 1256 nec.
1571 1227 1718 1268 equum

39 1284 208 1326 invenit.
258 1285 555 1327 Admirabatur
596 1289 635 1326 et
675 1285 863 1326 tristatus
897 1289 958 1326 est
991 1286 1122 1339 valde,
1163 1287 1258 1340 quia
1295 1286 1427 1327 nudus
1461 1289 1549 1327 erat
1580 1290 1620 1327 et
1651 1298 1722 1327 ne—

39 1356 191 1411 minem
228 1356 342 1409 vidit,
375 1356 572 1408 cogitavit
603 1356 709 1397 inter
740 1370 802 1398 se:
851 1356 955 1406 Quid
987 1357 1164 1399 faciam?
1196 1357 1284 1409 Ego
1318 1357 1609 1398 miserabiliter
1631 1370 1722 1398 sum

41 1427 311 1469 ministratus.
361 1427 543 1469 Tandem
579 1427 628 1468 ad
662 1441 704 1468 se
737 1441 925 1469 reversus
958 1428 1139 1470 dicebat:
1175 1428 1251 1469 Hie
1273 1442 1400 1483 prope
1423 1432 1563 1470 manet
1595 1426 1717 1482 [44b]

42 1488 146 1540 unsis
178 1498 309 1552 miles,
354 1513 474 1553 quem
513 1499 564 1540 ad
597 1499 791 1540 miliciam
828 1500 1033 1554 promovi:
1073 1500 1125 1541 ad
1166 1513 1256 1541 eum
1292 1513 1482 1554 pergam,
1517 1503 1650 1541 vestes
1682 1503 1723 1551 et

41 1583 189 1625 equum
224 1570 432 1625 acquiram
469 1574 509 1612 et
540 1571 597 1612 sic
633 1571 682 1612 ad
706 1570 903 1626 palatium
936 1585 1071 1613 meum
1102 1571 1334 1623 ascendam,
1368 1574 1409 1612 et
1432 1571 1590 1623 videbo,
1623 1584 1722 1625 quo-

40 1638 162 1682 modo
201 1646 241 1683 et
284 1655 356 1697 per
397 1655 516 1696 quem
565 1656 652 1683 sum
702 1642 907 1683 confusus.
965 1641 1211 1684 ‹Jovinianus
1257 1641 1440 1684 totaliter
1486 1642 1619 1684 nudus
1671 1642 1722 1684 ad

41 1716 220 1754 castrum
259 1713 402 1754 militis
443 1714 638 1768 perrexit,
673 1713 723 1755 ad
757 1714 928 1767 januam
963 1714 1163 1769 pulsavit,
1197 1714 1354 1767 janitor
1386 1717 1524 1755 autem
1556 1726 1721 1755 causam

41 1783 292 1839 pulsaeionis
335 1785 523 1839 quesivit.
573 1785 645 1826 Ait
683 1784 949 1826 J0vi11ianus:
991 1784 1167 1827 Januam
1203 1785 1374 1840 aperite,
1407 1788 1447 1826 et
1478 1785 1611 1839 qualis
1649 1799 1722 1839 ego

42 1868 130 1896 sum
165 1855 318 1898 videte!
352 1856 423 1898 Ille
456 1870 550 1897 vero
577 1857 746 1910 januam
782 1856 945 1911 aperuit
976 1860 1017 1898 et
1047 1869 1136 1897 cum
1172 1869 1265 1897 eum
1297 1855 1478 1909 vidisset,
1513 1856 1725 1912 obstupuit

42 1930 82 1968 et
113 1927 190 1968 ait:
224 1926 364 1977 Qualis
398 1941 440 1969 es
473 1928 542 1969 tu?
575 1928 631 1970 At
662 1927 748 1969 ille:
781 1927 1027 1969 Jovinianus
1059 1941 1147 1968 sum
1182 1928 1420 1982 imperator,
1455 1928 1557 1970 vade
1580 1928 1630 1969 ad
1653 1928 1724 1970 (lo-

42 1999 199 2040 minum
231 2003 361 2051 tuum,
403 2003 444 2041 et
474 1999 538 2040 dic
571 1999 620 2052 ei,
663 2004 707 2040 ut
738 1999 861 2040 michi
896 2002 1027 2041 vestes
1061 1999 1354 2059 accommodet,
1395 2000 1491 2053 quia
1523 2004 1654 2042 vestes
1685 2003 1725 2041 et

43 2083 190 2124 equum
233 2070 405 2125 perdidi.
455 2070 531 2120 Qui
565 2071 641 2112 ait:
685 2069 894 2124 Mentiris,
936 2071 1112 2125 pessime
1151 2070 1329 2112 ribalde!
1384 2070 1478 2112 Jam
1521 2075 1614 2112 ante
1654 2071 1724 2112 ad-

44 2145 208 2184 ventum
242 2145 356 2183 tuum
391 2142 581 2183 domiuus
616 2142 841 2197 imperator
872 2141 1116 2184 ,Iovinianus
1157 2142 1209 2183 ad
1242 2142 1444 2197 palacium
1479 2155 1596 2183 suum
1631 2156 1723 2184 cum

44 2212 244 2254 militibus
283 2213 367 2254 suis
410 2213 615 2265 transivit,
660 2217 700 2255 et
739 2213 928 2255 dominus
969 2227 1084 2255 meus
1126 2227 1263 2254 secum
1299 2214 1483 2267 perrexit
1515 2219 1555 2255 et
1586 2213 1722 2266 rediit,

44 2289 85 2326 et
108 2284 195 2338 jam
229 2284 271 2325 in
304 2298 447 2326 mensa
481 2285 613 2335 sedet3
654 2285 723 2326 sed
758 2285 853 2338 quia
885 2285 1175 2339 imperatorem
1209 2288 1250 2325 te
1282 2285 1518 2337 nominasti,
1558 2284 1723 2326 domino

45 2368 134 2397 meo
164 2355 381 2397 nunciabo.
429 2355 593 2397 ‹Ianitor
624 2356 797 2397 intravit
827 2359 868 2397 et
899 2356 1064 2397 domino
1097 2370 1170 2397 suo
1204 2356 1329 2398 verba
1357 2356 1443 2409 ejus
1468 2355 1617 2397 retulit.
1653 2356 1724 2397 Ille

46 2425 120 2467 hoo
151 2426 322 2468 audiens
355 2427 540 2482 precepit
571 2431 616 2468 ut
647 2427 990 2481 introduceretur,
1024 2431 1064 2468 et
1095 2427 1153 2468 sio
1183 2427 1337 2468 factum
1361 2431 1435 2469 est.
1481 2427 1598 2468 Miles
1631 2440 1721 2468 eum

44 2497 235 2550 vidisset,
275 2498 468 2539 noticiam
511 2498 597 2551 ejus
638 2511 718 2539 non
759 2498 948 2550 habebat,
989 2498 1059 2539 sed
1100 2499 1325 2553 imperator
1364 2498 1594 2553 peroptime
1632 2511 1724 2539 eum

45 2569 246 2622 cognovit.
295 2569 368 2611 Ait
399 2570 434 2611 ei
458 2568 595 2611 miles:
629 2568 705 2611 Dic
727 2569 865 2622 michi,
900 2569 1032 2623 qualis
1055 2583 1111 2622 eS,
1145 2573 1186 2611 et
1203 2569 1310 2623 quod
1333 2574 1394 2610 est
1416 2583 1563 2611 nomeu
1583 2569 1724 2611 tuum?
1752 2581 1758 2588 ·
1782 2588 1785 2589 ⁷

46 2639 122 2690 Qui
154 2641 388 2694 respondit:
422 2640 508 2693 Ego
542 2654 631 2681 sum
667 2641 891 2695 imperator
913 2640 1172 2694 Jovinianus,
1205 2645 1245 2682 et
1277 2654 1350 2693 ego
1383 2645 1422 2682 te
1456 2641 1504 2682 ad
1528 2640 1722 2681 miliciam

49 2712 232 2766 promovi
269 2711 340 2753 tali
369 2716 567 2767 tempore.
617 2712 690 2753 Ait
717 2712 805 2754 ille:
840 2711 872 2753 O
896 2711 1053 2753 ribalde
1076 2712 1266 2766 pessime,
1304 2726 1383 2766 qua
1405 2712 1577 2753 audacia
1599 2712 1724 2754 aud'es

47 2783 223 2837 teipsum
257 2783 546 2838 imperatorem
583 2783 815 2824 nominare!
862 2782 956 2824 Jam
998 2783 1188 2825 dominus
1227 2796 1342 2825 meus
1375 2783 1600 2838 imperator
1632 2789 1725 2825 ante

47 2857 87 2895 te
119 2854 169 2896 ad
202 2853 407 2909 palacium
441 2855 654 2909 equitavit,
692 2859 732 2895 et
763 2867 836 2907 ego
873 2868 943 2908 per
977 2854 1083 2895 viam
1118 2855 1154 2896 ei
1188 2855 1413 2897 associatus
1447 2868 1556 2895 eram
1581 2855 1723 2908 etjam

48 2938 138 2967 sum
170 2939 379 2968 reversus:
413 2930 453 2968 et
485 2926 581 2980 quia
613 2925 788 2981 teipsum
828 2926 1119 2979 imperatorem
1163 2926 1401 2978 nominasti,
1445 2925 1613 2980 impune
1643 2940 1723 2968 non

1748 794 1790 828 10

1748 1151 1791 1184 15

1748 1508 1793 1543 20

1749 1867 1794 1901 :25

1749 2221 1794 2255 30
