1919 3157
917 52 1002 93 335

118 145 195 188 Dic
230 148 352 189 michi
385 150 425 190 iu
462 152 677 208 principio,
720 155 817 209 quid
857 163 918 198 est
957 157 1089 200 homo.
1153 161 1225 202 Ait
1263 161 1350 203 ille:
1401 163 1531 205 Homo
1574 171 1635 207 est
1675 168 1799 210 miser

116 220 201 258 toto
241 222 426 274 tempore
468 222 548 263 vite
598 238 681 265 sue.
750 225 850 268 Vide
898 229 1145 284 principium
1196 236 1333 284 tuum,
1382 235 1561 277 medium
1604 242 1644 277 et
1676 239 1795 280 tinem

115 291 156 329 et
194 288 399 338 invenies,
442 293 549 345 quod
591 294 734 349 plenus
775 310 817 338 es
858 299 1046 341 miseriis.
1113 300 1226 343 Unde
1264 303 1365 345 Job:
1415 305 1545 347 llouio
1587 313 1708 349 natus
1747 310 1796 352 de

114 357 286 401 muliere
318 367 392 402 etc.
448 362 490 404 Si
535 366 705 419 respicis
740 368 1002 423 principium,
1046 371 1229 414 invenies
1262 378 1300 415 te
1335 389 1555 430 pauperem
1591 384 1631 419 et
1663 379 1794 434 impo-

112 433 279 471 tentem.
334 431 375 473 Si
410 434 604 488 medium,
640 438 822 480 invenies
855 441 1052 482 mundum
1087 445 1388 496 angustiantem
1423 453 1463 488 et
1487 450 1589 490 sorte
1613 450 1792 492 animam

111 503 223 542 tuam
249 502 634 558 condempnantem.
685 509 727 549 Si
752 509 886 562 linem,
921 516 1071 553 terram
1098 518 1137 555 te
1160 516 1465 570 suscipientem.
1509 518 1562 560 Et
1585 520 1689 573 ideo,
1723 522 1794 563 do-

111 571 220 612 mine
252 572 308 613 mi
342 587 426 626 rex,
462 589 539 617 uon
576 577 725 620 habeas
759 582 997 623 memoriam
1022 585 1300 638 superbiendi.
1349 588 1421 628 Ait
1453 603 1546 630 rex:
1583 590 1793 646 Magister,

67 637 70 639 ’
110 654 235 695 quero
269 657 291 684 a
322 649 362 686 te
404 652 579 699 quatuor
620 652 866 705 questiones,
908 667 1007 707 quas
1047 655 1080 695 si
1122 655 1222 698 bene
1263 657 1448 711 solveris,
1490 665 1527 702 te
1567 662 1616 703 ad
1659 663 1792 716 (ligni-

108 716 214 754 tates
254 719 294 756 et
335 716 506 759 divicias
550 723 810 773 promovebo.
876 723 1015 766 Prima
1065 728 1224 780 questio
1267 733 1346 770 est:
1396 730 1500 780 Quid
1541 736 1603 773 est
1642 733 1791 775 homo?

109 782 316 827 Secunda:
365 786 439 829 Cui
480 794 541 831 est
581 792 755 834 similis?
808 794 970 836 Tereia:
1021 795 1096 838 Ubi
1137 798 1224 840 est?
1277 799 1451 849 Quarta:
1501 801 1604 844 Cum
1643 805 1790 858 quibus
1820 817 1862 850 10

106 855 228 897 sociis
260 858 348 898 est?
384 859 458 900 Ait
490 860 779 918 philosophus:
813 865 1001 919 Domine,
1036 867 1086 909 ad
1121 869 1296 922 primam
1331 873 1584 924 questionem
1619 889 1790 930 respon-

104 925 219 968 deb0.
283 927 453 978 Quando
494 934 649 985 queris:
699 935 803 985 Quid
845 942 907 978 est
946 937 1092 979 homo?
1133 940 1245 993 dico,
1285 943 1393 995 quod
1433 949 1495 985 est
1536 947 1784 1002 mancipium

103 998 263 1051 mortis,
296 999 445 1055 hospes
479 1002 568 1056 loci,
604 1006 735 1047 viator
758 1009 975 1050 transiens.
1026 1009 1276 1066 Mancipiuru
1302 1013 1463 1065 (licitur,
1500 1016 1596 1069 quia
1618 1031 1786 1060 manum

103 1069 248 1110 mortis
289 1071 462 1114 evadere
501 1087 581 1116 non
617 1082 772 1131 potest,
815 1080 910 1132 quia
948 1094 1058 1122 mors
1098 1096 1239 1124 omnes
1278 1084 1439 1127 labores
1473 1091 1512 1128 et
1544 1088 1629 1129 dies
1662 1091 1785 1145 rapit,

101 1142 142 1180 et
172 1141 396 1183 secundum
421 1145 527 1197 quod
552 1149 701 1189 meruit
723 1149 889 1192 habebit
911 1152 1113 1206 premium
1139 1154 1201 1195 vel
1225 1156 1487 1210 supplicium.
1538 1158 1637 1201 Item
1662 1161 1783 1204 homo
1814 1172 1856 1206 15

101 1214 164 1251 est
204 1211 353 1267 hospes
391 1213 483 1268 loci,
527 1218 622 1271 quia
661 1219 855 1262 oblivioni
896 1222 1086 1265 traditur.
1142 1224 1239 1267 Item
1283 1232 1346 1268 est
1384 1229 1517 1271 viator
1555 1232 1782 1285 transiens3

99 1281 186 1324 sive
225 1283 481 1340 dormiendo,
522 1289 606 1331 sive
649 1291 869 1345 vigilando,
909 1293 994 1334 sive
1033 1296 1296 1350 comedendo,
1339 1299 1425 1341 sive
1467 1300 1655 1355 bibendo,
1696 1305 1783 1346 sive

99 1351 210 1407 aliud
248 1353 436 1398 faciendo
475 1372 639 1414 semper
681 1362 731 1403 ad
773 1369 944 1405 mortem
985 1367 1124 1408 currit.
1190 1367 1282 1409 Ideo
1323 1369 1517 1413 debemus
1561 1387 1631 1428 per
1670 1375 1780 1416 viam

97 1423 216 1465 nobis
249 1426 465 1480 providere
497 1430 546 1472 de
579 1433 839 1486 victualibus,
879 1436 1037 1478 scilieet
1068 1437 1116 1479 de
1150 1438 1266 1480 bonis
1300 1440 1534 1484 virtutibus.
1590 1444 1780 1488 Secunda

98 1495 257 1548 questio
298 1501 379 1539 est:
428 1499 502 1541 Cui
543 1507 606 1543 est
645 1502 766 1545 homo
799 1506 974 1548 similis?
1029 1507 1142 1562 Dico,
1185 1510 1292 1564 quod
1331 1511 1478 1554 similis
1519 1519 1580 1556 est
1617 1516 1777 1571 glaciei,
1805 1527 1849 1561 :20

96 1565 193 1619 quia
224 1572 394 1622 propter
425 1571 602 1614 calorem
636 1575 716 1616 cito
739 1575 990 1619 dissolvitur.
1018 1577 1106 1634 [33]
1164 1580 1232 1622 Sic
1262 1582 1397 1636 homo,
1432 1583 1481 1626 de
1514 1590 1624 1628 terra
1656 1592 1696 1630 et
1728 1588 1778 1631 de

96 1635 310 1680 elementis
349 1644 674 1699 compaginatus,
716 1661 788 1701 per
827 1648 1004 1691 calorem
1044 1650 1298 1694 infirmitatis
1339 1654 1418 1696 cito
1458 1656 1698 1700 dissolvitur
1737 1665 1778 1701 et

94 1710 385 1764 corrumpitur.
434 1712 535 1755 [tem
568 1716 715 1758 similis
748 1723 810 1760 est
842 1733 962 1774 pomo
995 1735 1114 1775 novo,
1147 1725 1340 1777 quoniam
1375 1726 1481 1768 sicut
1513 1741 1679 1782 pomum
1703 1744 1776 1772 no-

94 1791 190 1820 vum
231 1782 412 1835 pendens
450 1785 492 1826 in
532 1787 690 1841 arbore,
730 1803 821 1831 cum
862 1791 982 1834 debet
1020 1793 1071 1834 ad
1110 1802 1364 1837 crementum
1405 1797 1587 1840 debitum
1623 1802 1773 1856 venire,

93 1850 254 1892 modico
294 1865 432 1896 verme
471 1856 644 1900 interius
684 1867 826 1903 exorto
866 1863 1096 1906 corroditur
1137 1870 1177 1907 et
1215 1867 1350 1909 subito
1390 1882 1584 1912 corruens
1627 1872 1773 1916 inutile
1800 1882 1844 1915 25

92 1920 279 1964 efficitur.
334 1923 402 1967 Sic
434 1926 555 1969 homo
594 1930 637 1971 iu
669 1933 853 1986 puericia
891 1948 965 1976 sua
996 1948 1183 1979 crescens
1223 1938 1357 1980 subito
1391 1941 1522 1982 oritur
1552 1942 1771 1986 infirmitas

90 1991 264 2036 interius
303 2001 344 2037 et
382 1998 520 2040 anima
561 2002 782 2056 expellitur
813 2009 853 2046 et
885 2018 1033 2062 corpus
1066 2010 1357 2064 corrumpitur.
1423 2011 1538 2054 Unde
1571 2027 1667 2068 ergo
1701 2029 1770 2058 su-

90 2064 227 2118 perbit
256 2065 407 2109 homo?
441 2068 585 2112 Tereia
607 2075 765 2126 questio
799 2081 879 2118 est:
914 2077 991 2119 Ubi
1025 2084 1087 2120 est
1117 2079 1266 2122 homo?
1297 2081 1414 2135 Dico,
1447 2085 1555 2137 quod
1588 2086 1629 2127 in
1664 2087 1769 2130 bello

89 2134 322 2192 multiplici,
370 2140 527 2183 scilicet
573 2149 717 2187 contra
762 2148 982 2202 mundum,
1030 2150 1239 2193 diabolum
1283 2156 1324 2194 et
1363 2166 1542 2196 carnem.
1592 2156 1766 2207 Quarta:

88 2203 192 2248 Cum
233 2209 381 2263 quibus
413 2212 535 2254 sociis
576 2218 639 2256 est
670 2215 816 2259 homo?
867 2218 1124 2276 Respondeo,
1168 2223 1275 2277 quod
1315 2237 1407 2266 cum
1440 2231 1598 2281 septem
1631 2231 1766 2284 sociis,
1793 2237 1838 2271 30

87 2277 157 2331 qui
188 2291 282 2321 eum
313 2283 506 2325 continue
537 2285 772 2341 molestant,
805 2290 874 2344 qui
906 2295 1003 2333 sunt
1033 2292 1178 2347 fames,
1211 2295 1315 2348 sitis,
1348 2296 1473 2350 calor,
1507 2298 1651 2353 frigus,
1685 2300 1766 2343 las-

86 2348 236 2403 situdo,
275 2350 495 2396 infirmitas
528 2360 569 2398 et
606 2371 730 2401 mors.
793 2359 977 2415 Prepara
1015 2376 1111 2417 ergo
1153 2365 1332 2408 animam
1366 2373 1510 2410 contra
1541 2369 1764 2426 diabolum,

85 2420 283 2464 mundum
322 2427 363 2465 et
394 2438 572 2480 carnem,
615 2442 788 2482 quorum
830 2431 948 2486 bella,
989 2434 1030 2475 id
1070 2439 1133 2477 est
1172 2438 1426 2481 tentaciones
1458 2445 1556 2482 sunt
1586 2442 1761 2486 diversa.

84 2488 140 2532 Et
169 2491 260 2534 ideo
292 2493 569 2540 diversimode
601 2502 861 2554 preparanda
899 2509 962 2546 est
1000 2506 1150 2559 anima,
1192 2512 1238 2550 ut
1276 2509 1454 2552 resistet.
1509 2511 1614 2554 Caro
1653 2515 1762 2557 enim

83 2564 262 2618 temptat
298 2578 372 2608 nos
412 2581 486 2622 per
525 2569 730 2613 luxuriam
773 2577 814 2615 et
851 2574 1126 2630 voluptatem,
1174 2580 1351 2622 mundus
1399 2595 1472 2636 per
1518 2583 1760 2628 diviciarum
1788 2594 1833 2629 35

86 2633 323 2689 vanitatem,
363 2637 551 2681 diabolus
586 2654 658 2695 per
689 2644 882 2698 superbie
913 2646 1135 2700 vilitatem3
1176 2650 1210 2691 si
1243 2663 1338 2704 ergo
1371 2665 1465 2694 caro
1499 2659 1537 2696 te
1570 2659 1760 2711 temptat,

83 2702 206 2746 istam
238 2706 385 2750 adhibe
418 2710 682 2753 medicinam:
717 2713 867 2757 habeas
900 2716 941 2757 in
974 2720 1186 2774 memoria,
1220 2721 1327 2775 quod
1361 2736 1469 2777 carc,
1502 2738 1580 2779 que
1603 2731 1642 2768 te
1666 2741 1760 2782 pro—

83 2779 202 2817 vocat
239 2777 290 2818 ad
330 2784 563 2835 peccatum,
603 2787 786 2826 vertetur
825 2787 867 2828 in
906 2788 1062 2831 cineres
1103 2790 1169 2833 die
1208 2795 1248 2833 et
1288 2797 1474 2848 tempore
1511 2796 1671 2851 ignoto,
1719 2802 1761 2841 et

83 2845 221 2889 anima
251 2861 325 2903 pro
358 2851 445 2904 ejus
484 2852 632 2895 delicto
673 2868 821 2909 penam
852 2861 1037 2901 eternam
1070 2862 1302 2905 sustinebit.
1351 2863 1567 2919 Sapiencie
1590 2880 1641 2910 11:
1674 2869 1760 2911 Ex-

175 2928 216 2962 11
243 2930 385 2973 questio
409 2932 478 2975 est]
496 2939 581 2980 oriy.
607 2936 804 2980 questione.
900 2940 945 2973 33
969 2940 1137 2986 Prepara]
1165 2950 1251 2989 orig.
1277 2945 1452 2988 Propono.

1821 462 1842 495 2‘!
