1919 3157
873 47 950 88 661

71 146 171 188 deus
209 147 379 190 siciebat
421 154 602 192 nostram
645 151 839 197 salntem.
880 165 970 194 cum
1012 154 1100 209 ipse
1139 161 1276 198 tamen
1316 158 1418 200 nihil
1458 159 1667 213 indigebat
1705 161 1754 204 de

70 223 212 260 nostra
242 218 387 265 salute,
421 222 517 275 quia
550 222 636 276 ipse
669 224 929 278 omnipotens
963 229 1044 278 est,
1083 231 1221 268 tamen
1254 228 1537 273 infirmitatem
1570 233 1753 288 corporis

71 288 237 331 humani
271 304 344 345 pro
382 297 523 334 nostra
554 293 686 335 salute
728 295 910 350 recepit?
944 295 1063 339 Certe
1096 297 1165 339 sic.
1222 298 1432 354 Septimus
1465 301 1619 344 clamor
1658 317 1753 346 con-

68 359 259 403 cludebat
290 375 363 416 per
385 363 709 418 expedicionem,
744 366 840 419 quia
871 365 1084 409 clamavit:
1119 367 1458 414 Consummatum
1482 377 1554 416 est.
1610 374 1753 418 Nonne

69 435 131 473 est
161 445 312 485 magna
342 433 566 480 humilitas,
600 439 645 477 ut
677 436 764 490 ipse
798 437 866 490 qui
900 442 961 479 est
993 438 1117 493 alpha
1149 444 1188 481 et
1220 454 1257 493 ο,
1292 442 1539 499 principium
1574 449 1614 487 et
1645 445 1751 500 finis,

67 502 379 546 concluderetur
416 506 456 547 in
498 506 710 561 patibulo?
751 507 864 550 Unde
904 507 1166 552 Bernhardus
1206 525 1330 567 super
1363 514 1552 557 Cantica:
1594 515 1752 570 Sagwis

66 572 218 616 Christi
251 589 325 630 per
347 578 373 616 ι’)
398 582 535 632 partes
568 578 776 620 emanavit
807 579 989 633 largiter.
1038 580 1143 631 Quid
1167 582 1275 625 ultra
1299 585 1433 627 facere
1455 586 1609 640 debuit,
1643 588 1752 642 quod

66 658 147 687 non
179 646 301 688 fecit?
335 646 455 690 Certe
486 648 623 690 nichil.
674 648 789 699 Quod
822 651 1021 705 probatur
1042 651 1106 694 J0.
1135 654 1200 707 1⁶2,
1233 656 1366 698 modis
1387 658 1424 698 7.
1468 657 1607 699 Primo
1641 659 1750 701 enim

66 716 154 772 ipse
200 730 274 759 nos
322 718 571 761 illuminavit
619 720 716 762 visis
761 722 990 764 tenebrosis
1038 722 1245 767 illudendo
1295 728 1486 781 quoniam
1531 729 1749 785 probatum

65 792 145 830 est:
187 787 280 831 Ceci
324 790 475 832 vident.
533 790 719 833 Secundo
757 806 830 834 nos
863 793 1106 836 rectificavit
1135 809 1320 849 gressum
1356 804 1541 842 nostrum
1575 801 1750 843 consoli-

63 857 218 913 dando,
258 861 373 903 cuius
413 861 606 916 probacio
646 867 728 904 est:
770 862 914 905 Claudi
956 865 1180 909 ambulant.
1238 868 1380 911 Tercio
1418 884 1492 913 nos
1534 872 1751 915 mundavit

62 930 249 973 morbum
280 932 554 987 periculosum
589 935 768 989 perfecte
791 935 1049 989 eradicando,
1082 938 1197 981 cuius
1230 940 1425 995 probacio
1458 947 1539 985 est:
1572 942 1748 999 Leprosi

61 1001 326 1045 mundantur.
382 1003 542 1054 Quanto
582 1018 656 1047 nos
696 1006 905 1049 alleviavit
943 1011 1095 1050 statum
1129 1012 1437 1066 erumpniosum
1480 1015 1747 1070 apperiendo,

62 1073 177 1115 cuius
214 1073 407 1130 probacio
449 1081 530 1117 est:
573 1076 696 1119 Surdi
730 1078 914 1120 audiunt.
977 1078 1126 1129 Quinto
1159 1095 1233 1124 nos
1265 1082 1478 1127 letificavit
1507 1085 1643 1128 locum
1676 1086 1747 1129 do-

61 1144 240 1187 lorosum
281 1145 568 1201 glorificando,
610 1148 725 1190 cuius
767 1149 960 1204 probacio
1002 1156 1082 1193 est:
1131 1152 1284 1196 Mortui
1324 1160 1556 1210 resurgunt.
1621 1156 1746 1200 Sexto

60 1229 134 1258 nos
166 1217 346 1270 signavit
379 1218 504 1260 vitam
540 1219 763 1262 virtuosam
807 1221 1096 1277 gratificando,
1138 1225 1254 1267 cuius
1293 1226 1487 1281 probacio
1521 1232 1601 1270 est:
1642 1228 1747 1278 Quia

61 1301 263 1344 pauperes
285 1289 643 1343 ewangelisantur.
679 1291 863 1347 Septimo
886 1307 959 1335 nos
983 1296 1202 1338 accersivit
1222 1298 1394 1350 gradum
1413 1312 1656 1352 generosum
1675 1314 1745 1343 ex-

59 1359 252 1414 tollendo,
275 1361 390 1403 cuius
414 1361 605 1417 probacio
630 1366 709 1404 est:
743 1362 908 1418 Beatus,
930 1366 997 1419 qui
1030 1379 1110 1408 nou
1134 1367 1258 1411 fuerit
1279 1370 1578 1413 scandalisatus
1601 1371 1642 1413 in
1666 1386 1742 1415 me.

731 1619 831 1673 255,
866 1632 968 1675 app.
993 1622 1067 1664 59.

173 1715 482 1760 Commentator
513 1717 726 1761 Juvenalis
764 1734 889 1775 super
923 1721 1022 1764 illud
1056 1722 1269 1766 Juvenalis
1301 1724 1350 1766 de
1382 1724 1468 1767 celo
1501 1725 1616 1768 nothi
1647 1726 1743 1769 soli-

55 1792 120 1830 tus
159 1788 278 1841 dicit,
321 1789 428 1843 quod
467 1789 676 1831 oraculum
710 1791 948 1847 Appollinis
986 1794 1064 1836 fuit
1094 1795 1210 1837 nothi
1243 1795 1388 1838 solitus
1420 1796 1446 1838 i.
1472 1810 1504 1839 e.
1538 1797 1653 1839 nosci
1684 1802 1743 1840 te-

53 1860 203 1915 ipsum.
271 1859 388 1902 Unde
427 1861 562 1903 oracio
602 1861 904 1917 depingebatur
944 1865 995 1906 ad
1038 1866 1203 1908 modum
1244 1866 1442 1922 hominis,
1492 1868 1560 1923 qui
1600 1868 1745 1911 habuit

53 1935 178 1986 caput
217 1937 258 1974 et
294 1944 445 1987 corpus
483 1944 724 1975 conversum
766 1935 817 1977 ad
857 1935 1012 1988 celum3
1053 1951 1200 1992 ymago
1242 1952 1337 1980 vero
1377 1939 1457 1981 ista
1496 1939 1743 1983 fulciebatur

52 2004 80 2045 4
112 2003 268 2057 angelis
302 2007 343 2045 et
374 2003 545 2057 quilibet
577 2005 746 2058 angelus
781 2007 948 2049 tenebat
978 2009 1157 2050 rotulum
1194 2010 1234 2051 in
1268 2023 1392 2052 manu
1425 2024 1511 2053 sua.
1574 2010 1742 2054 Pictura

52 2075 176 2129 primi
208 2078 297 2116 erat
327 2075 405 2116 iste
438 2088 599 2117 versus:
642 2076 800 2131 Terris,
834 2079 949 2133 igne,
992 2081 1118 2134 mari,
1161 2085 1281 2123 vento
1315 2086 1409 2137 peto
1443 2082 1737 2138 predominari.

52 2145 217 2188 Pictura
248 2145 414 2188 secundi
449 2147 581 2200 angeli
617 2153 722 2190 erat:
757 2149 830 2191 Vir
862 2154 981 2205 pote,
1017 2165 1105 2192 sum
1140 2157 1292 2207 prest0‚
1326 2155 1360 2196 si
1393 2154 1579 2210 plangas,
1613 2155 1738 2197 comi-

50 2231 126 2258 nus
159 2221 258 2259 esto.
307 2216 473 2259 Pictura
504 2219 619 2260 tercii
653 2219 787 2272 angeli
822 2235 945 2275 quam
979 2222 1156 2265 habebat
1196 2224 1238 2265 in
1270 2238 1394 2267 manu
1429 2239 1502 2268 sua
1541 2229 1630 2268 erat
1668 2225 1738 2269 ille

52 2301 214 2331 versus:
248 2287 351 2330 Cum
383 2292 501 2343 petor
533 2290 703 2343 accedo3
737 2305 817 2333 non
851 2293 1050 2347 postulor,
1082 2294 1178 2336 inde
1203 2296 1360 2338 recedo.
1410 2296 1577 2339 Pictura
1602 2297 1737 2351 quarti

50 2359 185 2413 angeli
223 2373 344 2414 quam
386 2360 552 2402 tenebat
589 2361 631 2403 in
674 2375 797 2404 manu
839 2368 927 2406 erat
966 2364 1036 2407 ille
1076 2379 1237 2408 versus:
1279 2367 1442 2420 Adjuvo
1483 2372 1733 2424 constanter,

49 2445 129 2473 non
161 2431 304 2473 desero
338 2444 503 2486 pungna
534 2431 721 2475 libenter.

165 2504 237 2544 Ad
278 2505 552 2558 propositum.
623 2504 768 2546 Oracio
817 2505 1114 2561 depingebatur
1161 2522 1359 2551 conversa
1406 2510 1455 2552 ad
1503 2511 1633 2553 celum
1682 2512 1734 2554 ad

49 2573 346 2616 ostendendum
397 2574 503 2628 quod
545 2575 761 2630 postulans
801 2576 922 2620 debet
962 2592 1113 2633 ponere
1152 2593 1266 2635 spem
1307 2585 1348 2623 et
1385 2581 1577 2624 fiduciam
1616 2597 1733 2626 suam

47 2647 176 2687 totam
215 2644 258 2686 in
289 2645 499 2688 dominum
539 2650 579 2688 et
619 2660 700 2688 non
733 2647 911 2690 hesitare
951 2649 1001 2692 de
1032 2650 1236 2705 peticione
1269 2652 1437 2706 homini,
1478 2657 1524 2695 ut
1559 2653 1733 2697 habetur

48 2715 98 2758 de
128 2715 312 2770 Helizeo,
346 2717 415 2771 qui
447 2717 582 2759 oravit
612 2717 823 2760 dominum
857 2733 930 2774 pro
964 2734 1090 2776 puero
1122 2726 1283 2765 mortuo
1317 2728 1356 2766 et
1387 2725 1526 2766 statim
1559 2726 1639 2768 fuit
1667 2740 1731 2770 re-

48 2787 292 2842 suscitatus⁷
334 2791 379 2830 ut
410 2788 560 2830 dicitur
591 2790 618 2830 4
650 2788 749 2843 Reg.
783 2791 822 2832 4.
873 2790 927 2832 Et
959 2792 1258 2847 depingebatur
1288 2807 1378 2837 cum
1411 2797 1438 2836 4
1471 2796 1627 2850 angelis
1659 2810 1730 2840 no-

48 2858 241 2913 tandum,
291 2859 398 2914 quod
447 2859 581 2913 angeli
622 2873 785 2916 semper
824 2866 919 2904 sunt
957 2864 1091 2918 parati
1131 2866 1342 2908 oraciones
1383 2870 1546 2909 nostras
1584 2867 1730 2912 offerre

7 2951 10 2954 ⁴
54 2933 149 2972 ante
187 2931 419 2985 dominum,
459 2935 504 2973 ut
542 2931 715 2974 habetur
754 2932 803 2975 de
842 2932 1061 2990 Rapheoli,
1101 2937 1169 2990 qui
1211 2937 1316 2978 dixit
1353 2937 1525 2981 Thobie:
1566 2939 1728 2993 quando
