1949 3162
1004 60 1089 102 640

212 170 577 213 instrumentorum
611 165 872 208 musicorum.
905 166 1024 208 Alius
1048 167 1190 221 pictor.
1225 165 1392 207 Tercius
1417 165 1640 220 speciarius
1672 165 1758 208 sive
1780 179 1877 221 apo-

213 241 401 283 tecarius.
435 239 611 289 Quartus
643 239 894 292 coquearius.
929 236 1102 286 Quintus
1133 236 1238 278 leno.
1273 237 1385 278 venit
1416 249 1509 289 ergo
1542 237 1698 291 primus
1731 236 1781 278 ad
1814 249 1876 278 so-

213 325 343 354 rorem
378 324 493 352 suam
527 314 668 365 petens
702 310 752 351 ab
785 323 832 351 ea
862 309 983 350 istam
1007 308 1200 363 lapidem,
1235 320 1311 361 que
1333 307 1567 362 respondit:
1601 307 1691 349 volo
1713 321 1787 362 pro
1814 321 1877 349 me

212 382 373 425 habere.
419 381 474 423 At
506 380 592 422 ille:
634 380 724 422 volo
758 395 781 422 a
812 384 851 422 te
885 392 1038 431 emere3
1073 383 1114 421 at
1145 379 1234 420 illa:
1270 378 1366 433 quid
1399 377 1513 419 dabis
1546 378 1644 420 mihi
1677 391 1751 433 pro
1783 378 1877 420 illo?

211 453 443 508 respondit:
485 452 630 494 faciam
670 452 744 494 tibi
786 450 1000 507 pulchrum
1041 463 1185 491 sonum
1227 463 1316 490 cum
1356 449 1629 491 instrumento
1668 463 1770 491 meo.
1823 450 1879 491 At

212 524 301 566 illa:
336 524 433 579 quid
464 524 613 565 faciam
646 527 853 565 transacto
888 521 1036 574 sonitu,
1070 534 1149 562 non
1183 520 1254 562 fiat
1285 520 1359 562 tibi
1391 534 1464 575 pro
1496 520 1569 561 tali
1601 521 1753 575 preti03
1786 520 1876 562 volo

211 610 278 638 me
316 595 463 650 nuptui
503 594 665 636 tradere
705 608 795 636 cum
838 607 883 635 eo
929 598 969 634 et
1014 591 1235 634 honorifice
1283 592 1431 633 vivere.
1496 590 1705 633 Secundus
1751 591 1879 633 frater

212 667 401 708 similiter
453 669 596 721 petens
643 665 821 721 lapidem
871 668 911 706 et
958 663 1029 704 illa
1075 667 1251 716 negante
1298 676 1340 704 se
1381 662 1556 704 vendere
1603 661 1797 704 offerebat
1841 663 1877 704 ei

211 752 285 793 pro
326 737 393 778 illo
441 737 652 792 pulchram
702 737 918 792 picturam.
975 734 1142 776 Tercius
1185 734 1352 775 veniens
1393 732 1587 775 offerebat
1627 747 1751 775 unum
1784 746 1878 775 con-

210 809 375 851 fectum.
417 807 594 858 Quartus
626 821 721 850 vero
755 821 844 849 cum
879 805 1116 848 desiderans
1149 804 1345 847 offerebat
1375 818 1500 846 unum
1533 804 1684 846 bonum
1717 805 1879 859 pipera-

211 884 312 922 tum.
365 879 538 929 Quintus
571 892 667 920 vero
700 879 861 920 dicebat
892 877 999 932 quod
1033 876 1199 918 duceret
1231 890 1319 918 eam
1361 890 1433 931 pro
1466 875 1535 917 illo
1569 875 1620 917 ad
1650 875 1877 930 lupanaria.

213 951 291 993 Sed
325 951 438 1004 virgo
471 950 542 992 hec
576 950 714 991 omnia
746 950 858 991 abire
888 949 985 991 fecit
1017 952 1056 990 et
1086 947 1265 1002 lapidem
1300 961 1372 1002 pro
1395 961 1437 988 se
1459 947 1640 988 retinuit.
1687 946 1786 988 Post
1806 946 1880 988 hec

213 1023 325 1064 venit
357 1022 406 1063 ad
446 1035 536 1064 eam
576 1035 650 1064 rex
693 1020 855 1076 quidam
898 1019 1136 1073 magnificus
1179 1022 1321 1073 petens
1362 1017 1411 1060 ab
1450 1031 1498 1060 ea
1536 1017 1730 1073 lapidem.
1793 1017 1878 1067 Que

212 1093 443 1148 respondit:
479 1093 642 1134 domine
674 1091 799 1134 nichil
830 1091 959 1133 habeo
992 1090 1103 1132 aliud
1137 1093 1272 1144 preter
1303 1089 1426 1131 istum
1459 1088 1653 1144 lapidem,
1686 1088 1783 1143 quid
1810 1088 1880 1130 da-

212 1164 308 1206 bitis
340 1164 440 1205 mihi
471 1164 589 1206 inde?
622 1163 849 1218 Respondit
869 1176 961 1205 rex:
996 1176 1068 1217 pro
1101 1161 1179 1202 isto
1210 1161 1348 1215 lapide
1382 1161 1577 1216 accipiam
1611 1165 1652 1202 te
1683 1160 1726 1201 in
1758 1173 1880 1214 spon-

213 1249 300 1278 sam
333 1249 467 1278 meam
500 1240 540 1278 et
570 1235 718 1277 faciam
758 1239 798 1277 te
835 1234 1020 1287 reginam
1060 1245 1252 1286 magnam
1290 1236 1329 1274 et
1368 1232 1472 1274 dabo
1513 1232 1587 1274 tibi
1627 1230 1880 1273 affluentiam

214 1307 395 1349 omnium
429 1307 626 1349 bonorum
661 1319 737 1360 que
769 1305 1018 1347 desideravit
1049 1304 1186 1345 anima
1217 1307 1299 1345 tua.
1352 1303 1409 1345 At
1439 1303 1529 1344 illa:
1571 1303 1734 1345 domine
1765 1306 1881 1344 tanta

214 1383 276 1421 est
305 1377 610 1432 magnificentia
640 1381 778 1419 vestra
816 1376 923 1431 quod
955 1375 1069 1418 vobis
1101 1374 1280 1429 lapidem
1313 1388 1463 1428 negare
1495 1374 1652 1426 nescio3
1695 1373 1881 1416 libentis-

214 1450 315 1492 sime
346 1450 464 1492 trado
496 1463 589 1491 eum
621 1449 749 1502 vobis,
784 1452 824 1490 et
856 1448 893 1490 ei
924 1447 1048 1488 dedit.
1086 1445 1210 1499 Virgo
1242 1445 1314 1487 illa
1346 1449 1407 1488 est
1439 1445 1588 1499 anima,
1620 1444 1727 1500 lapis
1760 1458 1880 1499 quem

213 1521 336 1563 habet
367 1525 428 1563 est
460 1520 648 1562 voluntas
680 1519 798 1562 liberi
830 1518 1002 1561 arbitrii.
1056 1517 1242 1571 Quinque
1274 1517 1421 1558 fratres
1453 1520 1549 1558 sunt
1580 1516 1758 1570 quinque
1790 1529 1882 1558 sen-

214 1607 282 1634 sus
316 1592 511 1648 corporis.
565 1591 728 1633 Primus
768 1590 837 1646 qui
878 1594 940 1632 est
977 1589 1120 1630 histrio
1154 1591 1216 1630 est
1246 1588 1420 1629 auditus.
1475 1587 1685 1629 Secundus
1721 1587 1789 1641 qui
1821 1590 1882 1629 est

215 1664 347 1719 pictor
379 1668 441 1706 est
470 1664 594 1705 visus.
630 1663 796 1704 Tercius
830 1661 898 1715 qui
931 1664 992 1702 est
1024 1659 1249 1715 speciarius
1282 1664 1344 1701 est
1374 1659 1580 1701 odoratus.
1614 1658 1790 1708 Quartus
1813 1658 1882 1712 qui

214 1735 454 1790 coquearius
494 1739 555 1776 est
593 1738 748 1788 gustus.
803 1733 977 1783 Quintus
1017 1732 1085 1786 qui
1124 1734 1186 1773 est
1222 1731 1313 1773 leno
1356 1734 1417 1772 est
1454 1734 1586 1772 tactus
1626 1730 1721 1784 quia
1758 1729 1801 1771 in
1834 1743 1880 1771 eo

215 1807 347 1860 magis
369 1806 480 1859 viget
511 1805 755 1847 sensualitas
789 1807 829 1846 et
849 1804 1038 1845 incurvat
1060 1803 1238 1844 animam
1263 1802 1314 1843 ad
1337 1816 1438 1857 opus
1461 1801 1662 1844 illicitum.
1697 1800 1765 1842 Sic
1786 1814 1881 1854 ergo

214 1878 287 1920 illa
318 1878 431 1931 virgo
462 1878 608 1919 fuisset
646 1875 891 1918 stultissima
930 1875 964 1916 si
1003 1887 1076 1929 pro
1117 1873 1253 1928 aliquo
1293 1873 1568 1928 predictorum
1609 1875 1695 1914 tam
1733 1871 1881 1913 vilissi-

216 1963 377 1991 morum
414 1948 594 2004 lapidem
632 1948 813 1990 dedisset
850 1946 1094 2002 preciosum.
1157 1945 1218 1987 Ita
1259 1945 1346 1986 sine
1393 1943 1530 1999 aliqua
1577 1942 1882 1999 comparatione

216 2020 460 2062 stultissima
492 2023 554 2061 est
584 2019 722 2060 anima
760 2032 838 2073 que
877 2031 950 2073 per
982 2022 1146 2059 cantum
1179 2015 1386 2058 seducitur
1425 2019 1465 2057 et
1501 2015 1741 2069 fascinatur,
1785 2027 1880 2067 ergo

217 2104 476 2146 summopere
507 2090 628 2133 debet
657 2090 779 2132 reniti
811 2103 861 2131 ne
893 2102 966 2144 per
998 2092 1152 2130 tactum
1185 2087 1413 2130 seducatur.
1461 2086 1609 2129 Amen.

892 2342 992 2398 ⁶243,
1026 2355 1129 2397 app.
1153 2341 1221 2385 47.

336 2446 508 2497 Quidam
555 2445 822 2501 philosophus
860 2447 1020 2498 narrat,
1067 2443 1174 2498 quod
1221 2442 1299 2485 sibi
1333 2441 1475 2484 traditi
1522 2444 1639 2484 erant
1683 2444 1766 2482 tres
1813 2439 1886 2481 filii

220 2518 432 2573 cujusdam
463 2517 571 2570 regis
604 2516 654 2558 ad
685 2516 1002 2559 informandum.
1059 2514 1167 2565 Quos
1204 2527 1293 2556 cum
1327 2514 1428 2556 bene
1458 2512 1734 2564 instruxisset,
1768 2514 1907 2566 pater-

221 2603 361 2632 eorum
392 2588 533 2630 volens
571 2588 675 2629 scire
714 2587 811 2642 quid
849 2587 1042 2630 libentius
1082 2585 1263 2627 colerent
1298 2598 1372 2640 pro
1405 2585 1479 2627 deo
1518 2597 1603 2626 suo.
1657 2582 1696 2625 A
1727 2582 1886 2624 seniore

222 2660 399 2715 quesivit
431 2659 527 2714 quid
557 2658 680 2701 vellet
712 2658 859 2701 habere
890 2672 964 2713 pro
997 2658 1070 2699 deo
1103 2670 1188 2698 suo.
1248 2655 1506 2698 Consuetudo
1539 2657 1627 2696 erat
1656 2658 1754 2696 tunc
1782 2656 1886 2695 tem-

221 2732 334 2787 poris
374 2731 482 2785 quod
511 2730 696 2772 homines
735 2729 940 2783 elegerent
970 2728 1066 2783 quid
1098 2740 1173 2783 pro
1204 2727 1277 2769 deo
1310 2740 1381 2768 suo
1413 2726 1565 2768 vellent
1596 2724 1755 2766 habere.
1810 2723 1887 2765 Re-

223 2802 389 2858 spondit
417 2801 539 2855 filius,
572 2800 678 2856 quod
709 2800 906 2842 libencius
938 2799 1089 2842 coleret
1125 2812 1197 2854 pro
1230 2798 1304 2840 deo
1337 2810 1408 2839 suo
1438 2796 1596 2839 Jovem.
1644 2794 1719 2837 Cui
1749 2798 1885 2849 pater:

223 2873 310 2923 Qua
341 2873 390 2915 de
421 2872 568 2914 causa?
608 2871 834 2926 Respondit
864 2871 972 2913 filius
1004 2870 1110 2925 quod
1143 2873 1251 2911 esset
1281 2883 1353 2924 pre
1385 2867 1529 2910 ceteris
1562 2866 1708 2919 dicior,
1739 2865 1888 2907 forcior

224 2948 264 2986 et
293 2944 515 3000 potencior.
571 2943 644 2985 Cui
678 2948 814 2998 pater:
861 2941 1055 2983 Potencia
1089 2941 1223 2995 inquit
1253 2953 1334 2981 non
1364 2939 1462 2980 facit
1493 2951 1619 2980 unum
1651 2937 1770 2979 deum
1802 2949 1886 2977 me-
