1954 3137
212 2752 249 2792 με)

212 2893 251 2932 90

984 81 1066 121 112

292 185 445 226 Narrat
477 184 701 225 alexander
733 184 782 226 de
814 185 976 225 naturis
1008 198 1149 226 rerum
1183 184 1291 237 quod
1323 185 1366 225 in
1399 183 1520 225 domo
1553 181 1768 235 eujusdam
1792 181 1870 223 im—

294 255 510 310 peratoris,
563 253 701 299 (Fiseh
734 255 996 306 umkehren.)
1045 269 1174 308 germ.
1200 255 1267 296 62.

293 326 380 367 Rex
414 325 581 379 quidam
607 327 798 378 regnavit
820 326 861 366 in
886 326 1000 379 eujus
1024 326 1200 380 imperio
1224 329 1313 367 erat
1336 325 1503 379 quidam
1522 323 1688 377 juvenis
1710 325 1869 377 captus.

296 396 669 447 (Raubertoohter.)
718 396 788 438 lat.
814 397 854 437 5.

293 466 376 508 Leo
425 467 617 519 regnavit
664 468 733 520 qui
782 468 885 508 miro
935 467 1056 509 modo
1107 467 1299 522 pulchras
1340 465 1554 521 ymagines
1596 468 1636 507 et
1674 463 1870 518 virgines.

295 536 484 587 (Statuen
518 537 761 590 bestehlen.)
811 539 882 579 lat.
908 539 946 579 8.

236 641 244 648 .
296 607 391 649 Otto
431 609 622 661 regnavit
662 609 705 650 in
746 609 860 662 cujus
900 609 1076 663 imperio
1120 611 1210 649 erat
1247 607 1415 661 quidam
1449 606 1641 648 sacerdos
1673 604 1870 647 lubricus.

296 678 629 732 (Hundsquelle.)
679 679 749 721 lat.
782 681 844 721 12.

237 782 245 790 .
296 749 471 798 Quidam
505 750 699 805 princeps
734 754 823 792 erat
855 751 925 804 qui
958 749 1133 791 multum
1166 748 1399 791 delectabat
1420 748 1576 790 venari.
1627 747 1768 800 (Furst
1788 747 1873 789 und

294 821 553 871 kaufmann.)
601 820 672 862 lat.
698 822 765 862 513.

296 891 413 932 Titus
446 892 488 932 in
522 891 690 933 civitate
722 892 913 945 regnavit
945 892 1015 946 qui
1047 892 1194 933 statuit
1225 905 1300 946 pro
1333 891 1423 944 lege
1456 890 1564 945 quod
1597 890 1684 933 dies
1718 889 1873 945 primo-

295 962 435 1014 geniti.
486 962 666 1014 (Foous.)
716 962 786 1004 lat.
813 964 882 1003 57.

294 1032 381 1074 Rex
415 1033 583 1086 quidam
617 1034 806 1086 regnavit
837 1034 1004 1075 nomine
1038 1033 1256 1075 asmodeus
1291 1033 1360 1088 qui
1394 1033 1541 1075 statuit
1569 1032 1679 1087 quod
1702 1031 1874 1086 quicun-

296 1117 387 1158 que.
438 1103 555 1154 (Drei
588 1104 858 1158 wahrheiten,
891 1105 1000 1155 frei.)
1053 1105 1125 1146 lat.
1150 1105 1219 1146 58.

293 1174 464 1227 Legitur
497 1174 547 1216 de
580 1175 757 1228 quodam
791 1189 888 1228 rege
921 1176 991 1229 qui
1014 1175 1143 1217 filium
1168 1175 1335 1217 unicum
1359 1174 1549 1216 habebat.
1601 1173 1728 1226 (Funf
1744 1172 1874 1215 fassei·

296 1245 433 1296 wein.)
481 1245 552 1286 lat.
579 1246 647 1286 72.

237 1349 245 1357 .
293 1315 398 1357 Erat
438 1316 606 1370 quidam
646 1330 719 1358 rex
759 1316 827 1370 qui
868 1316 999 1358 filium
1031 1321 1195 1359 tantum
1229 1317 1396 1358 unicum
1428 1316 1618 1358 habebat.
1674 1316 1873 1368 (Narren-

297 1386 437 1441 apsel.)
484 1387 555 1428 lat.
582 1387 650 1427 74.

293 1457 528 1499 Peneianus
568 1459 610 1499 in
652 1457 751 1499 urbe
793 1471 965 1500 romana
1004 1459 1195 1512 regnavit
1234 1459 1416 1513 prudens
1457 1457 1590 1500 valde.
1645 1457 1736 1509 (VII
1768 1471 1873 1513 sap„

296 1528 499 1580 rahmen.)
549 1542 677 1581 germ.
702 1529 772 1570 40.

208 1600 246 1640 3.
296 1599 357 1650 (In
398 1600 446 1640 12
480 1599 861 1652 eingesehaehtelt.)
916 1599 1020 1641 Erat
1060 1601 1228 1655 quidam
1269 1600 1486 1653 burgensis
1528 1600 1571 1641 in
1608 1599 1777 1642 civitate
1809 1612 1875 1641 ro-

295 1684 431 1711 mana.
483 1670 645 1723 (Baum,
678 1670 753 1711 VH
787 1671 894 1725 sap.)

295 1741 414 1782 Miles
449 1741 616 1794 quidam
651 1744 741 1783 erat
771 1741 841 1794 qui
863 1754 957 1783 oum
979 1741 1145 1783 1111161111]
1169 1741 1299 1783 filium
1322 1742 1505 1784 haberet.
1555 1741 1690 1794 (Ohne
1710 1742 1874 1793 moral.)

298 1811 451 1864 (Humi,
482 1811 556 1853 VH
589 1817 694 1866 sap.)
743 1826 871 1864 germ.
897 1814 966 1854 41.

239 1915 247 1923 .
295 1882 470 1931 Quidam
519 1883 748 1937 imperator
790 1883 869 1924 fuit
909 1883 977 1936 qui
1016 1883 1216 1925 forestam
1258 1884 1465 1938 quandam
1505 1884 1662 1927 habuit.
1727 1883 1874 1938 (Eber,

296 1952 371 1994 Vll
405 1954 511 2007 sap.)

297 2023 464 2065 Dudum
497 2023 577 2064 fuit
608 2024 650 2064 in
684 2024 851 2065 civitate
885 2025 1063 2078 quadam
1098 2026 1266 2079 quidam
1300 2039 1427 2068 senex
1449 2026 1582 2068 miles.
1632 2026 1765 2079 (Ohne
1787 2039 1875 2068 mo*

296 2094 389 2146 ral.)
440 2094 783 2148 (Haussohliissel,
814 2094 889 2136 VH
921 2109 1024 2150 sap..
1058 2096 1341 2150 vollstandig.)

241 2198 249 2206 .
297 2165 465 2206 Dudum
499 2169 588 2206 erat
619 2166 662 2206 in
695 2166 862 2207 civitate
895 2180 1068 2208 romana
1103 2167 1221 2209 miles
1255 2167 1422 2221 quidam
1447 2181 1685 2221 generosus.
1732 2167 1877 2210 Brieht

298 2236 446 2277 mitten
479 2237 535 2277 im
567 2240 679 2278 texte
712 2236 775 2278 ab.
827 2236 999 2287 (Thurm
1032 2237 1253 2292 Herodots,
1284 2238 1359 2280 Vll
1392 2242 1499 2294 sap.)
1547 2252 1676 2292 germ.
1700 2239 1769 2281 42.

696 2376 887 2411 XXXIII.
926 2375 1017 2411 cod.
1035 2377 1186 2420 Lignit.
1205 2377 1264 2423 18,
1291 2378 1361 2412 fol.

628 2441 680 2474 Bl.
701 2440 739 2485 O,
761 2443 809 2475 la
827 2461 865 2465 —
885 2442 921 2485 P,
944 2442 1025 2476 1272.
1076 2442 1156 2477 XV.
1177 2442 1230 2487 jh.
1281 2444 1325 2476 62
1352 2453 1430 2486 eap.

299 2529 509 2584 Incipiunt
539 2533 657 2583 gesta
688 2543 969 2572 romanorum.

241 2643 250 2652 .
298 2611 361 2653 De
394 2612 612 2653 sedicione.
662 2612 895 2655 Dorotheus
928 2614 1158 2668 imperator
1190 2613 1337 2655 statuit
1363 2613 1563 2668 prolege.
1613 2613 1758 2665 (Vater
1777 2614 1876 2656 oder

299 2686 454 2724 mutter
486 2683 655 2735 folgen.)
705 2683 776 2724 lat.
805 2685 871 2724 14.

299 2752 511 2806 Dyabolus
560 2753 789 2807 perturbat.
862 2754 1095 2807 Gorgonius
1143 2754 1336 2808 regnavit
1381 2754 1423 2795 in
1471 2755 1640 2797 civitate
1687 2769 1873 2797 romana.

301 2822 444 2873 (Vater
477 2823 625 2876 heilen,
659 2828 813 2865 mutter
846 2825 991 2874 nieht.)
1041 2825 1111 2867 lat.
1141 2826 1234 2866 112.

299 2891 362 2933 Ι)6
394 2893 517 2934 beata
548 2895 707 2947 virgine
740 2898 815 2935 eto.
865 2895 1079 2937 Adomaus
1110 2896 1301 2949 regnavit
1332 2896 1446 2937 dives
1469 2896 1601 2938 valde.
1651 2896 1874 2948 (Turnier.)

300 2962 370 3003 lat.
402 2965 494 3004 113.
