1954 3137
184 178 252 218 91.

184 319 252 360 92.

183 462 251 501 §vt-3.

185 603 253 642 94.

185 744 254 785 95.

186 886 255 926 96.

186 1028 255 1068 97.

188 1170 256 1211 99.

188 1312 256 1353 99.

161 1455 256 1495 100.

162 1597 257 1637 101.

164 1738 259 1778 102.

166 1880 260 1920 103.

166 2022 262 2063 10-1.

168 2163 262 2204 105.

169 2306 263 2347 106.

170 2447 264 2487 107.

175 2589 267 2629 108.

172 2730 266 2771 109.

176 2872 271 2912 110.

963 65 1046 108 152

302 176 443 218 Refert
466 174 646 216 valerius
671 173 779 228 quod
805 177 894 215 erat
916 172 1082 227 quidam
1107 185 1210 227 puer
1233 172 1413 226 quinque
1437 184 1651 213 annorum.
1691 170 1852 223 (Knabe

303 247 386 288 und
421 245 635 300 Delphin.)
685 258 780 300 app.
806 246 874 285 71.

303 318 445 359 Refert
480 316 658 358 valerius
692 315 800 370 quod
834 315 875 356 in
909 314 1041 356 Roma
1073 313 1178 355 vidit
1208 313 1251 354 in
1273 326 1354 355 una
1378 313 1601 369 columpna
1620 314 1647 355 4
1667 313 1850 356 letteras.

308 388 367 437 (P.
394 387 434 429 S.
458 387 505 429 R.
530 387 593 437 F.)
641 386 713 428 lat.
738 387 807 428 42.

301 459 405 500 Erat
446 458 612 513 quidam
658 457 778 498 homo
819 457 886 510 qui
930 455 1058 498 semel
1097 455 1274 497 debebat
1306 455 1484 497 transire
1517 454 1567 497 de
1598 468 1679 496 uno
1712 467 1851 509 regno.

301 529 516 579 (Briieke.)
566 542 694 582 germ.
719 528 787 569 53.

305 601 418 642 Dieit
450 599 642 655 ysidorus
675 598 780 640 libre
811 597 906 639 Eth.
932 597 1041 652 quod
1071 597 1112 638 in
1137 597 1270 639 sieilia
1293 600 1389 639 sunt
1411 596 1490 638 duo
1512 596 1660 638 fontes.
1709 594 1854 646 (Wun—

306 671 480 713 derbare
512 669 692 719 wasser.)
740 682 835 723 app.
860 668 929 709 57.

305 742 367 784 De
398 741 635 783 hominibus
658 740 739 794 jam
766 742 828 781 est
847 738 1113 793 loquendum.
1155 738 1273 780 Unde
1296 738 1397 780 dicit
1416 738 1572 793 plinius
1595 741 1636 780 et
1658 737 1856 791 Augusti-

303 827 393 854 nus.
446 811 749 863 (Wunderbare
781 810 1036 862 menschen.)
1083 809 1155 851 lat.
1184 810 1279 851 175.

303 882 485 936 Regulus
519 881 661 923 consul
694 881 846 923 bellum
882 885 1026 923 eontra
1059 881 1398 934 carthaginenses
1424 880 1608 922 sortitus.
1659 878 1855 933 (Regulus

305 955 387 996 und
422 954 488 995 die
521 953 747 1005 sehlange.)
797 965 891 1007 app.
917 953 986 993 72.

304 1026 349 1067 In
392 1024 527 1066 medio
568 1037 682 1065 rome
722 1023 763 1064 in
807 1023 983 1077 quodam
1024 1023 1114 1064 loeo
1156 1026 1302 1078 aperta
1343 1025 1406 1064 est
1435 1025 1560 1063 terra.
1625 1020 1857 1073 (Curtius.)

303 1097 375 1138 lat.
400 1097 469 1136 43.

306 1166 508 1222 Tyberius
561 1165 753 1218 regnavit
799 1165 868 1218 qui
917 1167 1129 1220 sumptum
1177 1165 1399 1220 imperium
1450 1163 1632 1219 prudens
1676 1163 1856 1216 ingenio.

308 1237 569 1290 <Dehnbares
602 1236 723 1290 glas.)
771 1235 842 1277 lat.
867 1236 937 1277 44.

304 1310 434 1351 Reme
466 1309 681 1349 inventum
717 1311 779 1349 est
811 1321 962 1363 eorpus
994 1307 1174 1361 gigantis
1207 1307 1510 1362 incorruptum.
1564 1303 1859 1357 (Riesenleieh-

307 1381 435 1431 nam.)
483 1379 555 1421 lat.
584 1379 679 1420 158.

306 1451 484 1502 Quidam
517 1451 747 1505 imperator
780 1453 870 1491 erat
901 1450 942 1491 in
978 1449 1158 1504 quodam
1190 1449 1298 1491 bello
1330 1447 1510 1490 mortali.
1560 1447 1744 1500 (Narben
1776 1447 1859 1489 zei-

307 1523 416 1576 gen.)
464 1522 536 1563 lat.
563 1523 630 1562 87.

306 1594 410 1636 Erat
441 1593 608 1647 quidam
632 1592 861 1647 imperator
885 1592 953 1646 qui
976 1591 1121 1633 habuit
1142 1592 1307 1633 unicam
1330 1591 1472 1633 filiam.
1519 1589 1858 1644 (Kaisertoehter,

307 1665 490 1720 pallast.)
540 1677 669 1717 germ.
695 1663 764 1704 22.

307 1736 479 1789 Legitur
511 1735 553 1775 in
588 1734 683 1775 vitis
716 1737 883 1789 patrum
916 1733 1025 1788 quod
1049 1737 1225 1788 quatuor
1248 1736 1367 1776 erant
1389 1733 1628 1775 heremitae.
1679 1731 1861 1784 (Grbsste

308 1806 494 1859 tugend.)
545 1819 639 1860 app.
670 1809 704 1846 1.

309 1877 486 1927 Quidam
504 1890 577 1918 rex
595 1876 931 1931 nobilissapiens
951 1880 1074 1930 atque
1093 1876 1206 1918 dives
1225 1889 1395 1918 uxorem
1415 1875 1572 1917 habuit.
1599 1873 1861 1926 (Sehiessen.)

309 1949 381 1990 lat.
406 1948 475 1989 45.

312 2019 488 2070 Quidam
530 2019 597 2060 fur
640 2018 691 2059 ad
732 2018 901 2059 domum
943 2018 1157 2072 eujusdam
1191 2018 1332 2060 divitis
1364 2021 1490 2060 noctu
1521 2018 1646 2060 venit.
1701 2016 1863 2070 (Mond-

311 2090 472 2141 strahl.)
521 2089 592 2131 lat.
623 2090 717 2130 136.

311 2162 487 2212 Quidam
522 2160 641 2202 miles
676 2159 881 2214 quendam
916 2173 1054 2213 regem
1089 2174 1112 2201 3
1146 2173 1225 2214 quo
1257 2160 1448 2202 feodatus
1481 2163 1582 2202 erat.
1638 2159 1762 2212 (Halb
1794 2173 1864 2213 ge-

311 2232 469 2283 ritten.)
516 2232 588 2273 lat.
616 2232 711 2272 124.

313 2304 447 2345 Erant
479 2303 558 2344 duo
591 2302 742 2343 fratres
776 2301 963 2343 carnales
997 2315 1102 2344 unus
1136 2301 1310 2344 010110115
1344 2305 1385 2344 01
1414 2301 1518 2344 alter
1541 2301 1697 2358 laycus.
1747 2301 1866 2353 (Drei

312 2374 599 2418 buohstaben.)
647 2386 775 2426 germ.
800 2374 868 2414 26.

315 2445 491 2494 Quidam
539 2444 810 2499 philosophus
858 2448 1002 2485 narrat
1046 2444 1153 2498 quod
1193 2444 1272 2485 sibi
1312 2444 1456 2486 traditi
1494 2447 1613 2486 erant
1650 2447 1734 2486 tres
1775 2442 1862 2485 filii.
1905 2466 1911 2470 »

316 2516 478 2566 (001101
511 2515 704 2566 wahlen.)
752 2528 848 2569 app.
873 2515 943 2556 47.

318 2587 504 2628 Habetur
536 2586 578 2627 in
613 2586 792 2640 quodam
826 2585 932 2627 libro
966 2586 1016 2628 de
1049 2586 1254 2641 colloquio
1287 2586 1395 2641 petri
1428 2585 1479 2628 ad
1510 2585 1686 2628 ihesum.
1741 2584 1870 2637 (Ffinf

317 2660 499 2707 narren.)
547 2657 617 2698 lat.
646 2658 741 2697 164.

318 2730 362 2770 In
403 2729 510 2769 vitas
553 2731 718 2782 patrum
761 2731 956 2768 narratur
996 2728 1105 2782 quod
1144 2727 1314 2782 angelus
1354 2727 1535 2769 ostendit
1565 2726 1729 2768 cuidam
1762 2725 1863 2768 seni.

320 2799 435 2851 (Drei
467 2803 650 2849 narren.)
698 2798 768 2839 lat.
802 2798 892 2839 165.

320 2870 474 2911 Narrat
506 2869 776 2924 philosophus
809 2869 852 2910 in
882 2869 987 2911 libro
1021 2869 1071 2911 de
1101 2869 1349 2911 animalibus
1375 2869 1483 2924 quod
1507 2869 1541 2910 si
1563 2868 1695 2910 voluit
1714 2868 1863 2910 faeere.

324 2940 597 2992 {(‘ilasasche.)
645 2940 715 2981 lat.
740 2941 840 2981 4ssl2.
