1919 3157
882 80 968 121 555

82 188 159 230 tibi
195 190 276 229 tria
317 190 540 229 mandata!
590 188 678 240 Que
715 190 753 229 si
784 188 1002 242 diliqenter
1032 186 1150 227 homo
1183 186 1440 235 custodierit,
1479 185 1536 225 ad
1564 198 1760 238 maynum

80 260 310 316 profectum
342 262 557 315 pervenire
585 268 722 315 posset
753 267 822 300 etc.
862 259 950 299 Rea·
978 260 1054 298 iste
1084 265 1142 298 est
1172 258 1352 308 crinitas,
1384 258 1429 296 in
1452 271 1534 311 qua
1566 263 1661 296 sunt
1681 263 1760 296 tres

81 346 254 387 persone
286 339 322 370 et
355 347 460 370 unas
499 333 617 374 deux,
661 347 784 386 quam
823 345 907 370 rem
940 344 1150 384 nimquam
1179 329 1408 383 poterimus
1439 327 1759 382 apprehendere,

83 404 282 458 quamdin
315 417 454 442 sunms
488 404 527 441 in
562 403 636 442 hoc
670 402 836 442 mortali
865 415 1050 455 corpore,
1083 400 1304 439 secundam
1337 400 1448 453 quod
1469 400 1569 438 (licit
1594 406 1760 453 aposto-

83 474 169 514 lus:
200 473 301 513 ‚Jam
335 475 515 513 ridemus
545 475 589 513 in
623 475 838 527 em'ymate,
868 480 1014 527 postea.
1038 470 1261 511 ridebimus
1283 471 1407 510 sicuti
1435 478 1502 509 est.
1545 469 1633 510 Nec
1653 468 1761 521 fides
1787 476 1809 510 5

82 544 201 585 hahet
234 546 434 595 metitum,
468 545 540 584 ubi
570 545 749 585 hnmana
784 544 896 583 rac-io
926 542 1066 598 prebet
1087 543 1419 596 arperimentum.
1460 540 1559 581 Item
1581 540 1764 581 salvator

82 617 127 656 in.
159 616 369 670 ecanyelio
402 617 615 671 respoudit
648 615 812 655 mulieri
840 615 1014 669 petenti:
1053 612 1160 664 Die,
1200 620 1245 652 ut
1281 613 1447 652 sedeant
1485 612 1546 652 lcii
1575 612 1655 653 duo
1684 611 1766 661 filii

84 689 164 727 mei
183 695 252 727 etc.
291 687 520 742 Respondit
541 687 745 727 salvator:
780 685 972 736 Nesvcitis,
998 685 1101 739 quid
1120 685 1280 739 petatis.
1318 682 1419 723 Item
1441 682 1601 723 dicebat
1620 683 1761 734 Petro,

84 760 272 813 querenti
301 759 351 798 de
382 760 735 799 consummem-ione
768 757 895 797 seculi
925 765 993 797 etc.
1042 755 1190 797 Dia-it.-
1222 754 1321 795 Non
1353 762 1411 794 est
1439 762 1616 794 vestrum
1646 767 1766 794 nosse

84 838 269 885 tempora
300 829 364 870 rel
395 838 595 870 momenta
617 838 686 870 etc.
723 829 829 870 Ecce
852 830 922 869 isti
941 826 1157 882 stupebant
1177 841 1263 866 rem
1285 825 1605 881 apprehendere,
1640 839 1765 879 quam
1791 829 1835 864 10

82 916 164 942 non
194 908 416 956 potuerunt
447 903 657 955 attinqere.

201 972 338 1013 Aliter
376 973 489 1012 istud
527 972 755 1027 eremplum
784 978 918 1026 potest
947 969 1092 1009 reduci
1122 968 1178 1008 ad
1208 967 1326 1018 illos,
1363 968 1436 1021 qui
1466 975 1667 1022 appetunt
1695 966 1766 1008 Ῐιο-

83 1058 203 1085 nores
234 1051 271 1084 et
301 1044 482 1084 divitia-s.
531 1043 780 1098 Eremplum
813 1042 862 1082 de
893 1040 1112 1094 Lucifero,
1147 1040 1221 1094 qui
1249 1053 1334 1079 rem
1365 1039 1554 1093 appetiit,
1587 1038 1658 1079 sed
1687 1039 1765 1078 im-

82 1114 280 1170 possibile
311 1116 350 1155 ei
379 1114 688 1170 apprehendere
719 1122 826 1163 erat,
869 1112 1034 1168 quando
1068 1110 1248 1151 dicebat:
1287 1109 1523 1150 Ascendam
1553 1123 1682 1164 usque
1713 1109 1770 1150 ad

84 1187 253 1226 tercium
285 1186 424 1227 celum.
481 1185 594 1236 Quid
624 1201 719 1241 erqo
751 1186 937 1240 sequitur
965 1183 1085 1239 post?
1134 1181 1185 1223 In
1214 1181 1426 1235 infernum
1457 1181 1611 1222 cecidit.
1665 1180 1768 1222 Item
1794 1187 1837 1222 15

86 1257 136 1298 de
163 1258 300 1312 primo
328 1266 526 1313 parente,
569 1259 644 1313 qui
679 1271 756 1312 per
787 1271 898 1297 esum
927 1256 1045 1310 pomi
1083 1255 1181 1295 deus
1220 1267 1304 1294 esse
1342 1253 1556 1304 voluisset,
1596 1260 1768 1308 propter

86 1329 199 1386 quod
228 1345 255 1369 a
280 1330 487 1384 paradiso
520 1337 578 1370 est
609 1328 804 1384 eaepulsus
837 1335 873 1368 et
904 1334 1073 1367 mortem
1103 1324 1185 1366 sibi
1213 1332 1251 1365 et
1279 1323 1398 1365 nobis
1422 1323 1608 1365 omnibus
1634 1339 1768 1379 para-

86 1402 154 1441 vit.
189 1398 366 1441 Consulo
400 1415 510 1456 erqo,
544 1408 589 1441 ut
620 1415 689 1440 ros
721 1400 866 1440 divites
898 1413 948 1438 ac
978 1397 1125 1437 mundi
1152 1403 1334 1450 potentes
1362 1395 1488 1437 nolite
1508 1410 1593 1437 rem
1614 1410 1767 1451 appre-

87 1471 279 1519 hendere,
321 1487 398 1527 que
429 1472 688 1527 apprehendi
716 1485 800 1511 non
831 1477 988 1526 potest,
1029 1469 1135 1508 sicut
1172 1475 1268 1508 sunt
1298 1466 1406 1508 bona
1443 1467 1690 1522 temporalia
1720 1482 1769 1508 ac

86 1543 214 1584 seculi
247 1543 442 1594 honores,
485 1558 561 1598 que
597 1556 814 1597 nunquam
850 1541 1050 1582 veraciter
1082 1546 1280 1594 poterunt
1317 1540 1404 1579 sine
1441 1539 1592 1579 damno
1634 1540 1770 1579 anime
1795 1547 1838 1581 20

87 1614 356 1670 apprehendi,
390 1616 496 1655 sicut
526 1615 627 1654 dicit
658 1613 893 1669 apostolus:
937 1610 1022 1663 Qui
1050 1611 1226 1652 voluerit
1255 1611 1368 1651 dives
1388 1610 1508 1663 fieri,
1545 1611 1696 1651 incidit
1724 1611 1770 1650 in

88 1685 256 1741 laqueos
288 1685 457 1726 diaboli.
513 1686 570 1726 Et
609 1685 701 1725 licet
739 1684 847 1726 bona
879 1683 1124 1734 obtinueris,
1166 1682 1332 1737 quando
1370 1682 1516 1722 melius
1547 1696 1690 1737 speras
1721 1682 1770 1722 de

87 1758 238 1799 eisdem
266 1758 469 1812 9audere,
510 1755 838 1811 defraudaberis.
893 1751 1014 1808 [143]
1050 1753 1301 1809 Exemplum
1331 1754 1381 1794 de
1409 1753 1484 1794 illo
1517 1754 1663 1805 divite,
1698 1754 1773 1808 qui

88 1828 270 1870 dicebat:
308 1828 538 1870 Destruam
575 1828 725 1869 horrea
753 1842 857 1868 mea.
910 1826 968 1868 Et
1007 1827 1147 1867 eadem
1177 1833 1292 1866 nocte
1323 1825 1540 1879 defunctus
1572 1832 1639 1865 est.
1695 1824 1771 1866 Se-

91 1901 270 1942 cundum
300 1900 544 1940 mandatum
583 1907 660 1940 est.-
700 1899 749 1940 de
786 1913 830 1939 re
864 1899 1034 1954 perdita
1066 1905 1103 1938 et
1131 1896 1450 1952 irrecuperabili
1477 1911 1560 1937 non
1592 1895 1774 1937 dolebis!
1796 1905 1841 1939 25

90 1970 325 2023 Carissimi,
368 1970 519 2012 debetis
550 1972 676 2022 scire,
720 1971 832 2025 quod
856 1984 936 2025 per
966 1984 1051 2010 rem
1077 1969 1289 2025 perditam
1306 1968 1507 2018 [debemus
1545 1967 1772 2021 intelliyere

91 2045 277 2098 corporis
308 2044 527 2084 sanitatem
557 2049 630 2082 aut
661 2042 846 2093 divitias,
881 2056 985 2096 quas
1017 2041 1116 2081 deus
1148 2040 1286 2094 aufert
1306 2039 1356 2080 ab
1380 2053 1439 2090 eo,
1476 2053 1594 2094 quem
1616 2038 1769 2093 diliyit,

79 2114 206 2168 juxta
243 2114 372 2155 illud:
412 2113 621 2168 Flaqellat
658 2127 815 2153 omnem
843 2112 985 2166 filium
1022 2127 1162 2163 suum,
1204 2125 1323 2166 quem
1360 2111 1509 2165 diliqit.
1565 2108 1651 2152 Sed
1681 2124 1773 2150 cum

90 2186 227 2241 aliqui
251 2185 370 2240 sacti
404 2192 500 2226 sunt
539 2186 622 2225 ceci
657 2184 799 2225 claudi
829 2191 902 2225 aut
931 2183 1109 2224 membro
1151 2182 1294 2238 aliquo
1331 2183 1492 2237 privati
1518 2181 1583 2221 vel
1613 2181 1771 2222 divitiis

90 2257 263 2312 spoliati
295 2264 329 2297 et
360 2256 471 2296 ultra
505 2269 628 2310 quam
661 2255 775 2296 credi
801 2262 935 2310 potest
964 2254 1103 2296 dolent
1132 2262 1170 2295 et
1196 2254 1359 2309 ¹qratias
1379 2253 1453 2294 deo
1474 2267 1560 2293 non
1581 2252 1770 2307 offerunt,
1797 2259 1843 2294 30

90 2329 195 2369 sicut
225 2327 342 2370 Esau
373 2326 546 2367 multum
577 2326 753 2378 dolebat,
788 2327 899 2381 quod
919 2326 1238 2367 benedictionem
1260 2325 1400 2380 patris
1422 2325 1562 2364 amisit
1583 2331 1618 2364 et
1638 2331 1773 2364 tamen

92 2399 270 2440 obtinere
306 2413 390 2440 non
425 2400 572 2454 potuit.
633 2397 825 2439 Tercium
858 2398 1102 2438 ‘mandatum
1140 2404 1217 2438 est:
1256 2395 1378 2437 verbo
1416 2393 1655 2436 incredibili
1689 2408 1772 2434 non

93 2471 262 2512 credas!
311 2469 362 2511 In
402 2472 480 2511 isto
519 2469 662 2520 verbo,
704 2469 931 2520 carissimi,
971 2467 1092 2509 multi
1127 2475 1222 2508 sunt
1251 2467 1412 2522 decepti
1438 2480 1514 2521 per
1545 2464 1770 2516 diabolum,

91 2542 291 2582 mundum
323 2549 358 2582 et
389 2555 563 2582 carnem.
614 2539 823 2581 Diabolus
855 2540 1037 2594 suyyerit
1066 2539 1196 2580 multa
1228 2546 1264 2580 et
1282 2537 1407 2592 falsa
1436 2537 1660 2592 promittit,
1696 2550 1773 2590 que

91 2620 188 2653 sunt
207 2612 483 2662 incredibilia,
517 2613 622 2652 sicut
643 2612 692 2651 de
722 2612 858 2666 primo
878 2618 1062 2665 parente,
1098 2611 1172 2665 qui
1190 2610 1365 2650 credidit
1389 2607 1570 2659 diabolo,
1605 2607 1771 2662 quando
1797 2615 1842 2650 35

93 2685 221 2725 dimit:
263 2682 314 2726 Si
344 2683 599 2724 comederitis
632 2682 681 2722 de
713 2682 846 2737 liquo,
889 2682 1002 2722 eritis
1033 2682 1139 2722 sicut
1169 2681 1246 2722 dei.
1301 2678 1486 2721 Credidit
1516 2686 1552 2719 et
1583 2685 1671 2718 erat
1701 2678 1771 2718 de-

94 2762 254 2810 ceptus,
296 2762 332 2796 et
368 2755 460 2795 ideo
492 2769 518 2794 a
544 2754 750 2808 paradiso
791 2760 848 2793 est
877 2753 1085 2807 eapulsus.
1138 2752 1368 2793 Promissio
1401 2749 1560 2792 diaboli
1590 2756 1679 2790 erat
1708 2750 1773 2790 in-

93 2825 303 2867 credibilis
330 2833 505 2881 propter
536 2825 640 2865 duo:
678 2825 838 2879 primo,
879 2824 979 2879 quia
1008 2823 1208 2875 mendax,
1241 2823 1440 2873 secundo,
1476 2822 1575 2876 quia
1607 2821 1704 2861 deus
1735 2821 1775 2862 ei

87 2897 306 2953 predixit.-
346 2895 398 2937 In
438 2910 682 2951 quacunque
713 2895 817 2935 hora
848 2894 1103 2935 comederitis
1141 2894 1190 2935 de
1222 2894 1358 2949 liano,
1398 2893 1642 2933 moriemini.
1699 2890 1774 2934 Sic

47 2976 50 2979 '
93 2968 214 3010 modo
252 2968 389 3023 aliqui
423 2975 559 3008 tamen
597 2967 769 3007 credunt
808 2965 999 3018 diabolo,
1040 2965 1193 3006 mundo
1231 2972 1269 3006 et
1305 2965 1445 3016 carni,
1486 2963 1599 3018 quod
1633 2963 1773 3004 statim
1795 2970 1843 3005 40
