1919 3157
874 51 954 92 411

78 147 250 191 Jonatas
283 148 397 192 illum
430 164 521 193 cum
555 152 696 196 lancea
729 155 952 210 perforavit
983 162 1023 199 et
1054 163 1239 201 mortuus
1263 164 1326 202 est
1348 166 1388 203 et
1409 163 1645 216 coquinario
1667 168 1750 205 tra·

79 218 203 272 ditus,
237 224 281 262 ut
313 234 387 276 pro
421 235 562 265 mensa
593 226 700 278 regis
729 232 1032 282 prepararetur.
1080 228 1165 272 Rex
1189 244 1283 272 vero
1306 232 1355 274 de
1378 233 1558 286 quolibet
1581 234 1750 276 animali

76 302 146 332 cor
178 289 270 345 plus
302 291 466 344 dilexit,
508 308 629 348 quam
671 296 825 351 aliquid
865 298 988 340 aliud.
1058 298 1187 342 Cocus
1227 315 1322 343 vero
1355 317 1445 345 cum
1479 318 1624 359 aprum
1659 319 1750 360 pre-

77 366 265 415 parasset
303 368 343 404 et
382 376 451 404 cor
492 365 643 419 pingue
683 367 872 418 vidisset,
916 371 1104 412 comedit.
1185 371 1263 414 Sed
1307 387 1397 416 cum
1439 376 1523 427 regi
1562 375 1611 418 de
1650 389 1749 431 apro

75 430 221 474 fuisset
260 446 284 474 a
314 434 581 477 servitoribus
622 438 920 490 ministratum,
961 454 1029 482 cor
1068 443 1263 496 quesivit,
1306 446 1524 487 servitores
1565 460 1658 489 vero
1698 447 1749 490 ad

74 503 356 556 coquinarium
390 505 599 548 redierunt
631 514 668 550 et
701 522 769 551 cor
801 512 890 565 apri
925 513 1186 567 appetebant.
1256 516 1313 556 At
1348 515 1436 557 ille:
1477 517 1553 558 Dic
1584 518 1748 560 domino

74 585 185 625 meo,
228 575 336 628 quod
368 589 467 631 aper
499 577 654 620 nullum
689 593 758 622 cor
795 580 989 635 habebat,
1032 589 1071 625 et
1109 585 1142 625 si
1184 599 1263 627 non
1303 587 1462 639 credat,
1503 602 1576 643 per
1615 590 1748 632 varias

73 644 258 687 raciones
292 645 426 700 obligo
461 661 524 690 me
558 651 783 693 ostendere.
849 651 964 695 Servi
998 654 1072 696 hoc
1105 656 1316 699 audientes
1349 660 1487 700 omnia
1519 660 1640 702 verba
1663 661 1749 714 regi

73 713 388 760 denunciabant.
459 719 531 762 Ait
562 735 655 762 rex:
690 721 792 771 Quid
827 729 889 765 est
920 724 1006 777 hoc,
1041 726 1147 779 quod
1181 727 1328 769 audio?
1380 728 1470 771 Non
1503 736 1564 772 est
1595 732 1748 774 animal

72 786 161 828 sine
208 788 348 840 corde3
397 790 468 831 sed
516 805 565 833 ex
613 806 692 846 quo
732 792 849 835 offert
888 808 930 836 se
970 796 1018 837 ad
1063 797 1339 852 probandum,
1388 814 1478 842 eum
1521 802 1746 845 audiemus

71 855 345 911 Coquinarius
378 867 465 903 erat
497 868 663 905 vocatus
696 864 746 905 ad
779 878 935 918 regem,
974 871 1018 908 ut
1050 868 1263 922 probaret,
1297 871 1403 925 quod
1437 885 1536 926 aper
1567 886 1636 915 cor
1667 888 1747 916 non

71 926 253 971 haberet.
322 930 398 981 Qui
432 933 508 974 ait:
541 933 717 976 Domine
750 936 819 988 mi,
852 936 991 979 audite
1028 940 1112 980 me!
1168 939 1311 982 Omnis
1343 943 1540 995 cogitacio
1575 958 1596 985 a
1628 945 1748 987 corde

71 999 276 1053 procedit3
318 1001 418 1044 bene
458 1005 663 1058 sequitur,
704 1006 737 1047 si
777 1006 891 1048 nulla
923 1013 984 1050 est
1015 1010 1213 1062 cogitacio
1246 1025 1319 1054 nec
1351 1026 1419 1054 cor
1458 1014 1608 1067 ullum3
1649 1029 1748 1072 aper

69 1069 147 1112 iste
170 1072 303 1126 primo
327 1073 497 1116 intravit
519 1075 679 1118 hortum
705 1082 745 1118 et
766 1077 896 1120 multa
918 1079 1026 1121 mala
1049 1082 1269 1135 commisit,
1292 1096 1365 1136 ego
1390 1098 1484 1126 vero
1508 1085 1582 1127 hoc
1606 1087 1747 1129 videns

69 1153 208 1184 aurem
242 1143 328 1197 ejus
351 1145 560 1188 sinistram
595 1147 770 1199 abscidi;
803 1150 837 1190 si
869 1162 939 1191 cor
970 1150 1194 1205 habuisset,
1226 1153 1276 1195 de
1308 1168 1405 1197 aure
1435 1156 1617 1199 abscissa
1638 1159 1747 1212 cogi-

67 1216 217 1264 tasset3
250 1215 322 1256 sed
354 1216 427 1258 hoc
460 1231 540 1259 non
572 1218 681 1272 fecit,
716 1220 811 1274 quia
840 1221 987 1263 iterato
1020 1222 1203 1277 intravit,
1238 1238 1333 1278 ergo
1356 1240 1425 1268 cor
1446 1241 1526 1269 non
1550 1228 1745 1281 habebat3

67 1284 165 1326 item
198 1285 232 1327 si
264 1299 333 1328 cor
365 1286 588 1341 habuisset,
622 1290 783 1344 quando
817 1305 955 1334 aurem
983 1293 1168 1336 dextram
1204 1295 1373 1349 abscidi,
1406 1297 1481 1340 hoc
1513 1301 1745 1355 cogitasset,

66 1355 145 1403 sed,
176 1369 257 1398 non
298 1359 494 1411 cogitavit
530 1359 579 1401 de
610 1374 708 1404 aure
740 1362 886 1405 dextra
927 1365 1098 1419 amissa,
1140 1367 1237 1420 quia
1275 1373 1368 1423 post
1399 1369 1473 1411 hoc
1505 1371 1676 1414 intravit
1707 1377 1747 1415 et

67 1426 240 1469 caudam
276 1429 436 1480 amisit3
469 1443 564 1483 ergo
598 1432 631 1473 si
665 1432 845 1487 aliquam
877 1440 1036 1490 partem
1071 1437 1204 1479 cordis
1235 1438 1465 1494 habuisset,
1498 1442 1547 1484 de
1579 1443 1746 1486 auribus

67 1502 108 1539 et
128 1498 178 1540 de
201 1499 331 1542 cauda
352 1501 591 1554 cogitasset;
625 1504 695 1545 sed
719 1504 794 1547 hoc
815 1519 895 1547 non
917 1506 1027 1560 fecit,
1059 1508 1155 1562 quia
1177 1515 1270 1564 post
1292 1512 1431 1554 omnia
1451 1513 1530 1554 ista
1552 1514 1743 1567 intravit3

65 1568 157 1611 ideo
198 1583 292 1612 eum
332 1571 483 1626 occidi,
524 1578 565 1615 et
602 1588 676 1629 per
714 1575 814 1618 istas
854 1581 938 1619 tres
978 1579 1163 1622 raciones
1195 1582 1385 1636 ostendo,
1425 1584 1533 1638 quod
1564 1598 1633 1627 cor
1663 1599 1744 1628 non

65 1640 254 1684 habebat.
325 1642 412 1685 Rex
452 1657 547 1686 vero
587 1658 676 1687 cum
720 1647 794 1689 hoc
834 1648 1036 1702 audisset,
1077 1652 1261 1694 raciones
1304 1654 1568 1709 approbavit,
1608 1662 1648 1698 et
1685 1658 1743 1699 sic

64 1713 328 1768 coquinarius
358 1715 501 1756 evasit.

181 1783 409 1839 Carissimi,
441 1799 515 1828 rex
549 1787 625 1829 iste
657 1792 718 1829 est
749 1788 938 1832 dominus
969 1796 1109 1835 noster
1139 1793 1280 1836 Ihesus
1302 1794 1503 1851 Christus,
1536 1799 1605 1853 qui
1636 1800 1740 1842 miro

63 1855 186 1898 modo
225 1860 336 1898 ortos
376 1861 417 1899 et
455 1858 594 1900 vineas
631 1858 785 1914 diligit,
826 1862 852 1903 i.
877 1876 909 1904 e.
944 1867 1076 1906 status
1115 1865 1346 1919 hominum,
1389 1868 1496 1910 sicut
1535 1875 1632 1912 sunt
1663 1871 1741 1913 viri

64 1925 330 1969 ecclesiastici
361 1927 543 1982 religiosi
577 1933 617 1971 et
647 1929 743 1972 boni
775 1931 1012 1988 Christiani,
1050 1936 1092 1977 in
1125 1950 1298 1991 quorum
1330 1939 1520 1982 cordibus
1552 1941 1740 1985 dominus

63 2001 203 2040 noster
239 1998 400 2054 plantat
436 1999 586 2042 cotidie
617 2000 780 2044 diversa
810 2017 962 2057 genera
999 2007 1214 2061 arborum,
1256 2009 1341 2051 ise.
1375 2011 1594 2066 virtutum,
1635 2014 1741 2056 sicut

63 2072 160 2111 sunt
197 2069 335 2111 decem
378 2075 592 2126 precept-a,
638 2077 795 2128 septem
839 2089 964 2131 opera
1002 2079 1304 2133 misericordie,
1352 2086 1526 2135 quatuor
1566 2084 1739 2127 virtutes

64 2139 296 2182 cardinales
328 2145 370 2183 et
400 2145 483 2184 tres
518 2142 789 2199 theologicas,
829 2153 870 2189 et
904 2153 1040 2190 custos
1074 2154 1136 2192 est
1167 2150 1370 2205 prelatus,
1409 2155 1478 2207 qui
1508 2154 1632 2198 habet
1660 2157 1741 2198 ista

63 2210 282 2253 custodire.
326 2210 415 2266 [72]
483 2214 597 2268 Aper
636 2219 698 2256 est
737 2216 856 2259 homo
899 2218 1012 2262 dives
1052 2234 1099 2263 ac
1136 2226 1283 2276 potens
1321 2222 1440 2277 hujus
1480 2226 1626 2280 seculi,
1670 2227 1739 2282 qui

64 2282 205 2337 pocius
238 2284 375 2325 sensui
409 2285 576 2340 proprio
608 2286 738 2328 credit
768 2302 890 2342 quam
924 2290 1055 2333 alteri.
1120 2292 1200 2334 Iste
1233 2293 1407 2337 destruit
1430 2300 1581 2339 statum
1605 2312 1738 2352 suum,

62 2365 182 2407 quem
212 2355 370 2409 accepit
392 2355 431 2396 in
456 2354 674 2410 baptismo,
698 2362 738 2400 et
759 2359 869 2401 mala
890 2361 1051 2404 infinita
1072 2365 1306 2418 committit,
1340 2367 1502 2420 quando
1525 2374 1736 2424 peccatum

61 2423 235 2466 mortale
280 2430 512 2481 perpetrat,
559 2427 655 2481 quia
697 2429 822 2472 violat
860 2432 1052 2486 virtutes,
1102 2448 1202 2488 quas
1242 2436 1284 2477 in
1326 2436 1529 2493 baptismo
1568 2440 1736 2495 recepit.

61 2493 149 2536 Hoc
180 2495 323 2538 videns
356 2496 455 2539 deus
487 2510 560 2552 per
581 2497 803 2555 Jonathan,
836 2502 862 2544 i.
887 2516 919 2545 e.
943 2517 1017 2558 per
1049 2509 1221 2548 mortem
1255 2521 1278 2549 a
1302 2508 1419 2551 nobis
1442 2510 1575 2552 aufert
1597 2524 1736 2553 aurem

62 2565 287 2620 sinistram,
319 2567 345 2609 i.
370 2581 404 2610 e.
438 2570 785 2622 consanguineum
818 2577 934 2615 tuum
966 2575 1172 2631 interficit,
1206 2582 1251 2620 ut
1282 2593 1355 2634 per
1377 2580 1452 2622 hoc
1473 2580 1600 2622 vitam
1623 2586 1736 2624 tuam

60 2636 210 2679 malam
245 2638 447 2692 corrigas;
481 2640 551 2681 sed
583 2641 709 2683 miser
739 2642 860 2685 homo
892 2645 943 2687 ad
967 2650 1130 2702 tempus
1162 2648 1273 2691 dolet
1300 2654 1341 2692 et
1362 2651 1441 2693 cito
1464 2651 1514 2692 ad
1537 2652 1735 2694 vomitum

59 2708 280 2750 revertitur
311 2713 352 2751 et
383 2710 446 2752 dei
481 2716 676 2767 precepta
706 2713 855 2756 iterato
887 2716 1027 2759 violat.
1096 2717 1185 2761 Hoc
1215 2720 1358 2763 videns
1390 2722 1489 2764 deus
1521 2722 1654 2764 aufert
1685 2723 1735 2766 ab

59 2777 223 2822 homine
256 2793 395 2823 aurem
429 2781 630 2836 dextram,
663 2784 689 2825 i.
713 2798 746 2827 e.
779 2784 908 2828 filium
932 2787 996 2830 vel
1026 2787 1169 2843 filiam,
1201 2795 1247 2833 ut
1277 2792 1337 2834 sic
1358 2796 1397 2835 te
1428 2793 1631 2847 corrigas3
1663 2795 1735 2838 sed

149 2871 195 2906 32
219 2873 421 2918 committit]
449 2881 534 2920 orry.
553 2876 770 2911 committrit.
867 2879 912 2914 34
937 2878 1065 2925 aufert]
1090 2888 1176 2930 oriq.
1194 2883 1319 2920 anfret.

149 2930 195 2965 35
218 2930 398 2976 interficit]
424 2939 508 2979 orry.
526 2933 715 2971 interfecit.

1776 810 1819 844 lO

1777 1167 1817 1200 15

1771 1523 1816 1557 20

1767 1880 1812 1914 25

1765 2236 1810 2272 30

1762 2593 1806 2627 35
