1929 3162
101 438 121 470 ιἾ

80 793 122 826 10

80 1508 124 1541 20

82 2220 127 2254 30

945 41 1029 82 336

146 147 299 189 tinctus
332 147 434 187 cinis
468 146 546 188 erit
577 159 726 201 corpus
758 151 958 188 nostrum.
1015 146 1069 188 Et
1108 147 1313 200 sequitur:
1361 146 1509 188 Postea
1550 147 1629 188 erit
1661 147 1826 200 oblivio,

148 222 188 259 et
217 230 338 259 nemo
379 216 547 258 habebit
589 218 830 258 memoriam
865 230 1035 272 operum
1075 220 1324 258 nostrorum.
1379 216 1434 259 Et
1465 218 1498 258 si
1533 219 1609 259 iste
1643 218 1744 259 cinis
1777 218 1832 260 sit

148 290 190 330 in
223 288 434 340 memoria,
469 288 786 342 teniptacionem
820 288 1030 343 impediet,
1065 301 1114 329 ne
1147 287 1343 342 procedat
1373 288 1423 329 ad
1447 293 1596 330 actum.
1647 288 1691 330 Si
1712 302 1831 330 mun-

149 360 223 400 dus
263 364 302 400 te
344 362 521 413 temptat
559 372 632 414 per
674 360 912 412 vanitatem,
954 358 1101 401 adhibe
1143 359 1263 400 istam
1307 359 1574 400 medicinam:
1616 359 1832 402 considera

149 430 365 483 diligenter
406 429 537 483 ipsius
578 430 933 483 ingratitudinem,
977 434 1016 472 et
1055 443 1266 484 nunquam
1307 429 1383 470 sibi
1425 430 1629 471 serviendi
1663 430 1831 472 habebis

149 501 422 552 voluntatem,
456 514 550 541 nam
585 501 643 542 ita
664 502 851 555 ingratus
875 506 937 543 est
958 501 1149 553 mundus,
1185 500 1290 554 quod
1323 500 1419 541 licet
1451 515 1524 555 per
1551 505 1679 543 totam
1704 502 1830 543 vitam

148 577 261 613 tuam
304 571 362 612 illi
403 570 582 613 fideliter
623 573 801 626 servias,
844 572 970 614 nichil
1012 577 1232 626 apportare
1272 575 1404 613 tecum
1446 575 1485 613 te
1517 572 1722 626 permittit
1752 572 1833 613 nisi

149 646 374 698 peccatum.
437 641 514 683 Est
554 643 660 685 enim
704 644 753 685 de
792 644 965 697 mundo,
1014 643 1121 684 sicut
1159 643 1208 684 de
1248 642 1424 697 perdice.
1491 642 1640 684 Perdix
1678 643 1834 686 habens

149 714 283 770 pullos
316 727 426 766 suos,
466 714 598 755 sciens
628 718 864 756 venatorem
901 714 1237 768 appropinquare
1270 713 1380 766 nido,
1422 717 1467 755 ut
1501 718 1737 756 venatorem
1769 727 1834 756 re-

148 785 288 827 trahat
319 798 342 826 a
375 784 498 839 pullis
533 785 645 826 venit
678 799 805 840 prope
839 788 1076 827 venatorem
1111 788 1151 826 et
1181 784 1300 837 fingit
1333 798 1375 826 se
1407 798 1528 839 posse
1560 798 1642 827 non
1675 785 1834 838 volare;

149 856 256 911 quod
291 860 460 897 venator
491 856 662 898 credens
696 870 784 898 esse
818 870 973 908 verum,
1015 856 1247 910 insequitur
1279 855 1492 910 paulatim.
1546 856 1622 898 Illa
1653 856 1764 898 volat
1795 861 1836 899 et

148 929 237 983 ipse
270 933 363 982 post
394 928 507 969 illam
541 927 655 968 vadit
686 941 858 982 sperans
892 927 1005 969 illam
1040 941 1200 982 capere,
1233 928 1354 968 etsie
1377 941 1540 981 semper
1561 928 1673 981 facit,
1707 928 1836 971 donec

150 999 364 1051 elongatus
406 1003 468 1040 est
501 1013 524 1039 a
556 998 701 1053 pullis,
744 1003 783 1040 et
822 999 879 1039 sic
912 998 1116 1054 decipitur
1149 1003 1332 1051 venator,
1374 998 1482 1052 quod
1520 1012 1595 1041 nec
1627 999 1833 1054 perdicem

148 1084 224 1112 nee
266 1069 400 1125 pullos
442 1069 576 1111 habet.
633 1069 700 1111 Sic
741 1073 802 1111 est
836 1070 884 1111 de
926 1070 1091 1112 mundo.
1146 1070 1341 1123 Venator,
1383 1070 1452 1123 qui
1491 1069 1587 1111 nido
1627 1070 1835 1125 pullorum

151 1141 471 1197 appropinquat,
512 1144 573 1182 est
612 1140 741 1182 bonus
775 1140 1049 1194 Christianus,
1089 1141 1158 1195 qui
1197 1142 1350 1182 victum
1385 1145 1425 1183 et
1456 1142 1648 1183 vestitum
1683 1147 1724 1184 et
1755 1142 1837 1184 alia

149 1227 241 1255 cum
274 1212 414 1254 labore
448 1212 635 1265 acquirit.
687 1212 766 1253 Sed
800 1212 976 1253 mundus
1008 1213 1214 1254 hominem
1239 1226 1320 1253 non
1344 1211 1520 1253 libenter
1542 1214 1730 1266 sustinet,
1762 1213 1837 1255 tali

151 1284 368 1340 applaudit
403 1281 525 1337 [335]
562 1288 603 1325 et
634 1282 815 1336 simulat,
850 1297 895 1325 ac
928 1284 962 1324 si
996 1284 1111 1338 sequi
1146 1284 1255 1337 velit,
1289 1287 1329 1324 et
1361 1296 1525 1338 semper
1558 1297 1649 1325 cum
1683 1285 1836 1326 honore

149 1369 339 1406 manere;
375 1354 484 1408 quod
516 1354 658 1395 videns
691 1354 812 1396 homo
845 1369 942 1410 sepe
975 1354 1025 1396 ab
1058 1355 1251 1409 operibus
1285 1354 1401 1396 bonis
1435 1355 1591 1397 recedit
1622 1359 1662 1397 et
1694 1355 1837 1397 mundi

150 1427 376 1469 vanitatem
425 1425 632 1479 sequitur,
682 1429 722 1467 et
761 1429 859 1467 tunc
898 1426 1075 1467 mundus
1116 1426 1231 1467 illum
1267 1426 1316 1468 ab
1357 1440 1496 1467 amore
1536 1426 1600 1467 dei
1642 1429 1682 1468 et
1719 1427 1837 1469 bonis

151 1498 343 1554 operibus
377 1496 553 1550 elongat.
603 1496 763 1537 Deinde
796 1510 906 1538 mors
938 1497 1054 1538 illum
1089 1497 1294 1539 subtrahit
1316 1511 1340 1538 a
1362 1497 1512 1550 seculo,
1547 1501 1586 1538 et
1607 1503 1748 1539 manet
1768 1497 1838 1540 ille

150 1570 276 1611 miser
309 1569 519 1623 deceptus,
553 1568 649 1621 quia
681 1581 763 1609 non
795 1567 919 1610 habet
940 1568 1153 1621 mundum,
1188 1582 1309 1622 quem
1333 1568 1594 1623 sequebatur,
1626 1581 1703 1610 nec
1728 1568 1838 1610 fruc-

150 1645 237 1682 tum
279 1640 479 1682 bonorum
520 1653 705 1694 operum,
746 1652 769 1680 a
808 1639 955 1693 quibus
997 1639 1223 1693 elongatur.
1275 1639 1381 1681 Ecce
1423 1639 1625 1693 quomodo
1659 1639 1837 1681 mundus

151 1713 235 1754 suis
269 1710 538 1753 servitoribus
570 1710 707 1752 reddit
740 1711 982 1752 mercedem.
1032 1711 1087 1752 Et
1120 1711 1194 1752 hoc
1223 1714 1297 1764 est,
1332 1711 1439 1765 quod
1462 1711 1561 1752 dicit
1581 1710 1760 1753 Jacobus
1782 1724 1836 1753 11:

152 1783 279 1825 Totus
322 1782 500 1823 mundus
540 1782 581 1823 in
622 1782 802 1835 maligno
837 1783 994 1837 positus
1029 1786 1102 1824 est.
1157 1782 1301 1836 Omne,
1344 1782 1451 1836 quod
1494 1787 1556 1824 est
1594 1782 1636 1824 in
1669 1782 1836 1836 mundo,

81 1870 89 1880 ⁸
152 1858 223 1896 aut
256 1858 317 1896 est
349 1853 545 1908 superbia
578 1853 659 1894 vite
693 1857 733 1894 et
764 1853 936 1907 reliqua.
991 1853 1148 1905 Tercio,
1189 1854 1222 1894 si
1263 1858 1302 1895 te
1334 1853 1603 1908 temptaverit
1635 1853 1836 1908 diabolus,

153 1925 299 1966 adhibe
332 1925 454 1966 istam
487 1924 756 1966 medicinam:
801 1924 950 1966 habeas
984 1925 1025 1966 in
1059 1925 1259 1966 memoria
1291 1925 1523 1979 passionem
1558 1923 1724 1978 Christi,
1764 1938 1838 1980 per

153 2011 277 2051 quam
325 1995 525 2051 superbus
573 1996 732 2037 ceditur
770 1999 811 2037 et
852 2009 930 2036 non
974 1995 1097 2037 habet
1137 1999 1382 2051 potestatem
1423 1996 1656 2037 resistendi.
1720 1995 1838 2038 Unde

154 2068 386 2123 apostolus:
434 2067 597 2108 Induite
629 2081 701 2108 vos
734 2071 946 2108 armatura
978 2067 1043 2108 dei
1076 2071 1121 2108 ut
1153 2067 1319 2122 possitis
1352 2070 1461 2109 stare
1494 2071 1569 2108 etc.
1624 2066 1741 2109 Unde
1772 2081 1837 2110 re-

151 2140 232 2181 fert
264 2139 429 2181 Solinus
463 2138 512 2179 de
544 2138 802 2180 mirabilibus
835 2138 993 2192 mundi,
1035 2138 1142 2192 quod
1174 2137 1413 2179 Alexander
1445 2151 1595 2192 equum
1633 2138 1836 2193 quendam

152 2210 309 2263 habuit,
343 2210 412 2264 qui
444 2209 667 2251 vocabatur
697 2209 929 2262 Bucefalus,
963 2210 1077 2263 cujus
1111 2212 1198 2251 erat
1229 2209 1500 2262 consuetudo,
1535 2209 1642 2263 quod
1675 2209 1837 2263 quando

153 2286 242 2324 erat
274 2285 457 2323 armatus
491 2285 531 2322 et
563 2285 732 2336 paratus
773 2281 823 2322 ad
864 2281 1029 2334 bellum,
1070 2280 1229 2321 nullum
1271 2293 1473 2322 sessorem
1514 2280 1720 2322 retinebat
1755 2280 1838 2322 nisi

154 2353 284 2395 solum
310 2352 616 2404 Alexandrum3
651 2352 721 2394 sed
754 2353 788 2394 si
822 2352 912 2405 quis
946 2352 1050 2394 alius
1083 2365 1176 2393 eum
1209 2351 1462 2404 ascenderet,
1495 2351 1634 2393 statim
1666 2351 1840 2407 projecit

155 2438 246 2466 eum
281 2438 304 2464 a
337 2437 400 2475 se3
442 2423 604 2477 quando
639 2437 732 2465 vero
766 2437 845 2464 non
881 2428 969 2464 erat
1001 2427 1198 2475 armatus,
1238 2422 1383 2464 famuli
1414 2436 1539 2477 super
1570 2436 1662 2464 eum
1696 2422 1838 2464 sedere

155 2494 514 2550 permittebantur.
572 2494 640 2536 Sic
679 2494 800 2536 homo
840 2499 1023 2535 armatus
1064 2493 1218 2535 Christi
1260 2494 1451 2548 passione
1491 2493 1651 2535 nullum
1689 2493 1839 2548 recipit

86 2577 92 2585 ·
155 2567 196 2608 in
229 2567 363 2618 corde,
397 2566 477 2607 nisi
508 2566 801 2621 imperatorem
835 2565 956 2606 deum
990 2565 1330 2619 omnipotentem,
1363 2565 1433 2606 sed
1466 2565 1500 2605 si
1533 2564 1672 2619 aliqua
1704 2568 1838 2619 temp·
1899 2560 1905 2564 ’

155 2638 261 2679 tacio
295 2637 448 2678 diaboli
480 2650 549 2678 cor
581 2650 699 2678 suum
734 2636 954 2678 ascendere
976 2636 1087 2689 velit,
1121 2636 1261 2676 statim
1284 2636 1436 2677 virtute
1457 2635 1662 2690 passionis
1684 2634 1838 2677 Christi

157 2708 279 2750 habet
311 2712 556 2763 potestatem
599 2707 815 2761 dejiciendi
856 2721 959 2749 eam.
1017 2706 1059 2748 Si
1098 2720 1194 2748 vero
1234 2706 1315 2748 ista
1346 2710 1484 2748 careat
1516 2710 1728 2748 armatura
1758 2705 1837 2758 dei,

157 2780 297 2820 statim
341 2793 495 2833 pronus
536 2779 614 2820 erit
651 2778 701 2819 ad
742 2792 883 2819 omnes
922 2778 1221 2833 temptaciones
1261 2777 1531 2832 recipiendas.
1592 2776 1838 2819 Studeamus

157 2863 253 2902 ergo
287 2849 403 2891 bonis
436 2849 656 2891 virtutibus
689 2850 856 2902 armari,
891 2853 935 2891 ut
967 2850 1132 2891 tandem
1165 2849 1454 2903 perveniamus
1488 2848 1540 2890 ad
1570 2847 1757 2902 gloriam.
