1929 3157
70 196 135 236 11.

71 480 134 520 13.

71 621 135 662 14.

71 763 135 804 15.

72 906 135 947 16.

71 1049 137 1090 17.

72 1191 136 1232 18.

72 1333 142 1375 19.-

71 1476 138 1518 20.

78 2616 147 2659 28.

79 2758 147 2800 29.

879 87 930 127 91

185 193 336 236 Narrat
369 192 550 234 albertus
583 192 690 246 quod
724 196 908 248 tempore
940 190 1086 247 philipi
1118 194 1207 233 erat
1229 191 1306 232 via.
1356 189 1533 236 (Drache
1556 191 1611 233 im
1635 190 1749 232 hohl-

184 266 327 318 wege.)
374 264 444 305 lat.
474 264 567 304 145.

183 335 296 378 Dicit
317 335 507 391 ysidorus
531 334 638 389 quod
663 337 726 376 est
747 333 911 388 quidam
935 333 1041 389 lapis
1065 333 1134 388 qui
1157 346 1326 386 magnes
1350 337 1529 376 vocatur.
1569 332 1753 386 (Magnet

185 407 269 449 und
301 406 440 457 stahl.)
489 420 583 461 app.
608 407 676 446 45¹.

183 478 288 521 Erat
325 477 491 532 quidam
533 490 606 518 rex
646 475 765 518 valde
806 480 952 531 potens
994 476 1062 530 qui
1104 474 1309 529 quandam
1350 476 1544 517 forestam
1585 475 1749 518 fecerat.

184 549 288 600 (Nur
320 553 450 591 erster
482 547 582 589 thei]
616 547 687 589 (les
720 548 885 598 textes.)
935 546 1283 597 (Hundenamen.)
1330 545 1400 588 lat.
1431 547 1522 588 142.

185 619 323 662 Refert
347 619 532 673 justinus
566 618 672 672 quod
706 619 815 660 cives
847 618 1126 660 lacedemonie
1159 617 1501 673 conspiraverunt
1523 621 1667 660 contra
1688 630 1751 660 re-

185 704 291 745 gem.
342 689 686 741 (Wachsschrift.)
734 689 805 731 lat.
830 689 897 730 ⁶21.

184 761 337 804 Narrat
376 760 619 814 augustinus
659 760 767 814 quod
807 760 955 815 egipcii
997 759 1093 801 olim
1132 758 1325 801 volebant
1356 758 1547 801 deificare
1578 759 1750 814 ysidem.

184 833 276 884 (Isis
308 833 392 874 und
426 832 624 887 Serapis.)
671 831 742 873 lat.
768 832 835 873 22.

185 904 338 947 Narrat
377 903 566 946 eusebius
605 903 646 944 in
687 903 861 944 cronicis
902 901 1011 956 quod
1043 901 1209 956 quidam
1244 905 1333 943 erat
1364 902 1602 958 imperator.
1660 900 1753 951 (Co-

184 976 348 1025 riolan.)
394 975 466 1016 lat.
494 975 588 1015 137.

186 1047 344 1101 Regina
376 1045 550 1101 quedam
585 1045 774 1100 concepit
804 1043 933 1086 filium
968 1043 1017 1085 de
1049 1057 1167 1086 servo
1200 1057 1273 1085 suo
1305 1044 1473 1086 rustico.
1527 1043 1755 1095 (Zweierlei

185 1118 314 1170 tuch.)
358 1117 428 1159 lat.
455 1117 523 1158 ⁶26.

184 1189 289 1232 Erat
310 1188 478 1243 quidam
500 1188 727 1242 imperator
749 1187 792 1228 in
815 1187 930 1241 cujus
952 1186 1128 1242 imperio
1152 1190 1240 1228 erat
1262 1185 1429 1241 quidam
1452 1185 1584 1228 miles.
1629 1185 1756 1237 (Wei-

185 1261 339 1304 nendes
371 1259 599 1311 hiindlein.)
647 1258 718 1300 lat.
743 1259 810 1300 28.

185 1332 303 1375 Miles
336 1331 502 1386 quidam
538 1334 627 1372 erat
657 1330 725 1384 qui
760 1329 931 1371 intravit
963 1329 1146 1385 egiptum
1181 1328 1389 1383 cogitabat
1410 1329 1518 1384 quod
1540 1329 1597 1371 ibi
1618 1328 1754 1372 vellet.

189 1402 290 1456 (Gut
321 1405 592 1453 anvertraut.)
637 1401 709 1443 lat.
736 1401 831 1442 118.

187 1474 360 1526 Quidam
395 1474 516 1515 homo
548 1477 637 1515 erat
669 1472 737 1527 qui
769 1472 935 1514 unicum
969 1471 1098 1514 filium
1133 1471 1311 1514 habebat
1343 1473 1407 1514 cui
1440 1475 1535 1528 post
1566 1476 1755 1515 mortem.

191 1545 444 1597 (Oelfasser.)
492 1558 585 1600 app.
611 1544 679 1585 50.

130 1651 140 1660 .
187 1617 291 1660 Erat
321 1617 488 1672 quidam
521 1616 747 1671 imperator
780 1615 849 1670 qui
882 1615 1030 1656 statuit
1055 1628 1128 1670 pro
1153 1614 1242 1669 lege
1267 1615 1375 1669 quod
1398 1616 1542 1658 victori
1566 1616 1615 1658 de
1638 1615 1756 1658 bello.

188 1688 439 1744 (Triumph.)
486 1687 589 1729 lat.
583 1687 649 1728 30.

131 1794 140 1802 .
188 1760 329 1802 Refert
373 1772 520 1801 seneca
559 1757 668 1813 quod
708 1758 749 1799 in
790 1758 1031 1836 corporibus
1072 1758 1287 1801 venenosis
1326 1762 1497 1813 propter
1536 1757 1758 1800 maliciam.

190 1830 256 1883 (W
258 1831 461 1881 urmfrei.)
508 1830 613 1872 lat.‘
609 1830 672 1871 222.

132 1937 141 1944 .
188 1902 293 1945 Erat
332 1902 498 1957 quidam
537 1902 765 1956 imperator
805 1901 873 1956 qui
916 1914 1039 1943 unam
1081 1900 1262 1957 puellam
1294 1900 1510 1992 pulchram
1542 1901 1584 1943 in
1617 1900 1757 1943 filiam.

191 1973 320 2029 (Kopf
347 1973 465 2026 hoch,
498 1971 644 2024 blind.)
694 1985 789 2028 app.
813 1972 881 2013 51.

190 2044 394 2099 Regnavit
425 2043 663 2086 allexander
696 2043 765 2097 qui
798 2043 1050 2109 aristotfflem
1075 2043 1318 2097 magistium
1343 2043 1759 2096 habebat.(A1isto-

190 2116 292 2158 teles
323 2115 440 2157 fiius
465 2114 639 2166 lehren.)
686 2114 756 2157 lat.
781 2116 849 2156 34.

135 2221 144 2230 .
191 2187 363 2241 Legitur
395 2186 445 2228 de
477 2186 640 2228 vulture
673 2199 766 2228 cum
797 2186 1003 2242 acceperit
1036 2186 1219 2242 predam.
1277 2185 1338 2233 (In
1371 2185 1444 2228 der
1475 2185 1656 2227 moralis.
1680 2198 1759 2227 von

191 2260 277 2311 24.)
326 2256 690 2312 (Gewichtprobe.)
738 2271 834 2313 app.
859 2258 927 2299 5‘2.

134 2364 143 2373 .
191 2329 363 2384 Legitur
402 2329 444 2370 in
477 2328 604 2382 gestis
635 2342 915 2371 romanorum.
972 2328 1033 2377 (111
1066 2328 1139 2371 der
1170 2328 1352 2370 moralis.
1379 2341 1457 2370 von
1489 2328 1576 2379 24.)
1629 2326 1760 2379 (Frie-

193 2400 454 2452 denslamm.)
501 2400 573 2442 lat.
597 2400 665 2441 35.

136 2506 145 2516 .
193 2472 333 2526 Miser,
365 2472 458 2514 vide
490 2471 741 2527 principium
774 2474 906 2525 tuum,
939 2470 1119 2513 medium
1147 2474 1188 2512 61
1208 2470 1331 2513 finem
1354 2474 1395 2513 et
1416 2469 1613 2512 invenies.
1662 2469 1759 2520 (Am

194 2544 317 2587 ende:
350 2542 629 2598 Bucephalus3
663 2542 765 2583 auch
799 2532 963 2593 XVIII.)
1013 2541 1126 2594 (Was
1158 2542 1213 2584 ist
1245 2541 1317 2584 der
1348 2541 1548 2592 mensch.)
1595 2540 1666 2582 lat.
1690 2541 1758 2582 36.

193 2614 365 2669 Legitur
403 2615 446 2656 in
486 2613 661 2655 cronicis
701 2613 809 2667 quod
849 2613 1027 2668 populus
1058 2626 1254 2655 romanus
1286 2612 1546 2667 columpnam
1581 2625 1761 2654 marmo-

194 2699 320 2729 ream.
369 2685 535 2737 (Casars
567 2684 887 2736 todeszeichen.)
935 2685 1005 2727 lat.
1029 2685 1098 2727 97.

195 2757 365 2811 Legitur
401 2757 509 2811 quod
541 2760 727 2811 tempore
759 2755 931 2797 heinrici
963 2755 1229 2812 imperatoris
1260 2754 1377 2798 tercii
1409 2753 1583 2809 quedam
1617 2753 1761 2796 civitas

195 2829 284 2871 fuit.
333 2827 617 2879 (Brieftaube.)
664 2826 734 2868 lat.
759 2827 827 2868 38.

39 2950 42 2953 .
81 2899 148 2942 30.
194 2899 336 2942 Refert
373 2898 596 2940 alexander
636 2897 686 2940 de
725 2897 884 2940 naturis
925 2897 1030 2952 quod
1072 2896 1258 2950 virgilius
1297 2896 1338 2938 in
1376 2896 1542 2938 civitate
1574 2908 1758 2938 romana.

198 2969 369 3023 (Virgils
401 2969 518 3021 bild.)
567 2982 694 3023 germ.
721 2969 786 3010 18.
