1919 3157
874 62 959 102 375

195 165 420 215 Carissimi,
463 179 532 206 rex
574 166 648 207 iste
691 171 752 207 est
789 167 888 208 deus
920 167 1006 221 ipse
1038 174 1183 222 potens
1216 181 1261 209 ac
1293 169 1420 221 dives,
1455 168 1590 223 puella
1621 182 1742 220 gene—

80 249 173 277 rosa
209 235 258 277 de
295 237 423 291 stirpe
462 249 602 289 regum
642 236 759 278 beata
799 238 910 290 virgo
954 236 1082 279 Maria
1121 241 1251 280 mater
1294 238 1358 280 dei
1398 243 1438 280 et
1474 238 1650 280 hominis
1681 242 1744 281 est

81 304 171 360 [52]
204 320 280 360 que
311 307 388 348 fuit
420 306 588 361 pulchra
619 311 659 349 et
690 321 885 360 generosa
918 309 1013 361 quia
1043 309 1183 361 gracia
1206 308 1336 363 plena.
1390 309 1571 351 Nunc-ius
1593 310 1742 351 missus

79 375 244 419 Gabriel
284 377 566 430 archangelus,
605 379 672 431 qui
714 392 801 419 earn
835 392 884 420 ex
919 383 1033 433 parte
1065 379 1128 420 dei
1161 379 1357 421 salutavit
1387 380 1524 422 dicens
1557 381 1613 422 ei:
1654 380 1742 422 Ave

79 448 215 500 gracia
260 448 392 503 plena.
456 447 619 489 Pannus
671 449 820 490 missus
859 447 954 502 [est]
997 449 1165 504 spiritus
1204 451 1334 492 sancti
1376 452 1558 505 operatio
1602 452 1642 492 in
1682 464 1742 503 ea,

79 519 175 574 quia
211 523 430 573 antequam
464 525 560 561 nata
591 520 680 572 fuit,
721 519 973 561 sanctificata
1004 520 1093 573 fuit,
1127 520 1361 575 habensque
1395 521 1560 576 pollices
1593 523 1617 563 i.
1644 535 1676 563 e.
1702 522 1742 563 in

19 607 22 610 ⁴
78 590 342 645 conceptione
379 588 451 631 filii
490 591 553 631 sui
593 595 681 632 erat
721 590 908 645 potencia
948 591 1095 644 patris,
1136 592 1344 646 sapiencia
1382 592 1474 645 filii,
1522 592 1744 635 clemencia

78 661 246 715 spiritus
278 661 420 702 sancti.
469 661 530 703 De
563 661 707 715 quibus
741 661 916 715 quesivit
947 674 1031 715 vas,
1064 661 1220 703 scilicet
1251 667 1409 704 uterum
1443 676 1560 704 suum
1593 663 1743 705 sancti-

77 730 241 773 ficatum
273 731 313 773 in
347 735 461 773 utero
494 733 638 774 matris
670 746 753 784 sue,
786 732 828 773 in
860 745 938 786 quo
966 732 1062 774 fecit
1089 733 1301 774 camisiam
1325 733 1349 774 i.
1376 747 1407 775 e.
1432 733 1742 787 humanitatem,

78 815 155 856 que
189 802 351 856 quidem
386 802 619 845 humanitas
651 808 738 844 erat
768 803 809 844 in
843 816 889 845 ea
920 807 1102 858 operata.
1150 803 1235 846 Hec
1268 804 1408 846 videns
1438 808 1554 860 pater
1582 804 1742 847 celestis

79 886 166 915 eam
200 874 382 928 reginam
416 874 457 915 in
480 874 565 916 celo
588 875 810 927 coronavit,
844 874 912 916 ubi
944 888 1017 929 pro
1040 874 1156 916 nobis
1180 875 1416 930 interpellat
1438 874 1573 929 [suum
1594 875 1741 930 filium]

78 948 118 986 et
148 943 255 987 filius
288 949 462 999 patrem,
489 946 611 999 juxta
643 944 808 986 verbum
841 945 950 987 beati
982 944 1201 987 Bernardi:
1235 945 1268 988 O
1301 946 1436 1000 homo,
1469 960 1654 989 securum
1679 961 1742 989 ac-

76 1028 233 1058 cessum
267 1015 392 1058 habes
425 1016 475 1058 ad
507 1016 626 1058 deum
660 1020 734 1058 etc.

746 1244 1077 1297 CAP.65.(57J

701 1332 773 1376 De
809 1346 919 1376 cura
957 1333 1115 1376 anime.

190 1439 276 1482 Rex
318 1440 484 1495 quidam
525 1440 651 1482 semel
691 1440 739 1482 de
771 1453 851 1481 una
882 1440 1047 1482 civitate
1088 1440 1131 1481 in
1170 1439 1293 1482 aliam
1325 1440 1545 1482 transitum
1575 1440 1740 1494 fecerat,

10 1548 19 1557 ,
75 1511 126 1553 ad
157 1511 363 1565 quandam
396 1524 557 1554 crucem
590 1511 713 1564 venit,
746 1512 787 1552 in
820 1525 899 1566 qua
931 1516 1019 1553 erat
1050 1511 1160 1552 omni
1186 1515 1303 1566 parte
1335 1512 1555 1566 scriptum3
1589 1525 1637 1553 ex
1661 1525 1741 1554 una

75 1586 192 1637 parte
224 1587 313 1624 erat
344 1583 385 1624 in
418 1596 466 1624 ea
497 1583 715 1637 scriptum:
749 1582 781 1624 O
814 1596 901 1635 reX,
933 1583 968 1624 si
1000 1596 1072 1638 per
1094 1583 1215 1624 istam
1239 1582 1346 1624 viam
1375 1582 1634 1637 equitaveris,
1667 1596 1740 1638 pro

74 1666 244 1708 corpore
275 1657 344 1695 tuo
377 1653 528 1696 bonum
560 1653 786 1708 hospicium
828 1653 1017 1706 habebis,
1058 1653 1128 1695 sed
1161 1666 1262 1707 equo
1296 1657 1365 1695 tuo
1397 1653 1503 1695 male
1534 1654 1741 1695 ministra-

75 1724 197 1766 bitur.
244 1723 309 1766 Ex
342 1724 423 1766 alia
454 1729 571 1780 parte
603 1724 733 1766 crucis
766 1728 853 1766 erat
885 1725 1105 1779 scriptum:
1155 1723 1198 1766 Si
1230 1738 1302 1779 per
1334 1724 1454 1766 istam
1488 1725 1596 1766 viam
1629 1725 1741 1778 equi-

74 1798 152 1848 tas,
184 1795 367 1838 invenies
397 1795 641 1850 hospicium,
676 1795 717 1836 in
749 1808 827 1849 quo
861 1808 987 1849 equus
1019 1799 1112 1837 tuus
1141 1795 1241 1836 satis
1263 1795 1373 1837 laute
1395 1795 1572 1848 habebit,
1606 1795 1675 1837 sed
1697 1800 1741 1837 tu

75 1865 181 1908 male
213 1866 524 1908 ministraberis.
573 1865 635 1907 Ex
668 1866 795 1907 tercia
818 1870 933 1920 parte
965 1871 1053 1908 erat
1074 1866 1296 1920 scriptum:
1330 1865 1373 1908 Si
1396 1879 1469 1921 per
1491 1867 1596 1908 viam
1619 1867 1738 1908 istam

74 1936 362 1991 ambulaveris,
394 1941 438 1979 tu
470 1941 510 1979 et
541 1950 668 1991 equus
699 1941 793 1979 tuus
825 1937 925 1978 satis
958 1937 1184 1990 habebunt,
1217 1936 1288 1978 sed
1321 1940 1539 1991 antequam
1571 1937 1740 1990 recedis,

74 2008 236 2062 egregie
267 2009 348 2050 eris
382 2008 631 2050 verberatus.
678 2006 743 2050 Ex
774 2011 890 2063 parte
922 2011 1070 2062 quarta
1100 2012 1189 2049 erat
1219 2008 1438 2063 scriptum:
1474 2007 1516 2050 Si
1539 2022 1612 2064 per
1632 2008 1740 2050 viam

73 2079 195 2121 istam
238 2079 534 2132 ambulaveris,
574 2078 683 2120 laute
722 2079 836 2121 vobis
878 2078 1198 2132 ministrabitur,
1239 2079 1308 2120 sed
1349 2092 1497 2133 equum
1536 2082 1652 2120 tuum
1684 2079 1739 2121 ibi

73 2150 256 2192 dimittes
288 2154 329 2192 et
358 2154 456 2191 tunc
487 2153 527 2191 te
559 2149 765 2204 oportebit
795 2150 968 2204 pedibus
1000 2149 1222 2191 ambulare.
1270 2149 1356 2192 Rex
1388 2163 1479 2192 cum
1502 2149 1640 2191 omnia
1659 2149 1740 2191 ista

72 2220 326 2276 perlegisset,
359 2220 652 2273 admirabatur,
684 2221 793 2262 intra
814 2234 856 2262 se
878 2220 1096 2274 cogitabat,
1129 2234 1249 2275 quam
1273 2221 1380 2262 viam
1403 2221 1587 2275 equitare
1604 2220 1736 2263 vellet.

71 2291 145 2333 Ait
182 2292 290 2333 intra
328 2305 392 2333 se:
440 2290 618 2332 Primam
661 2291 766 2333 viam
807 2292 898 2334 volo
937 2292 1105 2345 eligere,
1146 2291 1242 2345 quia
1280 2291 1382 2333 bene
1423 2292 1500 2334 erit
1535 2291 1659 2333 michi
1699 2295 1739 2334 et

65 2345 178 2404 ‘male
211 2376 334 2417 equ03
375 2375 456 2404 nox
491 2375 570 2403 una
601 2363 680 2403 cito
718 2362 921 2405 transibit.
970 2362 1178 2405 Percussit
1208 2375 1357 2416 equum
1389 2375 1480 2404 cum
1513 2362 1737 2405 calcaribus

1770 813 1812 847 10

1769 1341 1812 1376 15

1768 1733 1812 1766 20

1765 2087 1809 2122 25

72 2439 113 2476 et
149 2433 199 2475 ad
233 2433 437 2487 quoddam
477 2436 656 2474 castrum
696 2434 808 2475 venit
847 2434 888 2474 in
929 2447 1008 2487 quo
1041 2438 1130 2476 erat
1160 2433 1298 2486 miles,
1340 2434 1409 2487 qui
1441 2447 1531 2476 eum
1565 2434 1737 2488 benigne
1762 2442 1806 2476 30

71 2504 227 2558 recepit
263 2516 310 2545 ac
348 2504 459 2546 laute
502 2503 783 2557 ministrabat,
822 2504 893 2546 sed
934 2517 1060 2558 equus
1092 2517 1237 2559 parum
1278 2508 1348 2546 aut
1385 2505 1510 2546 nichil
1541 2505 1735 2555 habebat3

73 2589 192 2617 mane
230 2588 325 2617 vero
365 2575 566 2627 surrexit,
606 2574 655 2616 ad
687 2574 891 2630 palacium
931 2589 1046 2616 suum
1088 2574 1306 2629 equitavit,
1347 2576 1483 2618 omnia
1514 2579 1628 2629 gesta
1660 2589 1737 2630 que

71 2646 231 2689 viderat
259 2646 456 2688 narravit.

188 2718 474 2759 Moralizacio.
536 2715 762 2770 Carissimi,
794 2717 871 2759 iste
903 2717 1127 2772 imperator
1159 2720 1294 2772 potest
1314 2717 1392 2759 dici
1416 2717 1586 2772 quilibet
1606 2716 1735 2759 bonus

72 2787 332 2841 christianus,
364 2788 433 2841 qui
464 2787 587 2830 habet
617 2787 726 2829 circa
756 2787 929 2829 salutem
961 2787 1096 2829 anime
1127 2801 1198 2830 sue
1231 2788 1425 2841 equitare.
1473 2787 1634 2842 Equus,
1666 2788 1735 2842 qui
1760 2797 1804 2832 35

73 2871 164 2901 eum
196 2862 354 2915 portat,
388 2862 450 2900 est
479 2871 626 2913 corpus
666 2871 715 2900 ex
747 2862 921 2912 quatuor
953 2858 1164 2900 elementis
1203 2859 1494 2914 compositum,
1527 2871 1625 2900 crux
1658 2871 1735 2913 que

164 2939 209 2974 22
234 2938 501 2983 ministraberis]
530 2944 614 2984 oriy.
640 2938 866 2974 ministrabis.
