1919 3157
872 38 952 78 667

745 184 848 238 265,
883 196 986 238 app.
1012 184 1088 226 69.

190 285 360 338 Legitur
393 285 433 326 in
457 285 582 337 gestis
615 285 721 338 quod
755 290 940 340 tempore
964 284 1146 326 naim-ici
1171 285 1431 340 imperatoris
1463 289 1551 327 erat
1578 284 1751 339 quedam

73 360 211 398 statua
245 370 494 408 marmorea,
536 356 644 397 circa
676 360 800 411 caput
831 369 950 397 suum
984 355 1138 397 habens
1170 355 1366 398 circulum
1401 369 1583 409 aureum,
1617 355 1754 409 inquo

74 432 163 469 erat
195 427 414 482 scriptum:
449 427 646 469 kalendas
679 427 776 479 maji
810 426 893 468 sole
927 427 1082 469 oriente
1114 431 1239 481 caput
1261 440 1427 469 aureum
1462 427 1612 478 habeo,
1647 426 1754 480 quod

73 498 238 552 quidam
273 511 513 540 sarracenus
547 498 687 540 videns
710 502 868 553 captus,
904 498 1010 552 quod
1043 498 1305 553 pretenderet
1336 497 1582 551 intelligens,
1614 497 1754 540 kalen-

73 568 146 611 das
179 569 275 623 maji
310 569 394 610 sole
427 569 583 611 oriente
616 570 657 610 in
690 569 866 611 termino
901 568 1043 610 umbre
1073 568 1181 610 illius
1205 572 1338 611 statue
1361 570 1517 624 reperit
1549 568 1752 611 infinitum

72 639 310 682 thesaurum
345 645 384 682 et
416 640 474 681 sic
505 640 600 682 huic
631 645 755 696 caput
776 653 960 694 aureum,
995 640 1102 695 quia,
1136 639 1204 682 ubi
1227 639 1371 682 umbra
1392 640 1539 695 capitis
1562 641 1623 682 sui
1641 640 1756 683 stetit

72 711 170 753 fecit
207 710 295 753 fieri
334 712 516 765 foveam,
557 712 611 753 ibi
654 711 870 753 thesaurus
910 711 996 753 auri
1040 712 1229 753 inventus
1270 714 1352 764 est,
1391 725 1510 766 quem
1551 712 1755 767 accipiens

72 795 314 824 sarracenus
347 783 460 825 dedit
491 796 565 838 pro
599 783 855 825 redemcione
888 796 973 824 sua.

192 854 410 896 Reduc-cio.
467 854 705 906 Karissimi,
746 867 819 909 per
857 854 976 895 istam
1012 857 1190 895 statuam
1232 852 1457 908 quemlibet
1497 857 1752 908 peccatorem

71 923 255 978 intelligo
289 925 363 967 deo
397 926 714 979 inobedientem,
749 925 843 979 quia
864 925 1058 980 quiquam
1095 924 1144 966 ad
1168 925 1293 966 vitam
1317 924 1453 978 gracie
1486 929 1548 966 est
1569 929 1755 966 mortuus

73 995 189 1050 quasi
237 999 387 1038 statua.
456 996 534 1038 Per
580 1000 705 1052 caput
746 1009 913 1038 aureum
955 995 1200 1049 intelligitur
1247 996 1367 1049 deus,
1415 996 1483 1050 qui
1533 1000 1595 1038 est
1632 1000 1757 1052 caput

71 1070 272 1108 nostrum.
320 1067 449 1121 Igitur
481 1068 514 1109 si
549 1073 752 1123 peccator,
785 1068 853 1122 qui
886 1080 959 1122 per
990 1080 1251 1109 sarracenum
1286 1066 1545 1121 intelligitur,
1580 1067 1758 1110 noluerit

73 1137 222 1180 habere
260 1138 362 1180 illud
395 1143 519 1194 caput
560 1153 633 1194 pro
666 1138 944 1191 redemcione,
985 1141 1147 1194 oportet
1186 1138 1292 1193 quod
1333 1139 1410 1180 iste
1444 1138 1581 1180 veniat
1615 1152 1756 1181 mense

74 1209 181 1263 majo
221 1209 306 1252 sole
346 1211 514 1252 oriente.
577 1209 656 1252 Per
695 1223 876 1252 mensem
918 1210 1015 1263 maji
1055 1209 1300 1263 intelligitur
1339 1213 1470 1251 status
1512 1210 1756 1265 penitencie,

74 1283 182 1336 quia,
215 1281 321 1323 sicut
353 1281 424 1323 illa
457 1295 534 1336 que
566 1286 662 1323 sunt
693 1282 734 1323 in
768 1281 912 1336 hyeme
945 1280 1203 1334 mortificata,
1245 1281 1284 1322 in
1309 1280 1464 1334 majore
1489 1280 1696 1324 viviscunt
1718 1285 1758 1324 et

72 1351 313 1406 florescunt,
361 1353 419 1394 sic
466 1353 573 1394 bona
611 1367 736 1408 opera
783 1366 861 1407 que
906 1352 1058 1406 frigore
1104 1352 1260 1408 peccati
1308 1351 1555 1394 mortificata
1591 1352 1758 1396 fuerunt

73 1429 259 1479 tempore
300 1424 531 1479 penitencie
574 1424 623 1466 ad
664 1424 789 1466 vitam
832 1423 1024 1477 redeunt,
1066 1428 1112 1465 ut
1151 1437 1245 1466 vere
1282 1427 1421 1479 posset
1453 1423 1588 1466 dicere
1618 1424 1758 1466 anima

76 1495 125 1537 ad
150 1495 271 1537 deum
304 1508 502 1537 conversa
535 1495 633 1537 illud
658 1495 836 1537 Gnatia:
870 1494 1024 1550 Hyems
1056 1494 1223 1537 transiit
1254 1499 1294 1537 et
1325 1494 1508 1548 recessit,
1539 1493 1658 1536 flores
1681 1500 1755 1538 etc.

73 1566 228 1622 Hyems
261 1580 315 1608 sc.
349 1566 506 1622 peccati
540 1566 641 1608 abiit
670 1565 791 1608 flores
823 1579 878 1608 sc.
898 1565 1096 1607 virtutum
1129 1566 1371 1621 opprimunt
1402 1565 1471 1620 qui
1513 1566 1554 1607 in
1590 1570 1757 1621 peccato

73 1638 224 1681 mortui
264 1638 443 1680 fuerunt.
501 1637 708 1680 Debemus
748 1638 877 1680 eciam
918 1637 1055 1679 videre
1094 1637 1202 1691 quod
1233 1636 1326 1679 finis
1359 1636 1503 1679 umbre
1533 1641 1674 1679 nostre
1705 1637 1757 1680 ad

72 1709 207 1752 locum
247 1709 444 1762 attingat,
485 1709 554 1751 ubi
595 1722 739 1750 aurum
772 1708 873 1750 illud
900 1709 1030 1763 jacet3
1070 1721 1143 1763 per
1176 1708 1364 1751 umbram
1397 1708 1642 1762 intelligitur
1673 1709 1759 1751 vita

73 1785 226 1822 nostra.
284 1781 513 1837 sapiencia
545 1781 600 1823 2⁰.
643 1779 799 1822 Umbra
830 1780 938 1822 enim
979 1779 1185 1822 transiens
1227 1784 1290 1822 est
1329 1780 1414 1822 vita
1453 1783 1616 1834 nostra,
1650 1781 1758 1823 unde

76 1851 288 1895 attendere
326 1851 521 1894 debemus
561 1851 669 1906 quod
711 1851 857 1894 umbra
898 1855 1060 1905 nostra,
1099 1864 1153 1893 sc.
1193 1851 1278 1893 vita
1316 1864 1485 1906 presens
1523 1850 1645 1894 finem
1686 1852 1757 1894 ha-

75 1923 188 1967 bebit
224 1937 365 1966 mense
403 1923 521 1978 maji,
560 1923 586 1964 i.
611 1936 645 1965 e.
678 1923 720 1965 in
762 1927 872 1965 statu
915 1922 1146 1978 penitencie
1177 1922 1424 1965 terminetur
1465 1926 1526 1977 et,
1559 1926 1656 1966 tunc
1694 1923 1757 1965 in-

74 1995 286 2038 veniemus
318 1994 556 2036 thesaurum
589 1993 815 2048 infinitum,
854 1994 880 2036 i.
905 2007 938 2036 e.
972 1993 1104 2036 celum
1135 1994 1179 2036 in
1211 2006 1290 2048 quo
1323 1993 1564 2037 habebimus
1595 2008 1758 2050 semper

75 2070 200 2122 caput
222 2070 408 2108 nostrum
440 2078 622 2119 aureum,
656 2066 681 2107 i.
707 2079 740 2108 e.
766 2078 930 2121 semper
960 2065 1190 2108 videbimus
1223 2065 1408 2120 eristum,
1441 2065 1509 2121 qui
1543 2070 1605 2108 est
1635 2070 1760 2122 caput
1796 2078 1801 2083 ·

75 2141 261 2180 nostrum
295 2141 335 2179 et
364 2137 407 2179 in
439 2137 529 2192 ipso
562 2150 725 2192 semper
757 2137 954 2179 vivemus.

746 2390 854 2445 266,
887 2403 989 2446 app.
1012 2391 1087 2434 70.

195 2489 336 2532 Refert
369 2489 546 2543 Seneca,
587 2490 694 2544 quod
734 2491 908 2545 quedam
948 2491 1096 2534 mulier
1129 2491 1300 2547 pulchra
1330 2492 1415 2534 filia
1445 2492 1554 2545 regis
1586 2492 1759 2536 delicate

77 2561 233 2603 nutrita
255 2574 378 2616 passa
401 2566 489 2603 erat
518 2561 560 2602 in
583 2562 780 2615 mamilla,
814 2576 891 2616 que
922 2563 1132 2617 requisitis
1154 2563 1323 2605 medicis
1346 2563 1415 2618 qui
1438 2577 1525 2605 eam
1549 2568 1754 2606 sanarent.

76 2632 225 2675 Medici
256 2633 560 2687 responderunt
592 2633 698 2686 quod
732 2633 866 2675 curari
900 2647 979 2675 non
1014 2634 1145 2689 possit
1175 2634 1255 2676 nisi
1288 2634 1471 2676 mamilla
1503 2648 1575 2689 per
1602 2635 1755 2677 ferrum

78 2707 362 2760 penetraretur
395 2710 434 2745 et
466 2704 524 2745 sic
547 2703 754 2746 mediante
775 2705 884 2746 ferro
907 2705 1073 2747 morbus
1105 2705 1357 2747 educeretur.
1407 2705 1469 2747 Ac
1499 2704 1570 2746 illa
1602 2705 1755 2760 inquit:

77 2780 217 2817 tenere
248 2775 406 2816 nutrita
437 2788 542 2828 sum,
577 2774 684 2816 malo
717 2776 835 2829 mori,
869 2789 990 2830 quam
1023 2789 1115 2818 cum
1147 2776 1221 2818 tali
1253 2789 1361 2832 pena
1392 2776 1541 2818 vivere.
1584 2776 1658 2818 Ait
1672 2790 1756 2820 me-

78 2847 212 2889 dicus:
253 2850 393 2889 tenere
425 2847 582 2888 nutrita
613 2860 676 2900 es,
709 2847 882 2902 spongia
912 2847 1039 2889 maris
1071 2847 1251 2890 tenerior
1282 2850 1355 2890 est.
1397 2846 1608 2901 Permitte,
1640 2851 1686 2890 ut
1715 2851 1758 2890 te

9 2951 11 2953 .
78 2918 253 2974 spongia
283 2922 466 2972 tangam,
498 2921 539 2960 et
569 2918 629 2960 sic
658 2918 846 2962 morbum
880 2918 1064 2963 educam.
1112 2918 1208 2977 Ipsa
1234 2918 1437 2962 concessit
1457 2921 1498 2962 et
1518 2921 1661 2962 curata
1681 2922 1755 2965 est.
