1919 3157
837 55 919 98 711

48 154 183 199 Testes
227 157 387 199 diaboli
427 167 522 200 sunt
565 161 761 216 superbia
806 163 885 203 vite
931 164 1260 218 concupiscentia
1307 167 1443 205 carnis
1491 174 1527 207 et
1567 181 1713 208 concu-

127 228 329 283 piscentia
359 229 571 271 oculorum
606 231 699 273 128.

47 295 207 340 Tiberii
232 313 404 355 reqnum
434 299 503 341 44.

46 366 235 410 Tiberius
265 371 370 411 miro
401 371 522 412 modo
554 372 831 414 delectabatur
860 376 905 415 in
935 375 1114 416 melodia
1145 373 1211 416 85.

46 436 190 482 Timor
218 441 266 481 in
285 439 448 493 judicio
481 455 530 482 ex
559 443 698 484 multis
730 445 863 485 oritur
897 444 962 485 17.

45 507 134 552 Titi
159 524 331 566 reynum
362 509 401 551 2.

45 578 163 622 Titus
194 580 321 636 leyem
350 582 479 623 edidit
508 582 558 623 de
587 583 862 626 celebracione
886 586 1162 640 primoyeniti
1190 587 1257 626 sui
1286 585 1354 626 57.

45 649 164 693 Titus
193 654 381 707 regnavit
415 652 507 693 102.

46 720 230 778 Tyriaca
257 724 304 763 in
328 724 559 765 summitate
589 726 704 779 virye
735 733 772 766 et
801 725 965 767 arboris
996 740 1183 782 appensa
1217 727 1320 781 quid
1349 728 1559 784 significat
1590 727 1682 768 176.

45 791 199 849 Tyrius
229 801 266 834 et
299 790 437 836 Guido
469 795 572 835 socii
589 795 770 848 ficerunt
791 796 1035 854 fidelissimi
1067 796 1160 837 172.

44 862 254 917 Trajanus
283 865 511 919 imperator
540 866 646 906 miro
678 867 798 907 modo
831 875 940 908 ortos
975 864 1075 920 [168
1087 864 1127 920 b]
1161 867 1355 922 pulchros
1387 868 1531 909 dilexit
1561 867 1628 909 83.

44 933 245 976 Tunicam
277 935 439 990 qualem
468 934 615 976 habere
645 936 833 978 debemus
865 936 933 978 26.

47 1005 236 1047 Valerius
265 1008 392 1060 refert
422 1006 471 1047 de
503 1007 682 1061 quodam
715 1015 802 1048 orto
836 1007 904 1048 33.

47 1075 289 1118 Venacionis
319 1078 404 1117 tria
433 1085 528 1118 sunt
555 1092 707 1132 ymera
739 1086 774 1119 et
806 1078 946 1119 omnia
976 1078 1070 1119 dolo
1099 1078 1225 1133 plena
1257 1077 1324 1118 34.

47 1147 251 1189 Venenum
279 1147 439 1189 diaboli
464 1156 675 1203 peccatum
706 1157 764 1189 est
795 1147 891 1189 174.

46 1217 204 1260 Veneno
234 1220 394 1274 peccati
422 1233 513 1259 cum
544 1233 614 1260 cor
643 1227 829 1260 nostrum
868 1219 1138 1260 intoxicatum
1163 1219 1304 1274 fuerit
1338 1221 1511 1275 spiritus
1548 1227 1712 1261 sanctus

124 1304 209 1331 non
238 1289 442 1331 inhabitat
472 1289 540 1330 23.

45 1354 251 1402 Venenum
280 1359 418 1401 hausit
447 1375 613 1416 serpens
645 1361 694 1401 de
723 1360 889 1402 vulnere
919 1360 1062 1401 militis
1094 1359 1162 1401 99.

45 1431 215 1474 Ventum
244 1439 404 1472 mutare
434 1440 492 1472 est
520 1433 648 1473 vitam
677 1439 862 1473 nostram
892 1433 1097 1487 cor7·i9ere
1128 1430 1194 1471 70.

45 1501 195 1544 Ventus
225 1503 364 1557 siynat
393 1502 643 1544 diabolicam
673 1504 984 1558 temptacionem
1018 1502 1082 1542 16.

45 1572 237 1615 Veritatis
268 1587 529 1629 oppressores
562 1574 666 1628 quid
683 1573 857 1627 faciunt
887 1572 956 1614 22.

45 1643 292 1700 Vespasiani
318 1658 490 1699 reynum
520 1646 608 1685 sine
636 1644 753 1699 prole
788 1643 853 1684 10.

46 1713 323 1770 Vespasianus
351 1715 491 1768 filiam
529 1715 672 1756 habuit
709 1716 872 1756 nomine
903 1714 1057 1770 Aqlaes
1094 1712 1205 1767 quod
1227 1719 1403 1767 propter
1430 1711 1708 1766 pulchritudi-

121 1800 215 1827 nem
244 1787 418 1827 mutavit
447 1793 484 1827 et
513 1786 724 1827 dominam
754 1786 902 1827 solacii
930 1799 1019 1826 eam
1047 1783 1303 1838 nuncupavit
1333 1781 1401 1823 63.

46 1854 230 1897 Vetulam
268 1856 513 1911 locupletam
548 1857 664 1897 miles
696 1856 868 1911 quidam
904 1857 950 1896 in
979 1868 1148 1895 umorem
1184 1853 1341 1907 accepit
1375 1860 1421 1894 ut
1458 1866 1501 1894 eo
1526 1851 1707 1906 facilius

125 1927 373 1968 adulterium
404 1941 495 1967 cum
526 1927 709 1981 quadam
738 1927 826 1968 alia
855 1932 1110 1982 perpetraret
1144 1922 1238 1964 121.

46 1997 123 2040 Via
146 1997 321 2054 publica
345 2005 522 2053 propter
551 1998 737 2039 semitam
766 2012 849 2039 non
880 2005 936 2038 est
964 1994 1236 2050 relinquenda
1269 1993 1363 2035 103.

46 2067 123 2110 Via
151 2068 313 2123 inferni
340 2068 460 2110 habet
490 2076 568 2109 tres
600 2069 748 2110 milites
779 2068 1043 2109 sollicitantes
1074 2066 1124 2107 cle
1153 2064 1476 2120 inffl’edientibics
1508 2064 1575 2105 67.

45 2138 165 2181 Viam
187 2138 402 2195 publicam
430 2154 515 2180 non
544 2139 756 2180 ambulare
787 2139 889 2194 quid
917 2139 971 2179 sit
1001 2136 1069 2178 34.

46 2209 228 2266 Viyilare
258 2209 444 2252 debemus
474 2212 520 2251 in
551 2209 668 2251 bonis
700 2209 891 2265 operibus
927 2207 991 2248 17.

45 2279 140 2322 Vita
167 2289 308 2322 nostra
346 2282 403 2322 ad
432 2281 507 2322 lzoc
546 2283 764 2322 constituta
802 2287 838 2320 et
874 2277 992 2320 nobis
1024 2278 1232 2333 permissa
1269 2284 1326 2317 est
1361 2283 1407 2317 ut
1438 2276 1706 2331 penitentiam

123 2366 294 2407 aqamus
325 2351 393 2392 98.

45 2421 203 2464 Victori
232 2423 282 2463 de
312 2421 415 2463 bello
445 2422 633 2463 redeunti
662 2420 813 2476 triplea:
843 2419 973 2460 honor
1004 2416 1213 2459 exhibetur
1243 2417 1311 2458 30.

45 2492 192 2549 Vipere
219 2500 374 2533 natura
404 2491 471 2532 34.

45 2563 119 2606 Vir
148 2571 185 2605 et
213 2562 361 2604 mulier
390 2562 750 2604 matrimonialiter
780 2575 906 2602 unum
935 2568 1029 2602 sunt
1060 2559 1127 2602 75.

45 2633 220 2676 Virtutes
244 2648 325 2690 per
355 2633 566 2675 diabolum
597 2649 623 2674 a
652 2633 770 2674 nobis
789 2632 969 2687 fuyiunt
997 2630 1065 2672 49.

45 2704 206 2747 Vitulus
236 2706 450 2759 saqinatus
482 2712 540 2745 est
570 2703 755 2745 Christus
780 2717 863 2759 pro
893 2702 1012 2743 nobis
1041 2702 1274 2743 immolatus
1305 2702 1331 2743 9
1361 2704 1408 2743 in
1429 2705 1528 2762 fine.

45 2774 149 2818 Vitis
174 2777 317 2831 prima
345 2776 525 2816 inventio
561 2773 654 2815 159.

46 2845 196 2889 Vinum
224 2846 405 2888 homines
435 2847 482 2886 in
511 2853 706 2886 naturam
737 2844 962 2885 multarum
991 2843 1211 2884 bestiarum
1249 2851 1476 2886 commutat.
1531 2843 1699 2887 Ibidem.

0 2953 3 2957 .
46 2915 145 2959 Vini
170 2924 324 2958 natwra
356 2915 450 2957 179.
