1919 3157
884 55 968 96 283

88 168 222 207 status
255 167 317 206 est
350 162 482 216 valde,
515 167 866 216 transgressorum
907 161 1063 204 scilicet
1102 165 1321 216 tyrannum
1355 173 1493 202 coram
1526 173 1568 202 se
1602 160 1764 201 vocavit

87 241 129 278 et
158 248 283 291 super
313 234 387 276 tali
419 234 567 276 delicto
600 248 692 276 eum
721 226 937 288 arguebat,
975 233 1083 288 quod
1114 232 1315 285 imagines
1348 236 1490 274 contra
1522 235 1761 287 preceptum

87 320 206 348 suum
239 305 445 361 spoliavit.
495 306 551 348 At
583 305 672 348 ille:
704 305 894 358 Domine,
925 305 1082 347 licitum
1115 307 1178 346 est
1209 302 1332 344 michi
1361 302 1638 358 respondere?
1685 301 1762 352 Qui

88 377 166 419 ait:
199 376 323 420 Michi
345 377 447 419 bene
469 377 616 432 placet.
664 377 835 427 Quando
857 376 1058 431 templum
1080 375 1246 429 intravi,
1278 375 1414 430 prima
1435 375 1570 427 imago
1593 387 1760 415 manum

88 448 140 491 ad
170 462 235 490 me
267 448 471 501 extendit,
514 448 749 502 habensque
781 448 823 489 in
855 447 982 501 digito
1015 446 1233 499 annulum,
1277 459 1323 488 30
1355 447 1388 487 31
1421 446 1594 488 diceret:
1635 444 1762 487 Istum

88 519 286 562 annulum
309 520 468 575 accipe!
502 523 639 561 tamen
663 519 714 560 ad
737 519 1017 561 extensionem
1042 531 1188 560 manus
1209 517 1324 559 nolui
1345 518 1529 572 recipere
1552 529 1763 571 quousque

87 591 130 633 in
152 590 280 643 digito
303 591 701 646 superscripcionem
724 590 804 643 legi
827 590 912 632 scil.
961 589 1048 644 Ego
1072 603 1162 631 sum
1185 601 1420 642 generosuS,
1453 601 1544 630 ecce
1574 587 1761 630 annulus.

89 660 238 703 Statim
270 661 457 703 intellexi
490 662 902 717 superscripcionem,
936 661 1043 716 quod
1076 660 1266 702 voluntas
1296 660 1382 713 ejus
1406 663 1526 713 esset,
1559 663 1604 701 ut
1635 673 1764 701 annu—

87 732 172 775 lum
205 733 456 788 acciperem,
499 737 540 775 et
570 733 661 775 ideo
695 733 846 788 accepi.
898 732 1059 775 Deinde
1098 732 1148 774 ad
1189 731 1410 773 secundam
1443 731 1665 784 imaginem
1699 743 1765 772 30-

88 804 193 846 eessi
225 808 266 846 et
295 817 386 846 cum
421 818 508 846 eam
544 804 713 846 barbam
746 818 912 847 auream
946 803 1163 845 habentem
1197 802 1412 855 vidissem,
1446 802 1487 843 in
1521 801 1642 844 eorde
1673 815 1764 844 meo

89 875 266 929 cogitavi
298 878 339 917 et
370 875 476 917 dixi:
511 874 632 918 Pater
664 877 783 918 istius
815 888 1038 929 numquam
1073 874 1196 916 talem
1229 873 1398 916 barbam
1430 873 1628 926 habebat,
1669 873 1765 927 quia

89 947 228 1002 sepius
267 959 361 989 eum
402 947 505 1000 vidi,
546 951 586 989 et
624 948 733 1002 quod
772 948 825 990 sit
865 947 991 989 alcior
1031 959 1150 1001 quam
1192 950 1311 1001 pater
1350 945 1460 987 racio
1501 957 1583 986 non
1623 944 1762 986 dictat.

88 1017 245 1060 Bonum
279 1022 342 1060 est
372 1022 413 1060 et
442 1018 565 1071 utile,
605 1019 774 1061 barbam
809 1019 894 1073 ejus
934 1031 1099 1060 auream
1137 1018 1310 1060 auferre.
1364 1016 1658 1059 Verumtamen
1690 1015 1766 1058 hoc

88 1103 170 1132 non
201 1089 390 1132 obstante
421 1090 589 1132 barbam
624 1090 736 1132 nolui
759 1090 976 1133 extrahere
998 1103 1209 1144 quousque
1231 1088 1630 1145 suprascripcionem
1663 1086 1764 1140 legi:

88 1160 177 1215 Ego
209 1174 300 1203 sum
332 1161 547 1214 barbatus,
589 1162 705 1216 quia,
746 1163 780 1204 si
813 1163 903 1217 quis
935 1161 1074 1204 calvus
1105 1161 1249 1213 fuerit,
1295 1160 1344 1202 ad
1378 1173 1443 1202 me
1475 1159 1613 1201 veniat
1644 1162 1685 1201 et
1717 1158 1766 1200 de

88 1232 185 1289 pilis
217 1233 319 1275 meis
352 1233 539 1288 accipiat.
589 1232 704 1275 Sicut
734 1233 897 1287 videtis,
930 1232 1070 1275 calvus
1092 1246 1197 1286 sum,
1231 1236 1270 1275 et
1290 1232 1381 1274 ideo
1405 1231 1573 1274 barbam
1599 1244 1764 1272 auream

90 1308 259 1360 propter
297 1304 378 1346 duo
417 1304 581 1347 abstuli.
635 1304 770 1346 Unum
812 1309 893 1359 est,
935 1309 981 1346 ut
1019 1304 1129 1360 patri
1170 1317 1242 1346 suo
1282 1306 1392 1346 esset
1428 1302 1596 1355 similis,
1637 1306 1678 1344 et
1717 1301 1767 1344 de

89 1375 218 1418 barba
249 1389 374 1418 aurea
403 1389 485 1418 non
516 1377 640 1419 nimis
674 1376 919 1432 superbiret.
973 1374 1174 1430 Secundo,
1206 1379 1252 1417 ut
1283 1388 1357 1431 per
1383 1374 1490 1430 pilos
1522 1374 1608 1428 ejus
1640 1373 1768 1429 capiti

90 1461 181 1490 meo
212 1447 328 1490 calvo
360 1447 633 1490 subvenirem.
682 1447 842 1490 Deinde
875 1447 925 1489 ad
947 1448 1116 1490 terciam
1139 1447 1362 1501 imaginem
1386 1446 1552 1499 accessi,
1585 1458 1663 1500 que
1685 1445 1767 1488 013-

89 1519 255 1575 mydem
287 1532 454 1561 auream
487 1519 674 1562 habebat.
728 1518 967 1575 Clamydem
1002 1518 1153 1561 abstuli
1182 1532 1228 1561 eo
1251 1518 1360 1573 quod
1381 1518 1423 1560 in
1444 1517 1591 1573 hyeme
1622 1531 1766 1559 aurum

90 1595 153 1633 est
181 1590 391 1644 frigidum,
424 1595 465 1632 et
494 1591 630 1645 imago
664 1595 725 1633 est
756 1591 933 1647 lapidea,
965 1590 1208 1633 naturaliter
1237 1590 1345 1646 lapis
1374 1594 1437 1632 est
1456 1588 1643 1643 frigidus,
1675 1588 1768 1630 ideo

91 1663 126 1705 si
156 1661 327 1705 haberet
356 1661 587 1718 clamydem
620 1676 811 1716 auream,
844 1667 952 1705 esset
983 1662 1132 1705 addere
1162 1662 1430 1716 frigiditatem
1463 1660 1627 1714 frigido,
1660 1659 1769 1715 quod

91 1738 199 1777 esset
228 1747 354 1788 grave
384 1734 569 1788 imagini.
618 1734 718 1777 Item
754 1735 788 1776 si
820 1735 863 1776 in
885 1738 1015 1777 estate
1037 1733 1266 1789 clamydem
1289 1733 1472 1787 haberet,
1505 1736 1614 1774 esset
1643 1731 1768 1773 nimis

90 1805 380 1861 ponderosum.
433 1805 579 1848 Adhuc
619 1806 655 1848 ei
694 1809 866 1861 propter
904 1806 985 1848 ista
1021 1819 1103 1847 non
1143 1804 1424 1858 abstulissem,
1465 1803 1594 1846 donee
1625 1816 1768 1858 super-

92 1877 361 1933 scripcionem
399 1877 548 1919 frontis
587 1877 801 1931 legissem:
846 1877 935 1930 Ego
978 1891 1068 1919 sum
1109 1877 1179 1931 qui
1216 1876 1422 1918 neminem
1463 1875 1601 1917 timeo.
1665 1874 1767 1917 Cum

93 1962 187 1991 vero
219 1953 375 1991 tantam
418 1949 652 2004 superbiam
690 1950 732 1990 in
771 1962 817 1991 eo
849 1949 1067 2002 vidissem,
1107 1952 1153 1990 ut
1182 1947 1470 1990 humiliaretur
1502 1946 1654 1989 abstuli
1685 1946 1768 1988 cla-

91 2020 268 2076 mydem.
321 2020 394 2063 Ait
424 2021 669 2076 imperator:
711 2019 953 2073 Carissime,
987 2020 1149 2074 quando
1180 2019 1247 2061 lex
1280 2023 1369 2061 erat
1399 2019 1516 2071 data,
1555 2022 1601 2060 ut
1630 2017 1767 2060 nullus

91 2092 292 2146 imagines
329 2091 546 2147 spoliaret,
594 2105 729 2134 nonne
768 2095 857 2134 erat
893 2092 936 2133 in
974 2091 1065 2145 lege
1110 2090 1437 2146 promulgatum,
1485 2089 1592 2144 quod
1630 2088 1767 2130 nullus

92 2167 263 2219 propter
294 2163 474 2218 aliquam
513 2175 680 2205 causam
717 2163 919 2217 imagines
951 2162 1174 2218 spoliaret?
1230 2162 1286 2204 Et
1316 2161 1406 2204 ideo
1440 2161 1537 2216 quia
1567 2164 1608 2203 te
1639 2161 1768 2202 intro-

91 2235 244 2277 misisti
275 2234 326 2278 de
357 2235 415 2277 eis
449 2248 526 2289 que
559 2234 609 2276 ad
640 2238 679 2276 te
711 2248 793 2276 non
824 2233 1099 2290 pertinebant,
1132 2234 1182 2276 do
1212 2247 1288 2289 pro
1314 2233 1484 2287 judicio,
1518 2235 1563 2274 ut
1583 2231 1703 2274 hodie
1724 2231 1768 2273 in

91 2306 276 2362 patibulo
308 2307 364 2348 sis
397 2319 633 2361 suspensus.
684 2305 740 2348 Et
771 2306 830 2348 sio
859 2307 1014 2348 factum
1045 2309 1119 2348 est.

209 2379 490 2420 Moralizatio.
526 2375 618 2431 [ob]
673 2376 908 2430 Carissimi,
947 2378 1026 2419 iste
1056 2377 1283 2432 imperator
1314 2378 1377 2417 est
1407 2374 1596 2417 dominus
1628 2378 1768 2416 noster

93 2448 234 2492 Ihesus
272 2448 473 2492 Christus.
533 2448 633 2490 Tres
673 2448 874 2502 imagines
913 2453 1010 2491 sunt
1047 2448 1128 2490 tria
1165 2460 1318 2501 genera
1355 2447 1566 2489 hominum
1607 2446 1650 2487 in
1687 2446 1767 2488 isto

93 2520 260 2574 mundo,
292 2520 336 2562 in
367 2520 516 2576 quibus
549 2519 648 2561 deus
681 2519 920 2573 delectatur,
948 2520 1069 2573 juxta
1100 2518 1221 2561 illud:
1254 2517 1412 2560 Delicie
1441 2531 1531 2560 mee
1553 2520 1650 2559 sunt
1681 2530 1768 2559 esse

93 2604 187 2634 cum
218 2590 313 2634 filiis
344 2591 571 2634 hominum.
625 2589 668 2632 Si
700 2594 842 2633 sancte
873 2594 914 2633 et
938 2591 1050 2644 juste
1077 2591 1278 2643 vivamus,
1311 2589 1410 2631 deus
1431 2589 1642 2631 nobiseum
1675 2601 1769 2644 per-

94 2662 289 2706 manebit.
336 2662 416 2705 Per
446 2663 624 2718 primam
656 2662 893 2716 imaginem,
927 2675 1004 2716 que
1035 2661 1159 2704 habet
1187 2675 1354 2703 manum
1389 2664 1615 2713 extensam,
1648 2659 1769 2702 debe-

94 2747 187 2776 mus
217 2733 448 2788 intelligere
480 2747 683 2790 pauperes
717 2746 764 2775 30
795 2733 938 2775 mundi
971 2733 1193 2789 simpliceS,
1232 2733 1301 2787 qui
1333 2733 1367 2774 si
1399 2732 1515 2786 sequi
1547 2730 1696 2773 debent
1724 2731 1767 2773 in

95 2805 251 2847 curiam
283 2805 515 2861 principum
550 2818 598 2847 30
628 2804 889 2846 dominorum
922 2804 1077 2859 aliquid
1106 2804 1314 2860 expedire,
1346 2806 1508 2859 oportet
1533 2806 1580 2844 ut
1600 2815 1768 2844 manum

98 2880 310 2919 extensam
351 2876 530 2919 habeant
569 2876 619 2918 ad
660 2875 839 2918 dandum
873 2875 1004 2930 judici
1042 2889 1227 2918 munera.
1279 2875 1396 2917 Unde
1426 2887 1600 2917 munera
1630 2873 1768 2917 oculos

190 2959 212 2993 6
237 2958 281 2993 ad
308 2957 567 3002 extensionem]
594 2963 679 3004 oriy.
697 2957 954 2992 extensionem.
1050 2958 1094 2993 39
1115 2957 1241 3004 judici]
1268 2962 1352 3004 oriy.
1371 2955 1449 2991 sibi.

1789 451 1809 485 υἱ

1792 809 1836 843 10

1793 1167 1836 1201 15

1793 1524 1838 1558 20

1794 1882 1838 1917 25

1793 2240 1838 2274 30

1793 2598 1838 2632 35
