1929 3162
93 812 132 844 10

96 1172 134 1204 15

98 1885 142 1918 25

100 2241 144 2274 30

105 2599 148 2631 :35

953 58 1037 99 326

155 166 304 208 Parate
338 166 534 207 comitatu
567 165 680 218 abiit,
715 178 818 206 uxor
845 177 939 205 vero
964 168 1074 206 caste
1097 165 1271 206 vivendo
1295 165 1406 206 domi
1429 165 1640 206 remansit.
1674 165 1840 208 Accidit

156 237 302 289 semel,
347 236 452 290 quod
486 236 675 291 precibus
709 235 921 289 compulsa
954 235 1164 288 cujusdam
1208 249 1278 277 sue
1319 237 1451 278 vicine
1491 235 1684 290 epulandi
1716 249 1840 278 causa

156 309 321 349 domum
363 321 479 348 suam
523 307 808 359 egrederetur,
849 320 926 359 quo
961 310 1126 360 peracto
1161 306 1210 347 ad
1245 308 1413 361 propria
1444 306 1656 348 remeavit.
1709 305 1838 356 Quam

157 379 321 433 quidam
351 378 516 431 juvenis
550 382 759 432 aspectam
795 376 951 418 ardenti
978 390 1116 418 amore
1149 377 1259 430 cepit
1281 391 1420 419 amare
1443 382 1482 419 et
1505 377 1704 432 plurimos
1736 391 1840 418 nun—

157 451 240 491 cios
274 450 324 491 ad
358 463 445 491 eam
481 449 634 490 direxit
666 449 834 503 cupiens
868 448 917 488 ab
953 447 1034 499 illa,
1070 452 1267 501 quantum
1302 449 1471 490 ardebat
1493 448 1637 489 amari.
1686 447 1841 497 Quibus

158 522 404 575 contemptis
437 533 525 561 eam
561 520 723 574 penitus
757 519 924 573 sprevit.
977 518 1044 558 llle
1068 532 1162 559 vero
1193 533 1235 559 se
1268 521 1435 560 omnino
1468 524 1747 574 contemptum
1781 518 1841 559 vi-

158 592 257 633 dens
292 592 391 633 adeo
427 591 568 632 dolens
602 590 791 642 efficitur,
826 589 934 642 qumi
967 589 1265 631 infirmabatur.
1316 590 1421 645 Sepe
1444 595 1581 631 tamen
1615 589 1711 631 illuc
1742 589 1842 642 ibat,

159 662 229 703 sed
262 663 388 703 nichil
422 664 456 704 ei
493 662 622 703 valuit
654 675 699 702 eo
734 661 840 714 quod
874 660 1041 701 domina
1073 674 1146 714 per
1178 662 1317 702 onmia
1350 675 1439 703 eum
1465 661 1634 716 sprevit.
1681 660 1844 702 Accidit

159 734 334 788 quodam
370 734 448 785 die,
483 734 590 787 quod
625 746 765 773 versus
800 731 1011 772 ecclesiam
1047 732 1231 785 perrexit
1263 732 1404 773 dolens
1439 746 1485 773 ac
1516 732 1669 783 tristis,
1702 737 1743 773 et
1774 731 1843 773 ob-

159 805 268 846 viam
302 805 445 846 habuit
478 804 680 858 quandam
719 803 896 844 vetulam
931 803 971 843 in
1005 804 1215 857 proposito
1249 808 1433 845 sanctam
1464 807 1710 858 reputatam.
1759 801 1844 852 Que

161 890 249 918 cum
279 877 473 930 juvenem
508 876 668 916 tristem
706 875 895 926 vidisset,
940 887 1104 915 causam
1139 878 1251 916 tante
1285 875 1459 915 tristicie
1491 874 1540 915 ab
1574 888 1620 916 eo
1653 874 1842 928 quesivit.

160 947 217 989 At
248 947 335 989 ille:
369 947 474 996 Quid
497 947 667 1001 prodest
690 946 814 986 michi
838 945 912 985 tibi
935 945 1135 987 narrare?
1184 946 1239 986 At
1262 946 1351 987 illa:
1387 946 1419 987 O
1443 946 1668 997 carissime,
1702 958 1842 999 quam-

162 1019 231 1059 diu
264 1017 450 1059 infirmus
484 1017 697 1058 abscondit
731 1031 753 1057 a
785 1016 943 1057 medico
978 1030 1093 1057 suam
1134 1017 1438 1069 infirmitatem,
1478 1031 1557 1058 non
1593 1016 1747 1071 poterit
1777 1029 1846 1057 cu-

161 1090 257 1131 rari.
309 1090 400 1131 ldeo
434 1089 604 1130 ostende
636 1089 760 1129 michi
794 1101 957 1129 causam
994 1088 1098 1128 tanti
1132 1088 1304 1129 doloris!
1353 1087 1453 1129 Cum
1483 1088 1547 1128 dei
1571 1087 1774 1141 adjutorio
1807 1092 1846 1129 te

162 1161 325 1202 curabo.
378 1160 550 1203 <Iuvenis
590 1173 680 1201 cum
721 1160 796 1200 hoc
838 1159 1038 1211 audisset,
1080 1159 1259 1201 ostendit
1298 1159 1354 1207 ei,
1398 1159 1600 1212 quomodo
1637 1159 1845 1200 dominam

162 1232 319 1273 dilexit.
368 1233 442 1274 Ait
482 1232 637 1273 vetula:
680 1231 808 1283 Perge
849 1231 928 1271 cito
968 1231 1018 1271 ad
1057 1231 1220 1271 domum
1263 1236 1399 1282 tuam,
1441 1230 1537 1284 quia
1578 1229 1685 1270 infra
1725 1229 1847 1271 breve

162 1308 324 1358 tempus
359 1308 398 1344 te
431 1303 594 1344 curabo.
649 1302 740 1344 Hiis
783 1302 902 1343 dictis
937 1302 1102 1355 juvenis
1141 1302 1191 1343 ad
1225 1302 1389 1342 domum
1424 1301 1609 1356 perrexit
1640 1305 1681 1342 et
1711 1300 1848 1342 vetula

163 1375 213 1416 ad
245 1375 415 1429 propria
448 1374 659 1416 remeavit.
708 1373 856 1414 Vetula
888 1374 967 1414 ista
1000 1373 1205 1426 quandam
1239 1372 1466 1414 caniculam
1501 1371 1691 1424 habebat,
1726 1385 1847 1425 quam

163 1446 321 1487 duobus
355 1446 498 1487 diebus
532 1446 721 1499 jejunare
754 1445 887 1496 coegit
919 1449 959 1486 et
992 1445 1056 1486 die
1093 1445 1220 1485 tercia
1253 1457 1400 1498 panem
1435 1444 1581 1498 synapi
1615 1443 1848 1484 confectum

94 1536 102 1544 ·
164 1517 347 1559 canicule
375 1516 580 1571 jejunanti
614 1516 739 1558 dedit.
788 1516 914 1565 Quem
950 1530 1040 1557 cum
1076 1519 1295 1568 gustasset,
1328 1529 1401 1570 pre
1435 1514 1711 1556 amaritudine
1743 1513 1849 1555 oculi

166 1589 252 1642 ejus
285 1588 609 1630 lacrimabantur
642 1592 728 1629 tota
760 1587 838 1628 die.
893 1588 1006 1628 Tunc
1039 1587 1175 1628 vetula
1199 1587 1249 1628 ad
1271 1587 1437 1628 domum
1471 1585 1635 1627 domine
1667 1585 1852 1640 perrexit

166 1674 258 1701 cum
291 1660 499 1711 canicula,
541 1673 662 1713 quarn
699 1659 863 1712 juvenis
906 1659 1052 1700 dilexit
1091 1662 1266 1700 tantum.
1331 1657 1480 1699 Statim
1523 1671 1546 1698 a
1583 1657 1751 1698 domina
1789 1662 1852 1698 est

166 1731 388 1772 honorifice
420 1734 612 1785 suscepta
650 1743 695 1771 eo
730 1730 836 1783 quod
869 1730 1140 1785 reputabatur
1171 1733 1326 1770 sancta.
1380 1728 1487 1770 Dum
1523 1733 1659 1770 autem
1693 1728 1851 1770 adinvi-

167 1816 254 1844 cem
289 1803 498 1853 sederent,
541 1801 708 1842 domina
748 1814 916 1856 parvam
952 1801 1178 1842 caniculam
1220 1800 1505 1842 lacrimantem
1539 1800 1741 1854 respexit,
1780 1799 1851 1842 ad-

168 1874 395 1915 mirabatur
427 1873 602 1914 multum
627 1877 667 1914 et
689 1873 866 1926 quesivit,
895 1886 1073 1913 causam.
1124 1872 1197 1912 Ait
1221 1871 1377 1912 vetula:
1413 1870 1445 1913 Ο
1469 1872 1685 1913 carissima
1706 1871 1850 1924 amica,

168 1945 251 1987 noli
286 1958 468 1999 querere,
502 1957 628 1998 quare
660 1944 912 1996 lacrimatur,
947 1944 1043 1997 quia
1075 1947 1234 1984 tantum
1270 1943 1453 1984 dolorem
1482 1942 1620 1995 habet,
1653 1943 1760 1996 quod
1783 1943 1851 1984 vix

171 2017 322 2071 poterit
356 2016 429 2056 tibi
464 2016 660 2056 intimari.
712 2015 891 2056 Domina
913 2029 1009 2056 vero
1042 2015 1174 2067 magis
1207 2028 1254 2055 ac
1287 2015 1418 2067 magis
1451 2014 1690 2067 instigabat,
1724 2017 1768 2055 ut
1792 2014 1852 2055 di-

171 2093 291 2129 ceret.
347 2086 420 2128 Cui
456 2086 610 2127 vetula:
653 2085 738 2127 Hec
770 2086 955 2127 canicula
988 2091 1077 2127 erat
1113 2085 1197 2126 tilia
1229 2099 1321 2127 mea
1356 2084 1478 2139 [2822]
1514 2090 1629 2126 casta
1659 2085 1781 2126 nimis
1814 2089 1854 2127 et

171 2160 336 2211 decora,
378 2171 498 2211 quam
534 2158 699 2210 juvenis
739 2158 903 2211 quidam
940 2157 1201 2198 vehementer
1235 2157 1462 2209 adamavit,
1505 2157 1576 2198 sed
1609 2156 1709 2198 adeo
1741 2161 1855 2198 casta

172 2235 281 2280 erat,
316 2234 359 2270 ut
391 2229 556 2269 omnino
590 2233 803 2283 sperneret
834 2229 919 2281 ejus
952 2242 1149 2281 amorem,
1188 2229 1294 2270 unde
1320 2228 1486 2282 juvenis
1519 2232 1680 2269 tantum
1712 2228 1854 2270 dolens

173 2316 245 2356 pre
286 2301 425 2342 dolore
466 2304 652 2341 mortuus
686 2305 766 2352 est,
808 2314 881 2354 pro
922 2314 1001 2353 qua
1043 2300 1163 2354 culpa
1195 2300 1293 2340 deus
1328 2300 1530 2340 convertit
1560 2298 1687 2339 filiam
1720 2312 1854 2340 meam

173 2375 213 2415 in
248 2372 496 2423 caniculam,
537 2373 643 2412 sicut
679 2374 722 2412 tu
756 2371 882 2412 vides.
940 2371 1014 2412 His
1055 2371 1175 2412 dictis
1208 2371 1362 2425 incepit
1392 2370 1531 2411 vetula
1566 2368 1664 2411 flere
1695 2369 1854 2410 dicens:

174 2444 377 2494 Quociens
417 2442 501 2483 lilia
542 2456 634 2483 mea
674 2442 836 2494 recolit,
882 2443 988 2496 quod
1022 2446 1105 2483 tam
1142 2441 1313 2496 pulchra
1346 2441 1481 2496 puella
1514 2444 1622 2493 erat,
1663 2444 1703 2482 et
1734 2440 1855 2481 modo

175 2521 236 2556 est
269 2514 474 2565 canicula,
506 2513 577 2555 fiet
609 2518 647 2555 et
681 2513 884 2554 consolari
917 2514 1080 2567 nequit,
1113 2514 1239 2554 immo
1273 2525 1413 2553 omnes
1447 2512 1497 2553 ad
1529 2511 1671 2553 fletum
1705 2512 1858 2554 excitat
1886 2550 1893 2554 ,

175 2601 247 2641 pre
282 2586 406 2626 nimio
441 2585 591 2626 dolore.
640 2585 825 2625 Audiens
861 2585 932 2625 hec
965 2584 1132 2625 domina
1164 2585 1273 2625 intra
1306 2597 1348 2625 se
1380 2582 1607 2636 cogitabat:
1645 2582 1736 2624 Heu
1767 2584 1854 2624 mel

177 2658 300 2698 simili
334 2657 454 2698 modo
488 2670 552 2697 me
585 2656 751 2709 quidam
780 2657 944 2709 juvenis
979 2656 1113 2709 diligit
1145 2660 1185 2697 et
1216 2668 1289 2710 pro
1324 2668 1462 2696 amore
1486 2668 1576 2696 meo
1608 2653 1854 2696 infirmatur.

179 2729 231 2769 Et
261 2732 391 2769 totum
427 2740 663 2782 processum
696 2726 831 2768 vetule
866 2728 1062 2768 narravit.
1112 2726 1260 2768 Vetula
1300 2726 1372 2767 hec
1405 2726 1575 2767 audiens
1608 2726 1685 2767 ait:
1726 2724 1759 2767 Ο
1791 2738 1857 2766 ca-

178 2800 340 2840 rissima
375 2799 554 2850 domina,
588 2797 671 2838 noli
705 2811 884 2838 amorem
913 2798 1076 2851 juvenis
1110 2811 1317 2851 spernere,
1350 2810 1401 2838 ne
1432 2797 1537 2838 forte
1560 2800 1600 2838 et
1621 2800 1664 2838 tu
1686 2796 1858 2838 muteris

179 2871 219 2911 in
252 2870 479 2911 caniculam
515 2870 621 2910 sicut
658 2868 743 2909 filia
775 2882 888 2920 mea,
931 2868 1035 2921 quod
1071 2873 1178 2910 esset
1210 2869 1433 2922 dampnum
1468 2868 1737 2910 intolerabile.
1785 2867 1859 2909 Ait

179 2941 344 2983 domina
376 2941 532 2983 vetule:
567 2941 598 2982 O
633 2941 738 2981 bona
770 2944 973 2993 matrona,
1007 2940 1100 2981 date
1122 2940 1246 2981 michi
1269 2953 1413 2981 sanum
1437 2939 1668 2993 consilium,
1701 2943 1746 2981 ut
1776 2951 1858 2980 non
