1919 3131
78 854 116 894 9.

52 996 116 1038 10.

53 1141 118 1182 11.

53 1282 118 1324 12.

54 1424 118 1465 13.

55 1568 119 1608 14.

55 1710 120 1752 15.

55 1853 120 1895 16.

56 1996 122 2038 17.

58 2138 122 2180 18.

58 2281 123 2323 19.

41 2363 125 2465 20.

58 2564 125 2606 21.

59 2705 127 2748 22.

61 2847 128 2890 23.

855 39 910 79 «33

165 143 389 186 Veritatem
440 143 634 185 debemus
686 143 833 186 dicere.
903 143 1111 185 Adrianus
1159 143 1347 195 regnavit
1392 147 1538 197 potens
1586 142 1715 185 valde.

165 213 357 264 (Hahne.)
404 213 473 256 lat.
498 216 565 255 ⁴38.

164 284 381 326 Contraria
419 285 483 327 dei
524 284 710 326 voluntas
743 289 804 328 est
836 284 1077 338 abjicienda.
1135 283 1370 326 Alexander
1404 284 1590 338 regnavit
1621 297 1718 339 pru-

164 355 263 398 dens
296 355 426 397 valde.
475 354 602 405 (Sohn
636 355 748 397 stellt
779 356 870 398 dem
904 360 1018 397 vater
1051 353 1185 405 nach.)
1232 355 1301 397 lat.
1327 358 1364 396 9.

164 425 266 468 Cum
314 426 433 468 malis
479 439 559 467 non
599 431 661 468 est
699 426 980 469 habitandum.
1045 425 1296 468 Allexander
1335 427 1521 480 regnavit
1559 430 1716 481 potens.

165 497 359 551 (Konigin
391 497 461 539 des
493 497 702 549 nordens.)
749 497 819 539 lat.
836 496 913 538 ’11.

108 601 116 609 .
164 567 227 610 De
259 568 442 611 doctrine
474 568 748 624 providencia.
797 567 1050 610 Allexander
1081 567 1268 621 regnavit
1298 568 1367 622 qui
1388 567 1646 610 Aristotilem
1678 568 1720 609 in

164 641 420 693 magistrum.
471 640 732 690 (Aristoteles
765 639 936 690 lehren.)
983 638 1052 681 lat.
1078 640 1145 680 34.

163 710 315 753 Contra
360 711 607 766 superbiam.
669 710 920 753 Allexander
966 710 1154 764 regnavit
1199 710 1269 764 qui
1318 709 1543 751 dominium
1590 710 1720 751 tocius

164 782 319 824 mundi.
369 782 594 834 (Basilisk.)
641 782 711 824 lat.
740 783 833 823 139.

163 852 226 896 De
256 853 546 908 subjugacione
577 853 852 908 peccancium.
898 852 1150 895 Allexander
1180 865 1353 905 magnus
1385 851 1475 907 pori
1506 851 1614 904 regis
1646 850 1719 893 Ju-

165 924 345 967 deorum.
395 924 604 978 (Geschirr
636 924 825 974 stehlen.)
874 937 968 979 app.
994 925 1032 965 2.

164 995 227 1038 Ι)6
258 996 407 1039 unione
438 996 591 1039 Christi
623 1000 664 1038 et
694 995 838 1037 matris
871 995 969 1049 ejus.
1025 994 1230 1037 Antonius
1263 993 1450 1048 regnavit
1480 993 1522 1034 in
1555 992 1721 1035 civitate

165 1081 267 1110 rom.
317 1067 479 1122 (Hemd,
507 1067 600 1110 ¹drei
632 1067 743 1119 zoll.)
790 1066 860 1108 lat.
887 1067 953 1108 64.

167 1138 336 1182 Gestum
368 1139 417 1182 de
447 1139 629 1182 ecclesia.
669 1138 883 1180 Attiverus
904 1151 977 1180 rex
998 1136 1153 1191 grande
1174 1136 1407 1178 convivium
1430 1135 1586 1178 cunctis
1608 1135 1722 1191 prin-

167 1210 338 1266 cipibus.
384 1210 581 1261 (Esther.)
628 1209 697 1251 lat.
727 1210 820 1251 177.

166 1281 229 1324 Ι)6
260 1282 573 1338 perseverancia
607 1280 806 1323 bonorum
839 1293 1021 1335 operum.
1077 1278 1283 1321 Antonius
1315 1277 1504 1332 regnavit
1533 1278 1576 1320 in
1608 1277 1723 1331 cujus

144 1353 354 1409 imperio.
403 1352 609 1404 (Brucke.)
662 1365 789 1406 germ.
815 1351 883 1393 53.

167 1423 229 1467 De
266 1424 534 1480 providencia
572 1423 688 1477 regni
727 1422 902 1466 celestis.
965 1421 1214 1464 Aurelianus
1252 1420 1441 1475 regnavit
1479 1420 1521 1461 in
1558 1419 1724 1462 civitate

167 1509 350 1538 romana.
399 1493 717 1550 (Narrenapfel.)
763 1493 835 1536 lat.
860 1494 928 1535 74.

167 1566 230 1610 Ι)6
262 1566 599 1610 reconciliacione
631 1565 698 1608 dei
729 1568 804 1608 etc.
852 1564 1072 1620 Pompejus
1095 1564 1284 1618 regnavit
1306 1563 1419 1605 dives
1442 1574 1565 1618 super
1587 1561 1726 1603 omnia

166 1643 324 1695 potens.
374 1638 489 1681 Ohne
519 1637 657 1692 lampe
678 1635 762 1678 und
783 1635 908 1678 hund.
957 1635 1171 1688 (Entfuhrt
1190 1634 1275 1676 und
1297 1633 1552 1685 beschenkt.)
1593 1632 1664 1674 lat.
1687 1634 1722 1673 1.

168 1710 284 1761 Quod
314 1710 489 1753 multum
521 1709 716 1752 debemus
742 1707 941 1762 judicare.
988 1706 1092 1749 Erat
1123 1706 1289 1761 quidam
1311 1706 1538 1761 imperator
1559 1703 1724 1746 nomine

169 1785 267 1824 otto.
317 1780 664 1834 (Hundsrachen.)
708 1779 778 1821 lat.
806 1780 871 1821 12.

168 1852 380 1896 Confessio
426 1866 531 1909 pura
576 1855 617 1894 et
661 1852 824 1904 integra
861 1849 970 1893 delet
1008 1852 1082 1892 etc.
1145 1848 1320 1900 Quidam
1358 1848 1584 1904 imperator
1624 1850 1723 1890 erat.

170 1924 230 1977 (C.
254 1924 304 1966 D.
328 1924 382 1968 M.
405 1924 470 1977 R.)
516 1923 588 1966 lat.
615 1923 680 1965 13.

169 1995 232 2038 De
271 1996 494 2039 venacione
534 1993 711 2050 dyaboli.
766 1992 941 2043 Quidam
978 2005 1052 2034 rex
1092 1992 1181 2034 erat
1218 1994 1364 2047 potens
1405 1990 1475 2045 qui
1511 1989 1655 2032 habuit
1686 1992 1728 2031 et

168 2067 333 2110 fecerat.
383 2065 730 2119 (Hundenamen.)
776 2063 847 2106 lat.
874 2064 970 2105 142.

170 2137 234 2181 De
253 2137 486 2180 humilitate
505 2135 745 2192 peccatoris.
778 2134 935 2189 Regina
956 2133 1132 2190 quedam
1154 2133 1342 2189 concepit
1358 2131 1500 2174 filiuni.
1535 2131 1726 2184 (Zweier-

169 2209 225 2252 lei
255 2208 382 2261 tuch.)
429 2208 500 2250 lat.
525 2209 593 2250 26.

170 2279 302 2323 Μ11116
339 2279 443 2322 fiunt
481 2279 683 2321 adulteria
720 2291 794 2333 per
835 2277 1024 2332 antiquas
1056 2275 1227 2319 vetulas.
1284 2274 1513 2330 Imperator
1546 2272 1723 2328 quidam.

171 2350 431 2403 (Weinendes
462 2349 688 2401 hiindlein.)
735 2348 806 2391 lat.
831 2349 899 2390 26.

171 2422 324 2466 Decem
362 2424 560 2478 precepta
596 2420 751 2462 domini
789 2419 984 2462 debemus
1023 2430 1199 2462 servare.
1262 2415 1381 2459 Miles
1420 2415 1587 2472 quidam
1625 2417 1724 2457 erat.

173 2492 274 2545 (Gut
303 2493 573 2544 anvertraut.)
616 2491 686 2533 lat.
715 2490 809 2532 118.

172 2563 236 2607 De
262 2563 444 2606 falsitate
465 2563 651 2606 divitum.
693 2560 867 2612 Quidam
889 2560 1010 2602 homo
1032 2562 1121 2603 erat
1142 2558 1212 2614 qui
1231 2557 1375 2601 habuit
1395 2557 1560 2599 unicum
1582 2554 1724 2597 filium.

173 2633 423 2688 (Oelf'asser.)
471 2647 564 2689 app.
589 2633 657 2675 50.

172 2705 392 2748 Confessor
431 2705 551 2748 debet
586 2702 792 2746 attrahere
823 2705 1092 2758 peccatorem.
1148 2700 1281 2743 Lusor
1313 2698 1480 2754 quidam
1511 2709 1727 2740 occurrens

173 2776 212 2820 b.
234 2775 486 2819 Bernhardo.
536 2774 612 2827 (St.
634 2774 848 2817 Bernhard
878 2772 963 2815 und
994 2772 1066 2815 der
1097 2771 1277 2828 spieler.)
1323 2770 1394 2812 lat.
1421 2769 1516 2811 170.

171 2847 288 2890 Bona
318 2851 414 2890 vota
443 2847 645 2890 castitatis
677 2849 752 2888 etc.
801 2843 985 2887 Herodes
1016 2843 1204 2897 regnavit
1237 2842 1306 2897 qui
1337 2841 1465 2883 filiam
1497 2838 1724 2896 pulchram.

176 2918 340 2972 (Sieben
366 2918 485 2973 jahre
516 2918 638 2970 treu.)
685 2929 812 2971 germ.
836 2915 904 2958 59.
