1949 3162
153 468 174 501 0¹

132 824 175 857 10

134 1183 177 1216 15

135 1537 180 1570 20

138 1893 182 1927 25

140 2248 185 2282 30

144 2603 188 2636 35

993 69 1077 110 432

201 182 241 221 et
270 179 312 219 in
335 176 524 218 omnibus
555 176 670 229 locis,
703 177 744 217 in
778 175 925 229 quibus
956 173 1166 216 ambulare
1201 172 1273 227 [82
1286 171 1325 227 b]
1361 172 1532 224 solebat,
1565 175 1605 213 et
1635 171 1677 212 in
1699 171 1876 226 mappis,

199 250 239 290 in
273 248 419 302 quibus
451 247 700 289 comedebat.
754 245 853 288 Post
884 245 958 287 hec
989 246 1090 299 cito,
1130 245 1226 299 quia
1256 248 1338 285 tam
1367 244 1504 297 justus
1537 246 1645 295 erat,
1678 242 1795 284 multi
1827 241 1877 284 de

199 319 373 373 imperio
411 322 554 359 contra
594 331 686 360 eum
727 316 1039 372 conspirabant,
1086 320 1131 357 ut
1168 329 1259 357 011111
1301 314 1551 366 occiderent,
1592 317 1633 355 et
1673 313 1770 367 quia
1803 326 1878 368 per

199 391 306 431 viam
349 389 534 443 potencie
574 389 649 430 hoc
692 388 918 443 adimplere
958 401 1040 429 non
1082 390 1291 441 poterant,
1336 398 1424 426 cum
1466 383 1751 426 barbitonsore
1792 383 1878 437 ejus

199 460 493 515 loquebantur,
527 463 590 513 ut,
624 473 713 501 cum
747 459 916 500 barbam
950 459 1036 512 ejus
1068 457 1251 509 raderet,
1289 460 1430 509 guttur
1462 456 1548 509 ejus
1581 454 1806 507 scinderet,
1839 457 1880 495 et

200 531 430 573 mercedem
462 531 641 572 haberet.
690 530 958 572 Barbitonsor
991 542 1100 581 vero,
1135 531 1303 582 accepta
1332 527 1381 568 ab
1404 526 1462 567 eis
1486 526 1672 580 pecunia,
1704 523 1879 567 fideliter

201 603 427 658 adimplere
468 602 671 657 promisit.
727 601 829 643 Cum
871 614 966 642 vero
1004 600 1231 654 imperator
1262 597 1351 639 radi
1392 596 1579 650 deberet,
1619 595 1880 638 barbitonsor

201 674 369 716 barbam
403 673 524 726 lavit,
565 678 604 714 et
637 673 730 714 dum
766 672 921 726 incepit
951 671 1117 723 radere,
1155 668 1338 724 respexit
1369 668 1562 721 inferius,
1603 667 1706 709 vidit
1736 679 1881 708 manu-

201 745 377 798 tergium
410 744 517 786 circa
549 744 696 786 collum
731 744 838 797 ejus,
872 743 914 784 in
948 756 1025 796 quo
1059 745 1147 783 erat
1179 741 1399 795 scriptum:
1439 737 1641 792 Quicquid
1674 751 1771 791 agas
1803 743 1878 780 etc.

203 816 304 858 Cum
328 816 588 858 barbitonsor
610 815 855 870 scripturam
880 813 1059 866 legisset,
1084 813 1194 854 intra
1213 825 1254 853 se
1277 809 1504 864 cogitabat:
1524 808 1655 851 Hodie
1673 822 1762 850 sum
1786 821 1881 851 con-

203 888 362 940 ductus,
396 891 440 928 ut
472 887 595 928 istum
619 886 825 927 hominem
860 884 1062 935 occidam3
1097 884 1130 925 si
1154 883 1231 924 hoc
1252 882 1400 934 fecero,
1434 880 1526 922 finis
1550 894 1665 922 meus
1689 880 1767 922 erit
1790 892 1882 935 pes-

203 959 343 1011 simus,
378 958 474 1012 quia
504 961 636 999 morte
668 957 909 1011 turpissima
935 969 1002 997 ero
1032 955 1370 1009 condempnatus,
1400 952 1509 1007 quia,
1543 951 1737 1005 quicquid
1770 963 1880 1004 agas,

204 1030 354 1072 bonum
389 1033 462 1082 est,
496 1029 700 1083 respicere
731 1027 868 1079 finem,
902 1031 947 1068 ut
969 1026 1068 1067 dicit
1090 1027 1170 1067 ista
1191 1025 1408 1079 scriptura.
1454 1021 1603 1064 Statim
1626 1035 1772 1064 manus
1796 1022 1882 1076 ejus

203 1101 445 1155 inceperunt
476 1104 651 1141 tremere
684 1099 755 1151 ita,
789 1097 896 1152 quod
929 1097 1129 1138 novacula
1161 1097 1209 1137 de
1243 1094 1431 1137 manibus
1464 1094 1550 1148 ejus
1583 1093 1741 1135 cecidit.
1796 1091 1883 1134 Hoc

204 1171 436 1227 percipiens
460 1185 531 1212 rex
555 1171 631 1212 ait:
655 1170 732 1212 Dic
757 1169 893 1222 michi,
916 1169 1014 1223 quid
1036 1168 1110 1210 tibi
1134 1167 1220 1209 est?
1254 1166 1308 1208 Et
1325 1165 1413 1208 ille:
1438 1164 1470 1207 Ο
1490 1165 1666 1217 domine,
1688 1163 1884 1205 miserere

202 1243 296 1295 mei,
330 1242 449 1283 bodie
482 1255 571 1283 sum
605 1242 828 1283 conductus
860 1244 1029 1295 propter
1061 1239 1244 1294 precium
1277 1242 1317 1279 te
1350 1236 1554 1288 occidere3
1596 1249 1620 1277 a
1650 1248 1748 1277 casu
1780 1234 1886 1276 sicut

204 1314 303 1355 deus
336 1313 466 1354 voluit
498 1313 744 1367 scripturam
779 1311 1027 1364 manutergii
1058 1310 1158 1363 legi,
1199 1309 1373 1350 scilicet:
1416 1306 1617 1361 Quicquid
1656 1319 1753 1359 agas
1786 1309 1884 1357 etc.;

206 1385 345 1426 statim
380 1384 651 1436 consideravi,
685 1383 792 1437 quod
815 1382 907 1423 finis
931 1396 1045 1424 meus
1068 1385 1176 1423 esset
1197 1394 1307 1421 mors
1340 1378 1594 1434 turpissima,
1625 1377 1717 1419 ideo
1739 1389 1885 1418 manus

203 1469 293 1498 mee
333 1455 576 1497 tremebant.
637 1454 867 1509 Imperator
913 1466 1003 1495 cum
1053 1453 1129 1494 hoc
1177 1451 1379 1503 audisset,
1424 1450 1536 1491 intra
1576 1462 1619 1491 se
1658 1447 1884 1502 cogitabat:

203 1527 345 1569 Prima
377 1526 587 1581 sapiencia
609 1525 736 1567 vitam
760 1538 893 1566 meam
929 1523 1118 1576 salvavit,
1150 1523 1257 1565 bona
1282 1522 1382 1563 hora
1403 1520 1586 1576 precium
1611 1533 1687 1575 pro
1710 1532 1758 1560 ea
1779 1518 1884 1560 dedi.

204 1598 259 1640 Et
282 1598 339 1640 ait
369 1597 671 1639 barbitonsori:
706 1595 910 1638 Ammodo
933 1595 987 1636 sis
1010 1593 1156 1646 fidelis,
1189 1592 1264 1635 tibi
1295 1592 1475 1634 remitto.
1524 1590 1699 1646 Satrape
1721 1588 1900 1645 imperii-

204 1669 281 1711 hoc
312 1669 511 1721 videntes,
546 1668 654 1722 quod
685 1681 766 1709 non
789 1669 980 1722 poterant
1002 1679 1076 1721 per
1097 1665 1210 1706 illam
1234 1664 1341 1705 viam
1367 1677 1458 1705 eum
1483 1662 1680 1715 occidere,
1710 1661 1822 1702 intra
1843 1673 1887 1702 se

206 1740 453 1792 tractabant,
488 1739 691 1793 quomodo
725 1752 817 1780 eum
850 1737 1097 1790 occiderent,
1130 1739 1170 1778 et
1202 1735 1430 1777 adinvicem
1460 1734 1675 1776 dixerunt:
1709 1731 1799 1773 Tali
1822 1731 1887 1773 die

205 1812 371 1854 recedet
410 1824 552 1853 versus
584 1810 699 1852 illam
731 1810 963 1860 civitatem;
1004 1808 1132 1850 simus
1170 1806 1241 1848 illo
1282 1806 1348 1847 die
1387 1806 1430 1846 in
1471 1805 1620 1847 semita
1657 1802 1888 1846 absconditi

207 1897 281 1939 per
314 1897 435 1937 quam
467 1882 688 1924 transitum
725 1881 868 1933 faciet,
909 1884 949 1922 et
987 1893 1079 1922 eum
1119 1878 1365 1920 occidamus.
1419 1876 1476 1918 At
1514 1875 1594 1917 illi:
1633 1874 1794 1916 Bonum
1826 1876 1889 1916 est

209 1954 437 1997 consilium.
492 1952 579 1994 Rex
618 1952 760 1994 eodem
800 1956 986 2006 tempore
1025 1963 1167 1993 versus
1206 1949 1413 1991 civitatem
1453 1946 1704 2002 preparabat
1741 1959 1803 1998 se,
1849 1947 1890 1986 et

210 2039 303 2068 cum
349 2025 572 2079 equitasset
618 2037 745 2078 usque
791 2023 842 2064 ad
880 2023 1070 2064 semitam
1116 2021 1250 2074 illam,
1300 2020 1495 2061 dixerunt
1539 2018 1576 2060 ei
1615 2017 1678 2059 sui
1715 2016 1886 2058 milites:

210 2097 408 2149 Domine,
448 2095 599 2137 bonum
641 2097 721 2147 est,
761 2108 834 2149 per
872 2095 994 2135 istam
1027 2092 1217 2134 semitam
1257 2091 1454 2144 transire,
1496 2101 1617 2143 quam
1656 2101 1730 2143 per
1759 2086 1887 2129 latam

212 2169 342 2221 viam,
386 2166 481 2221 quia
518 2165 790 2220 propinquior
829 2170 901 2207 est.
963 2164 1051 2206 Rex
1090 2164 1199 2205 intra
1237 2176 1279 2204 se
1320 2161 1547 2214 cogitabat:
1597 2158 1785 2201 Secunda
1825 2171 1889 2199 sa-

211 2238 374 2294 piencia
406 2241 513 2290 erat,
553 2237 659 2290 quod
692 2250 916 2290 numquam
950 2236 1058 2276 viam
1090 2234 1296 2290 publicam
1327 2236 1498 2288 propter
1529 2230 1719 2273 semitam
1751 2228 1890 2271 dimit-

211 2313 355 2353 terem.
400 2307 659 2363 Sapienciam
692 2321 825 2349 meam
859 2306 1017 2349 tenebo.
1061 2305 1260 2359 Dixitque
1293 2303 1492 2345 militibus
1515 2302 1618 2344 suis:
1651 2300 1754 2343 Nolo
1780 2300 1890 2341 viam

212 2380 420 2437 publicam
452 2379 679 2432 dimittere,
714 2392 785 2420 vos
818 2392 927 2432 ergo,
962 2378 1029 2432 qui
1064 2377 1186 2418 vultis
1219 2389 1292 2430 per
1324 2375 1514 2417 semitam
1546 2385 1730 2428 pergere,
1763 2371 1820 2412 ite
1851 2374 1892 2412 et

213 2452 350 2494 omnia
380 2451 422 2492 in
455 2450 633 2492 adventu
664 2463 754 2491 meo
787 2452 1017 2504 preparate.
1066 2448 1129 2490 1111
1166 2461 1260 2489 vero
1293 2460 1366 2501 per
1399 2445 1590 2487 semitam
1621 2444 1893 2498 perrexerunt

214 2528 254 2565 et
283 2522 441 2564 inimici
471 2521 580 2575 regis
612 2534 703 2562 cum
737 2525 874 2562 essent
901 2521 942 2561 in
967 2519 1138 2573 semitis,
1171 2517 1405 2570 credebant,
1439 2515 1546 2570 quod
1577 2512 1665 2568 [83]
1691 2526 1764 2555 rex
1784 2513 1892 2554 inter

215 2608 283 2637 eos
316 2596 437 2647 esset,
470 2605 609 2634 omnes
643 2595 911 2633 surrexerunt
942 2595 982 2632 et
1014 2594 1215 2645 quotquot
1246 2590 1467 2640 venerunt,
1500 2585 1748 2627 occiderunt.
1803 2582 1892 2625 Rex

215 2679 307 2708 cum
345 2664 421 2706 hoc
461 2662 662 2715 audisset,
703 2662 759 2703 ait
798 2663 908 2704 intra
940 2676 1002 2703 se:
1043 2661 1137 2703 Jam
1178 2659 1357 2702 secunda
1396 2656 1605 2712 sapiencia
1641 2668 1734 2697 mea
1762 2654 1890 2696 vitam

215 2750 350 2779 meam
382 2734 568 2777 salvavit.
617 2733 680 2774 1111
720 2733 768 2774 de
799 2734 972 2788 imperio
1004 2733 1210 2784 videntes,
1252 2729 1359 2784 quod
1398 2741 1472 2783 per
1507 2727 1621 2768 illam
1658 2722 1890 2779 [astuciam]

217 2821 308 2849 eum
342 2805 526 2849 occidere
558 2817 639 2846 non
671 2808 875 2858 poterant,
907 2805 1018 2846 intra
1050 2817 1092 2845 se
1124 2800 1429 2856 conspirabant,
1463 2796 1665 2852 quomodo
1699 2809 1791 2838 eum
1822 2808 1893 2836 ne-

217 2881 370 2931 carent,
404 2877 676 2930 dixeruntque
707 2875 817 2917 intra
849 2888 912 2916 se:
947 2873 1036 2916 Tali
1069 2873 1133 2915 die
1164 2871 1347 2914 manebit
1377 2871 1419 2911 in
1444 2869 1565 2911 domo
1597 2867 1707 2921 talis,
1738 2866 1782 2908 in
1813 2878 1894 2920 qua

311 2959 354 2993 27
380 2957 522 3001 milites]
550 2962 635 3003 orz‘y.
654 2955 766 2990 miles.
