1919 3157
70 687 120 731 [1]
159 688 386 722 INCIPIUNT
405 658 633 739 ll-IISTORIE
667 669 930 724 NOTABlLlsss‘
951 692 1101 731 ATQL'E
1132 691 1274 724 MAGIS
1306 684 1615 725 PRINCIPALES'
1634 693 1735 726 COL-

162 747 300 780 LECTE
333 748 392 780 EX
425 749 580 782 Glcs'rls
606 749 766 794 ROMAN(
771 751 900 795 gzssUM
928 752 980 783 ΕΤ
1008 750 1271 790 QUIBUSDAM
1296 750 1412 783 ALIIS
1439 752 1735 785 NOTABILIBUS

161 806 315 840 GESTIS
350 807 441 840 CUM
474 808 918 843 MORALISATIONIBUS
955 810 1215 843 EORUNDEM.

820 965 920 1008 CAP.
948 967 981 1006 1.

702 1052 775 1097 De
811 1045 1108 1111 ᾱέίθσίίοηεῆ).

181 1139 419 1221 Pompejus
456 1166 664 1220 regnavit,
704 1166 818 1209 dives
857 1166 975 1209 valde
1014 1170 1054 1209 et
1092 1170 1258 1222 potens,
1300 1166 1368 1220 qui
1406 1165 1531 1208 filiam
1570 1167 1732 1208 unicam

64 1236 382 1292 pulcherrimam
414 1236 609 1291 habebat,
650 1251 770 1292 quam
801 1238 860 1280 ita
891 1238 1112 1280 tenerrime
1143 1237 1359 1292 diligebat,
1402 1238 1509 1292 quod
1541 1251 1614 1293 pro
1647 1238 1733 1292 ejus

63 1308 249 1351 custodia
280 1309 457 1364 quinque
487 1308 639 1351 milites
672 1310 709 1351 ei
741 1310 979 1364 assignavit,
1011 1313 1057 1351 ut
1086 1312 1229 1352 contra
1261 1322 1379 1351 omne
1407 1309 1635 1364 periculum
1659 1309 1732 1352 sub

62 1393 169 1435 pena
207 1380 322 1434 gravi
359 1393 447 1422 eam
481 1380 746 1423 custodirent.
800 1380 952 1423 Milites
986 1394 1079 1423 vero
1112 1380 1253 1423 diebus
1287 1394 1333 1422 ac
1363 1381 1550 1423 noctibus
1584 1381 1733 1423 armati

63 1464 152 1494 eam
191 1451 493 1505 custodiebant,
535 1456 575 1494 et
612 1455 707 1494 ante
739 1452 887 1494 ostium
922 1465 1083 1495 camere
1113 1451 1346 1508 lampadem
1381 1451 1591 1494 ardentem
1624 1452 1732 1494 ordi-

61 1522 233 1577 nabant,
266 1537 317 1566 ne
350 1523 497 1578 aliquis
529 1523 579 1565 de
610 1527 726 1565 nocte
760 1523 809 1565 ad
843 1537 931 1565 eam
965 1524 1176 1566 accederet
1207 1523 1308 1579 ipsis
1341 1523 1636 1565 dormientibus
1668 1523 1733 1565 vel

61 1593 119 1636 eis
158 1595 455 1649 ignorantibus.
517 1594 572 1636 Et
611 1594 813 1649 quendam
854 1594 1083 1637 caniculum
1122 1595 1225 1637 bene
1261 1595 1480 1637 latrantem
1512 1594 1730 1649 habebant,

61 1679 134 1721 per
165 1666 278 1720 cujus
303 1666 499 1709 latratum
521 1666 693 1709 excitari
716 1669 895 1721 possent.
944 1666 1086 1709 Puella
1106 1666 1186 1708 ista
1208 1666 1429 1709 tenerrime
1450 1666 1606 1708 nutrita
1629 1669 1731 1720 erat,

61 1750 139 1791 que
169 1737 343 1780 multum
375 1738 616 1792 anhelabat,
653 1737 796 1780 mundi
828 1738 1063 1793 spectacula
1095 1738 1244 1781 videre.
1299 1737 1401 1780 Cum
1435 1741 1570 1780 autem
1605 1737 1731 1781 semel

59 1808 167 1851 foras
199 1810 499 1865 perspexisset,
532 1810 644 1852 venit
676 1809 841 1863 quidam
875 1809 978 1864 dux,
1012 1810 1101 1864 qui,
1134 1823 1225 1852 cum
1257 1809 1395 1852 oculos
1428 1809 1656 1865 impudicos
1689 1809 1732 1851 in

61 1893 149 1923 eam
182 1881 401 1936 injecisset,
435 1882 575 1924 statim
608 1885 752 1937 captus
785 1884 847 1923 est
878 1881 919 1922 in
951 1894 1132 1923 amorem
1162 1881 1262 1935 ejus,
1297 1882 1392 1935 quia
1413 1880 1585 1937 pulchra
1604 1881 1728 1922 nimis

60 1956 149 1995 erat
184 1957 225 1996 et
262 1953 390 1996 oculis
429 1953 611 1995 omnium
643 1953 830 2006 graciosa
862 1965 909 1994 ac
940 1953 1201 2008 imperatoris
1232 1952 1317 1994 filia
1348 1952 1488 2007 unica,
1528 1965 1605 2007 que
1637 1955 1731 2007 post

58 2027 231 2066 mortem
270 2026 399 2081 patris
434 2025 526 2080 jure
562 2024 810 2067 hereditario
842 2024 1061 2079 imperium
1094 2024 1307 2067 obtineret.
1363 2024 1459 2066 Dux
1490 2024 1568 2066 iste
1600 2023 1731 2066 multa

59 2095 95 2137 ei
125 2095 329 2150 promisit,
362 2100 407 2138 ut
439 2097 524 2150 ejus
556 2108 799 2138 consensum
832 2095 1045 2138 obtineret.
1102 2095 1177 2138 Illa
1208 2109 1318 2149 vero,
1351 2108 1521 2151 sperans
1555 2095 1603 2137 de
1635 2107 1730 2150 pro-

58 2166 273 2220 missione,
305 2168 524 2221 consensit,
557 2167 696 2210 statim
730 2167 959 2210 caniculum
993 2180 1166 2222 parvum
1200 2167 1360 2220 occidit,
1392 2166 1624 2222 lampadem
1659 2179 1730 2207 ex-

57 2237 182 2279 tinxit
211 2241 252 2280 et
282 2238 332 2281 de
364 2242 483 2281 nocte
514 2239 695 2281 surrexit
726 2242 766 2281 et
796 2238 940 2281 ducem
975 2242 1036 2280 est
1066 2241 1216 2280 secuta.
1266 2238 1386 2280 Mane
1418 2251 1512 2280 vero
1536 2238 1645 2279 facta
1667 2240 1730 2279 est

57 2309 228 2363 questio,
260 2309 329 2352 ubi
361 2310 538 2353 devenit.
582 2310 686 2352 Erat
716 2314 814 2352 tunc
845 2310 886 2351 in
920 2309 1077 2364 palacio
1100 2310 1207 2363 regis
1231 2310 1342 2365 pugil
1365 2310 1496 2363 fortis,
1530 2309 1599 2363 qui
1623 2321 1728 2350 sem-

57 2392 129 2434 per
158 2394 234 2436 pro
260 2381 430 2435 justicia
460 2381 623 2437 imperii
654 2381 865 2437 pugnavit.
923 2380 999 2431 Qui
1032 2393 1123 2422 cum
1157 2381 1360 2435 audisset,
1402 2380 1509 2435 quod
1541 2379 1624 2421 filia
1655 2393 1728 2435 pa-

56 2453 159 2493 trem
192 2453 450 2508 contempsit,
485 2452 582 2506 agili
613 2465 734 2495 eursu
766 2456 861 2508 post
889 2466 978 2494 eam
1009 2452 1210 2495 currebat.
1257 2452 1353 2494 Dux
1376 2466 1484 2505 vero,
1518 2464 1610 2493 cum
1633 2464 1726 2493 eum

1760 1460 1802 1494 10

1758 1814 1802 1850 15

1756 2173 1800 2208 20

57 2525 261 2564 armatum
301 2523 473 2566 vidisset
509 2524 762 2577 venientem,
802 2523 982 2565 duellum
1016 2536 1107 2565 cum
1141 2536 1187 2565 eo
1219 2524 1436 2566 commisit.
1501 2521 1581 2564 Sed
1612 2521 1727 2577 pugil
1753 2527 1797 2562 25

55 2593 260 2648 prevaluit
297 2600 338 2638 et
377 2599 500 2651 caput
538 2596 624 2650 ejus
664 2595 896 2650 amputavit
935 2598 976 2636 et
1007 2594 1184 2650 puellam
1219 2595 1268 2637 ad
1302 2595 1506 2650 palacium
1538 2592 1724 2645 reduxit3

57 2667 194 2707 tamen
231 2665 377 2709 faciem
410 2667 540 2721 patris
573 2667 700 2708 multo
733 2670 917 2721 tempore
948 2678 1030 2707 non
1062 2666 1184 2719 vidit,
1224 2666 1295 2708 sed
1327 2666 1518 2708 continue
1548 2664 1725 2717 gemitus

57 2738 97 2777 et
126 2737 306 2792 suspiria
336 2738 561 2780 emittebat.
611 2737 699 2780 Hoc
731 2737 900 2779 audiens
933 2736 1099 2791 quidam
1132 2737 1295 2792 sapiens
1329 2737 1370 2778 in
1403 2737 1516 2778 curia
1546 2735 1725 2790 impera-

173 2840 210 2883 a)
242 2841 309 2876 Die
340 2840 597 2877 iiberschriften
630 2841 693 2876 der
725 2841 908 2875 einzelnen
934 2841 1062 2884 capitel
1087 2839 1204 2875 fehlcn
1231 2841 1265 2875 in
1291 2841 1370 2875 dem
1397 2841 1546 2875 iiltosten
1572 2839 1725 2885 drucke3

56 2897 107 2933 sie
131 2898 210 2934 sind
236 2899 327 2935 auch
352 2899 406 2935 bis
432 2911 508 2946 cap.
527 2901 589 2935 151
617 2900 707 2934 nach
732 2900 812 2935 dem
831 2903 949 2935 ersten
968 2899 1103 2934 drucke
1121 2899 1185 2934 des
1203 2899 1463 2943 vollstandigeu
1481 2899 1725 2943 vulgartextes

19 2987 22 2990 Α
55 2957 229 3001 gegeben.

117 3027 336 3067 Oesterley,
359 3030 449 3058 Gesta
470 3031 495 3058 R
498 3040 677 3058 nnnnnnnnnnn
1406 3023 1447 3057 18
