1949 3162
1000 29 1085 71 526

193 152 231 185 et
262 143 404 184 libenti
433 145 572 183 animo
605 142 834 195 discubuit,
868 143 1094 198 posuitque
1133 142 1269 182 decem
1304 156 1452 182 aureos
1483 143 1529 183 in
1557 156 1699 183 mensa
1729 149 1767 183 et
1795 143 1877 183 ait:

193 215 299 256 Ecce
328 229 414 255 non
432 214 606 268 frustra
632 229 695 255 me
715 214 1018 255 invitaveritis!
1046 212 1104 253 Et
1125 213 1341 253 dixerunt:
1373 212 1568 265 Domine,
1599 215 1879 269 reyratiamur

192 285 318 327 vobis.
375 283 474 326 Cum
513 293 648 325 autem
679 287 881 341 princeps
918 285 1088 325 vidisset
1129 298 1264 324 omnes
1297 283 1612 336 discumbentes,
1651 286 1733 325 ait:
1775 282 1878 335 Quis

193 365 252 398 est
281 357 473 397 dominus
503 356 650 396 navis?
682 358 754 397 Ait
772 355 1046 410 glubernator:
1080 354 1288 395 Dominus
1310 356 1430 395 navis
1460 357 1506 396 in
1539 355 1649 396 luctu
1668 362 1878 404 ‘moratum

123 429 145 464 5
183 427 298 482 jacet
328 427 509 481 inferius
541 435 577 468 et
607 429 717 468 'mori
748 434 863 482 optat
892 428 939 466 in
969 427 1099 477 wistri,
1143 425 1358 480 conjuqcm
1390 427 1580 481 perdidit
1609 434 1647 467 et
1665 426 1805 478 filiam
1832 427 1880 466 in

193 506 306 539 terra
336 498 485 538 aliena.
541 498 815 553 Athanaqora
855 499 915 538 ait
946 499 1023 538 uni
1052 511 1166 538 servo
1200 497 1377 538 Ardalio
1414 499 1607 538 nomine:
1644 496 1769 538 Dabo
1804 495 1882 537 tibi

194 571 298 610 duos
329 584 499 618 aureos5
539 577 698 610 tantum
729 570 926 610 descende
958 577 995 609 et
1025 570 1092 609 dic
1125 570 1182 609 ei:
1224 568 1364 623 Royan
1393 576 1429 609 te
1462 570 1661 624 princeps
1701 568 1880 609 civitatis

193 641 329 694 liujus,
358 641 538 696 procede
560 642 609 681 de
641 640 816 682 tenebris
848 641 905 681 ad
936 640 1090 680 lucem!
1120 641 1192 680 Ait
1212 639 1402 693 juvenis:
1435 639 1534 680 Non
1548 654 1723 695 possum
1742 639 1880 680 aureis

194 714 275 754 tuis
308 727 434 753 crura
463 727 674 767 reparare.
722 711 856 764 Quere
881 712 1025 763 alium,
1061 712 1162 766 quia
1182 710 1325 764 jussit,
1361 713 1595 766 quicunque
1626 726 1716 752 eum
1736 709 1881 766 appel-

127 787 169 821 10
195 784 362 835 laverit,
404 798 530 823 crura
561 783 646 837 ejus
669 783 947 838 franqantur.
1004 782 1277 837 Atlzanaqora
1316 784 1403 824 ait:
1445 782 1568 823 Hanc
1607 782 1735 838 leyem
1765 780 1881 823 vobis

194 856 424 906 constituit,
465 869 551 895 non
589 855 712 903 'milii3
755 869 827 909 eqo
867 861 1003 894 autem
1040 854 1284 894 descendam
1323 855 1380 895 ad
1420 869 1521 894 eum.
1579 853 1724 895 Dicito
1761 852 1878 905 milii,

195 927 399 982 quomodo
431 933 613 966 vocatur.
651 929 704 966 :it
734 926 820 966 illi:
854 926 1149 981 Appollonius.
1186 926 1339 966 Audito
1361 925 1436 966 lioc
1466 927 1644 978 nomine,
1678 926 1739 966 ait
1766 925 1881 966 intra

193 1013 255 1039 se:
286 998 344 1038 Et
379 997 560 1038 Tharsia
590 997 821 1052 appellavit
845 1004 1013 1052 patrem
1043 1012 1163 1037 suum
1195 997 1521 1052 Appollonium!
1571 996 1797 1038 Descendit
1826 996 1883 1037 ad

194 1084 306 1119 eum3
347 1083 467 1124 quem
497 1076 542 1109 ut
572 1069 678 1109 vidit
708 1068 839 1109 barba
863 1069 1059 1124 prolia-a,
1095 1076 1221 1123 caput
1250 1069 1510 1123 squalidum,
1553 1068 1758 1109 submissa
1786 1081 1882 1108 voce

126 1144 168 1179 15
194 1141 325 1182 dtaez't:
360 1143 458 1191 :li-e,
493 1140 749 1195 Appolloni!
800 1140 1080 1195 Appollonius
1111 1147 1158 1180 ut
1187 1140 1362 1192 audivit,
1390 1147 1548 1195 putans
1580 1154 1622 1180 se
1653 1139 1704 1180 ab
1737 1139 1880 1193 aliquo

193 1226 406 1252 servorum
427 1211 651 1266 appellari,
686 1210 917 1252 turbulento
940 1212 1056 1252 vultu
1077 1212 1302 1266 respiciens
1328 1212 1435 1252 vidit
1454 1213 1642 1267 iqnotum
1661 1210 1880 1262 hominem,

192 1283 405 1324 honestum
437 1290 473 1323 et
503 1283 710 1334 decorum,
745 1283 871 1323 siluit.
928 1284 1000 1323 Ait
1030 1284 1068 1322 ei
1091 1284 1317 1338 princeps:
1358 1282 1471 1334 Scio,
1505 1291 1542 1324 te
1571 1283 1737 1334 mirari,
1771 1281 1884 1337 quod

194 1369 265 1410 eqo
297 1355 464 1409 iynotus
497 1362 532 1394 te
570 1354 795 1409 appellavi.
850 1353 1002 1405 Disce,
1044 1355 1146 1408 quia
1170 1356 1371 1409 princeps
1408 1369 1499 1394 sum
1534 1354 1656 1408 liujus
1688 1354 1880 1404 civitatis,

195 1425 469 1480 Athanaqora
500 1427 686 1475 nomine3
718 1426 911 1466 descendi
941 1426 998 1465 ad
1029 1425 1126 1465 litus
1157 1440 1281 1466 naves
1312 1426 1562 1466 contuendas
1572 1441 1585 1475 ,·
1615 1427 1724 1466 inter
1751 1432 1883 1465 cetera

125 1502 170 1536 20
193 1498 285 1538 vidi
314 1512 461 1537 navem
492 1504 605 1537 tuam
637 1497 822 1537 decenter
855 1504 1045 1536 ornatam
1077 1504 1114 1536 et
1144 1498 1286 1536 amavi
1315 1504 1526 1552 aspectum
1556 1511 1676 1537 suum
1686 1512 1700 1546 ,·
1730 1497 1882 1536 invita-

194 1576 259 1610 tus
290 1583 404 1608 eram
435 1584 461 1608 a
493 1569 630 1608 nautis
662 1569 743 1608 tuis
754 1600 765 1619 ,
807 1568 899 1608 <ideo
933 1568 1103 1608 ascendi
1140 1575 1177 1608 et
1215 1567 1360 1608 libenti
1389 1570 1528 1609 animo
1569 1567 1780 1617 discubui;
1817 1568 1882 1608 in-

196 1641 353 1695 quisivi
382 1640 594 1680 dominum
623 1640 759 1691 navis,
795 1653 914 1693 quem
945 1640 1142 1680 dia'erunt
1169 1640 1215 1679 in
1248 1639 1358 1680 luctu
1386 1641 1546 1695 qrandi
1575 1654 1658 1680 esse
1667 1655 1681 1689 ,·
1706 1645 1884 1695 propter

197 1712 310 1767 quod
341 1711 397 1751 ad
427 1718 463 1752 te
495 1711 708 1762 descendi,
747 1718 793 1751 ut
822 1718 857 1751 te
890 1711 938 1751 de
970 1710 1145 1751 tenebris
1170 1711 1447 1766 producerem
1477 1712 1535 1752 ad
1565 1711 1716 1760 lucem,·
1746 1724 1881 1766 spero,

198 1784 299 1837 quia
330 1781 446 1822 dabit
476 1781 553 1823 tihi
583 1783 681 1822 deus
707 1790 807 1837 post
838 1783 991 1822 luctum
1019 1784 1234 1837 9audfflm.
1278 1782 1557 1838 Appollonius
1580 1782 1730 1822 levavit
1759 1788 1886 1837 caput

127 1859 172 1894 25
198 1861 235 1894 et
265 1854 394 1894 dicit:
429 1852 533 1904 Quis
565 1868 619 1905 es,
653 1854 831 1905 domine,
863 1855 967 1894 vade
997 1855 1044 1894 in
1068 1869 1198 1909 pace3
1231 1869 1302 1909 eqo
1336 1861 1472 1894 autem
1501 1868 1587 1894 non
1616 1868 1708 1894 sum
1731 1853 1884 1908 diqnus

198 1925 385 1981 epulari,
424 1932 461 1964 et
492 1925 584 1965 ideo
617 1925 799 1980 amplius
836 1926 971 1965 vivere
1000 1925 1108 1966 nolo.
1164 1925 1438 1980 Atlzanaqora
1473 1925 1670 1979 confusus
1701 1924 1886 1965 ascendit

196 1998 244 2037 in
274 1997 486 2051 superiori
512 1997 633 2036 navis
665 2003 702 2036 et
732 1997 861 2036 dixit:
900 1995 1001 2037 Non
1030 1997 1146 2037 valeo
1172 1997 1430 2052 persuadere
1462 1997 1629 2037 domino
1660 2003 1807 2047 vestro,
1838 2002 1886 2036 ut

199 2068 256 2108 ad
286 2068 415 2108 lucem
436 2074 572 2116 cd‘eat3
606 2067 900 2121 quidfaciam,
933 2075 979 2108 ut
998 2082 1182 2108 ‘revocem
1213 2083 1238 2108 a
1263 2069 1485 2123 proposito
1506 2067 1678 2109 mortis?
1716 2066 1887 2108 Vocavit

198 2154 327 2180 unum
358 2139 407 2179 de
432 2139 579 2193 pueris
611 2139 698 2178 suis
730 2146 767 2179 et
796 2140 877 2179 ait:
920 2138 1031 2180 Vade
1063 2141 1119 2180 ad
1151 2139 1335 2180 lenonem
1366 2147 1404 2180 et
1422 2154 1527 2194 roqa
1548 2154 1652 2191 eum,
1685 2145 1732 2179 ut
1750 2139 1886 2179 mittat

129 2218 175 2253 30
199 2211 256 2251 ad
285 2225 347 2251 me
374 2208 617 2258 learsiam5
649 2209 768 2250 liabet
789 2211 898 2250 enim
918 2212 1175 2265 sap-ienciam
1202 2218 1239 2252 et
1259 2225 1484 2251 sermonem
1514 2225 1681 2251 suavem
1690 2225 1704 2260 ‚·
1728 2210 1887 2266 poterit

200 2297 291 2323 eum
309 2281 502 2335 forsitan
534 2281 758 2333 ω’]ιονέανῖ,
791 2297 842 2322 ne
874 2282 970 2322 talis
1001 2283 1140 2323 taliter
1169 2284 1386 2323 moriatur.
1437 2281 1556 2323 Venit
1583 2282 1715 2336 iqitur
1738 2280 1885 2336 puella

200 2353 256 2394 ad
284 2367 450 2404 navem,
494 2353 550 2392 ad
587 2368 712 2407 quam
750 2354 811 2393 ait
841 2353 1142 2408 Afflanaqora:
1183 2353 1286 2394 Veni
1323 2354 1380 2394 ad
1414 2367 1496 2405 nze,
1545 2351 1751 2393 Tliarsia!
1808 2350 1887 2393 Ubi

198 2439 309 2464 nunc
340 2431 398 2464 est
428 2438 497 2463 ars
529 2425 761 2464 studiorum
793 2431 970 2475 tuorum,
1004 2433 1050 2466 ut
1079 2425 1304 2466 consoleris
1336 2425 1550 2466 dominum
1569 2425 1690 2464 navis
1709 2424 1758 2464 in
1777 2430 1884 2464 tene-

201 2495 286 2536 bris
318 2496 532 2547 sedentem,
570 2491 688 2547 [128]
721 2503 758 2535 et
788 2503 833 2536 ut
860 2510 1059 2551 provoces
1091 2511 1182 2536 eum
1213 2497 1325 2537 eoeire
1356 2497 1412 2537 ad
1443 2496 1594 2547 lucem,
1629 2496 1731 2550 quia
1758 2495 1884 2535 nimis
1908 2539 1916 2543 x

131 2574 176 2610 35
201 2567 310 2608 dolet
338 2581 422 2622 pro
466 2565 636 2621 conjuqe
668 2573 704 2606 et
723 2566 822 2618 filia
853 2582 940 2607 sua.
1006 2568 1161 2608 Accede
1199 2582 1294 2622 erqo
1335 2568 1392 2608 ad
1441 2581 1552 2618 eum,
1594 2573 1640 2606 ut
1669 2566 1726 2606 ad
1757 2565 1886 2607 lucem

199 2639 357 2689 veniat,
401 2639 502 2692 quia
528 2637 646 2691 forte
685 2638 784 2677 deus
816 2653 897 2693 per
937 2647 973 2679 te
1011 2639 1164 2679 luctum
1203 2653 1323 2679 suum
1359 2639 1407 2678 in
1433 2638 1638 2693 yaudium
1668 2643 1881 2677 convertet.

203 2708 255 2750 Si
299 2710 406 2749 enim
450 2708 526 2749 lioc
565 2709 726 2763 poteris
762 2708 930 2762 jacere,
980 2709 1087 2751 dabo
1127 2725 1220 2750 xxx
1258 2710 1471 2750 sestercias
1509 2709 1608 2749 auri
1643 2715 1681 2748 et
1718 2708 1886 2749 tot-idem

201 2781 365 2835 arqenti
401 2787 438 2820 et
475 2780 650 2834 triyinta
687 2780 772 2819 dies
809 2781 1012 2821 redimam
1050 2789 1086 2821 te
1128 2796 1155 2821 a
1195 2781 1347 2821 lenone.
1401 2779 1554 2821 Puella
1591 2778 1662 2819 lieo
1693 2779 1882 2830 audiens,

202 2858 435 2892 constanter
479 2851 536 2891 ad
581 2865 673 2891 eum
709 2850 918 2892 descendit
955 2859 993 2892 et
1027 2851 1178 2892 humili
1213 2866 1309 2893 voce
1348 2851 1547 2892 salutavit
1591 2864 1684 2890 eum
1721 2850 1883 2890 dicens.-

295 2930 341 2964 20
364 2929 481 2973 suum]
510 2935 595 2975 oriq.
613 2934 726 2965 tuum.
