1919 3157
883 97 967 137 619

751 240 860 294 209,
894 253 996 297 app.
1023 242 1089 287 13.

199 333 308 376 Idem
342 340 455 390 tytus
488 337 607 379 livius
641 341 784 383 scribit
804 341 921 383 deam
954 343 1117 387 fortune
1142 347 1200 387 sic
1222 347 1441 402 depictam.
1484 351 1586 394 Erat
1609 367 1756 408 ymago

81 404 266 447 mulieris
305 406 458 448 babens
498 409 642 451 faciem
688 411 845 464 binam,
886 427 1006 456 unam
1051 416 1263 459 obscuram
1306 425 1343 461 et
1377 420 1498 463 aliam
1533 423 1684 466 claram
1719 430 1758 467 et

81 480 253 530 utraque
292 477 417 520 facies
459 480 704 533 pingebatur
742 496 848 525 ceca.
904 484 986 527 Hec
1029 500 1176 542 ymago
1209 489 1377 533 sedebat
1407 492 1447 533 in
1480 506 1600 535 curru
1635 509 1755 549 quam

79 546 298 589 trabebant
336 556 418 590 tres
461 552 565 604 equi.
622 551 780 594 Primus
823 569 949 609 equus
989 556 1164 600 habebat
1202 561 1404 604 ricinum:
1446 565 1574 606 Amor
1613 568 1754 608 mundi

80 623 248 659 excecat
279 631 347 660 cor
380 619 558 662 hominis
591 623 685 676 quia
725 627 861 667 neseio
901 627 1007 668 diem
1048 631 1193 671 mortis
1226 645 1299 673 nec
1332 636 1503 675 extremi
1538 638 1753 679 examinis.

78 687 135 728 2⁰·
166 701 295 742 equus
327 691 384 731 sic
417 692 540 733 dixit:
574 694 737 736 fortuna
770 697 910 738 mundi
944 698 1079 741 refluit
1110 706 1149 742 et
1182 701 1323 745 defluit
1355 709 1394 746 et
1425 706 1503 747 nisi
1535 720 1753 761 precavea-

76 762 143 800 tur
175 759 352 802 finaliter
384 762 548 818 decipit.
602 765 770 807 Tercius
809 781 936 822 equus
970 771 1026 811 si<-
1060 772 1213 825 inquit:
1254 774 1420 817 fortuna
1453 778 1593 819 mundi
1626 779 1752 821 fallax

75 843 164 871 esse
196 830 424 874 dinoscitur
456 835 549 888 quia
583 837 785 890 promittit
818 838 996 882 leticiam
1031 846 1071 883 et
1103 843 1259 885 inducit
1290 846 1520 889 tristiciam.

192 903 425 946 Moralz'tas.
480 904 739 961 prosperitas
779 910 921 951 mundi
959 924 1053 954 ceca
1085 919 1146 955 est
1178 916 1273 969 quia
1305 917 1363 958 ita
1394 918 1528 960 subito
1561 920 1674 963 fatuo
1708 926 1753 963 ut

73 973 272 1028 sapienti,
314 975 483 1028 ignobili
523 982 566 1018 ut
606 979 731 1020 nobili
765 981 989 1034 contingat.
1043 983 1129 1026 Hec
1171 999 1333 1041 semper
1374 994 1435 1031 est
1470 990 1675 1033 instabilis
1708 998 1753 1035 ut

72 1043 251 1098 immago
284 1045 392 1087 dicta
425 1046 631 1102 depingat.
686 1050 747 1092 En
790 1065 863 1104 ego
901 1053 1067 1096 fortuna
1100 1057 1133 1097 si
1167 1061 1318 1100 starem
1353 1059 1458 1102 forte
1490 1061 1564 1103 sub
1598 1076 1680 1104 una
1711 1068 1751 1105 et

71 1128 152 1157 non
185 1120 379 1170 mutarer,
413 1123 510 1160 tunc
549 1133 629 1161 non
668 1121 836 1164 fortuna
867 1137 1047 1167 vocarer.
1096 1127 1190 1169 Noli
1221 1129 1386 1173 fortune
1418 1133 1622 1175 confidere
1655 1135 1751 1188 quia

69 1185 111 1227 in
144 1192 352 1230 momento
385 1189 425 1230 in
460 1203 552 1232 aere
584 1193 817 1246 revertitur,
851 1196 991 1237 cenica
1022 1198 1072 1239 ad
1104 1198 1300 1242 lucillum.

744 1519 848 1574 210,
881 1532 983 1576 app.
1008 1521 1075 1565 14.

185 1613 359 1665 Quidam
394 1630 467 1658 rex
500 1618 643 1661 habuit
674 1623 757 1662 tres
788 1620 894 1663 filios
927 1626 967 1664 et
998 1637 1122 1666 unum
1162 1625 1343 1681 lapidem
1384 1629 1623 1684 pretiosum.
1676 1632 1745 1675 Hii

69 1684 177 1727 inter
209 1699 251 1728 se
284 1690 564 1743 certaverunt,
604 1704 728 1733 unum
770 1696 906 1734 autem
946 1692 1076 1737 filium
1118 1710 1191 1751 pre
1231 1699 1377 1740 ceteris
1417 1700 1574 1743 dilexit.
1628 1702 1745 1746 Unde

65 1755 164 1798 fecit
193 1756 282 1799 fieri
323 1763 407 1801 tres
445 1760 619 1802 annulos
659 1763 824 1816 equales
864 1768 905 1807 et
941 1765 1043 1808 duos
1083 1766 1242 1823 lapides
1283 1770 1435 1813 vitreos
1476 1773 1641 1827 equales
1681 1775 1744 1817 vel

65 1826 220 1870 similes
253 1830 433 1884 pretioso
465 1831 603 1886 lapide
636 1837 676 1875 et
707 1834 880 1888 singulis
918 1837 1082 1879 annulis
1115 1839 1297 1893 singulos
1336 1841 1495 1897 lapides
1533 1845 1630 1887 fecit
1666 1846 1743 1888 im-

64 1899 176 1953 poni.
223 1899 279 1942 Et
309 1913 360 1943 ne
393 1901 652 1958 deciperetur
683 1905 781 1947 fecit
812 1908 949 1949 vocari
992 1908 1097 1950 filios
1131 1923 1226 1952 suos
1259 1925 1394 1954 coram
1429 1927 1473 1955 se
1505 1920 1546 1957 et
1576 1917 1744 1959 cuilibet

64 1970 262 2013 annulum
295 1972 420 2026 dedit,
455 1974 524 2015 sed
555 1974 638 2016 filio
661 1990 780 2030 quem
805 1977 951 2020 dilexit
971 1979 1085 2022 dedit
1117 1982 1343 2025 meliorem.
1383 1983 1484 2027 Post
1515 1987 1740 2030 discessum

62 2042 193 2096 patris
240 2043 414 2097 quilibet
460 2045 652 2088 credebat
699 2061 741 2089 se
783 2048 932 2092 habere
973 2051 1184 2094 meliorem
1228 2055 1426 2097 annulum
1465 2071 1555 2099 cum
1603 2059 1741 2114 lapide

62 2113 261 2168 precioso.
324 2115 510 2158 Audiens
552 2117 627 2159 hoc
669 2119 834 2173 quidam
877 2121 954 2163 ait:
996 2123 1172 2177 probare
1212 2125 1400 2169 volumus
1442 2129 1531 2182 quis
1565 2130 1740 2172 annulus

61 2184 268 2239 expellere
302 2190 437 2240 potest
467 2187 749 2244 infirmitates,
783 2195 823 2233 et
854 2192 949 2234 talis
983 2199 1045 2236 est
1076 2196 1312 2250 preciosior.
1366 2198 1421 2240 Et
1451 2199 1636 2243 fecerunt
1668 2202 1738 2244 sic.

59 2254 152 2297 Duo
201 2256 341 2298 annuli
389 2257 490 2299 nihil
531 2261 829 2316 operabantur,
872 2264 943 2306 sed
986 2266 1133 2308 tertius
1181 2266 1444 2312 infirmitates
1492 2272 1738 2327 expellebat,

59 2326 168 2369 unde
200 2328 337 2382 patuit
367 2329 585 2372 manifeste
618 2333 725 2385 quod
758 2338 877 2389 pater
909 2349 1000 2378 eum
1034 2337 1126 2393 plus
1159 2338 1372 2382 dilexerat.

176 2400 353 2441 Miatice.
401 2399 473 2442 Isti
507 2405 590 2443 tres
621 2403 769 2446 fratres
803 2411 899 2449 sunt
929 2408 1010 2449 tria
1041 2422 1194 2462 genera
1225 2410 1450 2454 hominum.
1500 2412 1628 2455 Primi
1660 2415 1738 2457 sci-

59 2468 156 2512 licet
185 2469 258 2512 filii
291 2471 355 2513 dei
388 2485 461 2526 per
493 2472 847 2529 incarnacionem,
889 2478 975 2523 Alji
1017 2479 1095 2521 duo
1137 2480 1293 2523 scilicet
1317 2483 1432 2536 judei
1466 2488 1506 2525 et
1538 2486 1734 2528 saraceni.

58 2539 382 2596 Verumptamen
415 2543 677 2587 manifestum
712 2552 786 2601 est,
820 2550 926 2602 quod
959 2551 1155 2605 populum
1179 2551 1430 2595 Cristianum
1464 2554 1556 2610 plus
1587 2555 1735 2610 diligit,

57 2610 149 2653 ideo
183 2612 376 2654 annulum
413 2614 448 2656 ei
480 2614 660 2669 reliquit,
695 2618 764 2672 qui
796 2632 911 2661 cecos
935 2620 1155 2675 illuminat,
1189 2624 1353 2667 morbos
1377 2631 1509 2679 sanat,
1541 2626 1735 2670 demones

56 2682 173 2736 fugat
210 2687 251 2725 et
289 2689 446 2726 ceteras
486 2686 658 2729 virtutes
700 2693 906 2743 operatur.
962 2691 1042 2733 Iste
1081 2693 1256 2736 annulus
1296 2699 1358 2737 est
1395 2695 1496 2738 fides
1528 2697 1736 2740 katholica

57 2753 164 2796 unde
202 2755 245 2796 in
284 2756 520 2810 evangelio:
561 2757 606 2800 In
645 2760 812 2802 nomine
850 2775 942 2803 mea
982 2762 1173 2807 demonia
1211 2765 1360 2808 eicient
1398 2770 1438 2808 et
1476 2781 1600 2822 super
1633 2782 1734 2823 quos

56 2837 202 2868 manus
233 2826 448 2882 imponent
481 2827 582 2871 bene
615 2829 835 2872 habebunt.

754 2997 1031 3005 ———
