1919 3131
32 178 99 219 21.

32 319 101 361 22.

33 461 100 503 23.

33 603 101 645 24.

33 744 101 786 25.

33 887 100 929 26.

33 1029 100 1071 27.

33 1172 100 1214 28.

33 1314 100 1356 29.

34 1457 101 1499 30.

34 1600 101 1641 31.

35 1742 102 1784 32.

36 1884 103 1926 33.

36 2026 104 2069 34.

36 2169 103 2212 35.

36 2312 103 2354 36.

37 2453 103 2495 37.

38 2595 104 2637 38.

39 2737 106 2779 39.

39 2879 106 2921 40.

836 73 891 113 59

147 175 251 219 Erat
282 177 446 231 quidam
481 177 598 220 miles
631 179 699 232 qui
733 183 814 221 tres
846 178 950 221 filios
982 178 1137 233 habuit,
1170 180 1237 234 qui
1270 193 1361 222 cum
1393 180 1496 222 mori
1520 179 1696 224 deberet.

148 247 263 299 (Drei
295 249 441 302 riuge.)
489 249 559 291 lat.
584 250 650 290 89.

149 319 300 361 Narrat
319 319 514 362 Albertus
546 320 651 374 quod
676 323 859 376 tempore
881 321 1057 377 philippi
1080 324 1168 363 erat
1188 322 1255 363 via
1275 322 1382 364 inter
1403 322 1505 364 duos
1527 326 1697 364 montes.

150 389 327 441 (Drache
358 391 414 432 im
446 390 688 445 hohlwege.)
735 391 805 433 lat.
834 393 926 434 145.

147 460 260 504 Dicit
280 461 470 518 ysidorus
493 462 601 517 quod
625 465 687 505 est
709 462 873 517 quidam
896 463 1002 518 lapis
1025 463 1094 518 qui
1116 476 1284 517 magnes
1306 469 1486 507 vocatur.
1521 463 1703 518 (Magnet

150 533 233 574 und
264 532 401 584 stahl.)
450 547 542 588 app.
567 534 634 575 49.

150 603 253 646 Erat
291 603 455 658 quidam
497 617 568 646 rex
610 608 755 659 potens
794 604 912 648 valde
954 605 1022 659 qui
1063 605 1266 659 quandam
1305 605 1499 648 forestam
1537 606 1699 649 fecerat.

149 673 280 725 (Ohne
310 675 491 725 namen.)
540 675 884 727 (Hundenamen.)
931 675 1001 718 lat.
1030 676 1122 718 142.

149 744 288 788 Refert
323 744 512 788 Justiuus
560 746 667 800 quod
712 747 821 789 cives
867 747 1145 790 lacedemonie
1184 747 1310 789 semel
1352 747 1700 803 conspiraverant.

150 815 491 867 (Wachsschrift.)
538 816 608 858 lat.
633 817 700 858 21.

147 886 300 930 Narrat
337 887 593 940 Augustinus
633 888 741 942 quod
779 887 942 944 Egipcii
983 888 1079 930 olim
1119 887 1310 931 volebant
1349 889 1551 932 deificare.
1606 889 1703 942 (Isis

148 958 231 1000 und
264 957 462 1014 Serapis.)
509 958 579 1000 lat.
605 959 672 1000 22.

149 1029 300 1072 Narrat
329 1029 532 1071 Eusebius
571 1030 613 1071 in
650 1030 822 1073 cronicis
855 1029 904 1072 de
936 1030 1111 1085 quodam
1144 1030 1408 1087 Imperatore.
1464 1030 1702 1082 (Coriolan.)

148 1100 218 1142 lat.
246 1101 340 1142 137.

148 1171 306 1225 Regina
337 1171 510 1227 quedam
545 1171 732 1227 concepit
752 1171 878 1214 filiam
902 1172 951 1215 de
973 1185 1090 1215 servo
1112 1173 1278 1215 rustico.
1327 1173 1554 1224 (Zweierlei
1575 1173 1702 1226 tuch.)

148 1242 219 1285 lat.
245 1243 313 1284 26.

148 1314 377 1369 Imperator
408 1313 573 1368 quidam
597 1314 747 1356 eratin
771 1315 884 1369 cujus
905 1315 1079 1370 imperio
1103 1318 1192 1357 erat
1213 1315 1380 1370 quidam
1401 1315 1532 1358 miles.
1579 1314 1704 1366 (Wei-

144 1385 301 1428 nendes
333 1385 559 1438 hiindlein.)
607 1385 677 1427 lat.
702 1385 769 1427 28.

149 1456 265 1499 Miles
298 1456 463 1511 quidam
497 1460 585 1498 erat
617 1456 684 1511 qui
706 1457 877 1499 intravit
898 1457 1095 1513 egiptum,
1128 1457 1336 1511 cogitabat
1356 1457 1464 1513 quod
1485 1457 1558 1500 illi.
1607 1457 1707 1511 (Gut

152 1529 420 1579 anvertraut.)
467 1527 537 1570 lat.
565 1528 658 1569 118.

148 1598 323 1649 Quidam
354 1599 474 1640 homo
507 1603 595 1641 erat
626 1599 695 1654 qui
726 1599 891 1642 unicum
923 1598 1053 1641 filium
1085 1599 1263 1643 habebat
1294 1601 1359 1643 eui
1390 1603 1486 1657 post
1516 1604 1703 1644 mortem.

152 1669 402 1722 (Oelfasser.)
450 1683 542 1725 app.
568 1670 635 1711 50.

153 1741 327 1792 Quidam
345 1741 570 1797 imperator
587 1744 676 1783 erat
692 1742 760 1797 qui
780 1742 925 1785 statuit
941 1756 1014 1799 pro
1031 1742 1120 1797 lege
1138 1743 1245 1797 quod
1262 1743 1422 1786 viatori.
1457 1744 1705 1800 (Triumph.)

150 1813 220 1855 lat.
245 1813 313 1854 30.

151 1883 290 1926 Refert
322 1881 477 1926 Seneca
517 1884 625 1939 quod
663 1885 705 1926 in
745 1885 984 1940 corporibus
1022 1885 1237 1928 venenosis
1274 1889 1444 1941 propter
1483 1885 1703 1928 maliciam.

151 1953 419 2006 (Wurmfrei.)
466 1955 536 1997 lat.
561 1956 628 1997 32.

151 2025 353 2080 Regnavit
368 2026 590 2068 alexander
612 2027 681 2082 qui
697 2027 956 2070 Aristotilem
977 2027 1020 2069 in
1041 2027 1284 2082 magistrum
1299 2027 1495 2071 habebat.
1529 2028 1705 2080 (Aristo-

149 2097 250 2140 teles
281 2097 453 2149 lehren.)
499 2097 569 2140 lat.
593 2099 660 2140 34.

150 2169 253 2211 Erat
284 2169 449 2223 quidam
481 2168 709 2224 Imperator
732 2169 800 2224 qui
823 2168 947 2212 filiam
971 2168 1184 2226 pulchram
1207 2169 1395 2213 habebat.
1442 2170 1570 2226 (Kopf
1587 2170 1704 2224 boch,

150 2240 294 2291 blind.)
342 2253 436 2295 app.
460 2238 527 2279 51.

149 2311 319 2364 Legitur
350 2310 401 2352 de
432 2310 594 2353 vulture
626 2311 695 2366 qui
727 2324 818 2353 cum
850 2315 1016 2367 ceperat
1047 2312 1218 2367 predam
1250 2325 1365 2354 suam
1399 2312 1559 2368 probat.
1609 2311 1703 2364 (Ge-

150 2381 432 2437 wichtprobe.)
480 2394 574 2436 app.
599 2383 666 2423 52.

150 2453 319 2507 Legitur
349 2453 391 2494 iu
423 2452 548 2506 gestis
579 2452 856 2496 Romanorum
890 2454 996 2508 quod
1028 2454 1124 2497 talis
1153 2458 1242 2497 erat
1262 2454 1524 2497 consuetudo.
1574 2453 1704 2506 (Frie-

152 2524 410 2576 denslamm.)
456 2524 526 2566 lat.
551 2524 618 2565 35.

152 2595 320 2649 Legitur
353 2595 458 2650 quod
491 2595 657 2650 quidam
689 2609 760 2638 rex
794 2595 971 2650 quesivit
1001 2599 1175 2650 quatuor
1207 2596 1452 2651 questiones.
1506 2594 1619 2647 (Was
1650 2595 1705 2638 ist

153 2667 224 2709 der
253 2666 452 2719 mensch.)
498 2666 568 2708 lat.
592 2667 659 2708 36.

151 2736 322 2792 Legitur
358 2738 402 2778 in
441 2738 614 2780 cronicis
653 2737 761 2792 quod
800 2737 976 2793 populus
1007 2751 1201 2780 romanus
1232 2737 1491 2793 columpnam
1525 2751 1704 2780 marmo-

153 2822 277 2851 ream.
327 2808 514 2860 (Caesars
546 2809 863 2861 todeszeiehen.)
910 2809 979 2852 lat.
1004 2810 1072 2851 97.

154 2879 323 2933 Legitur
354 2884 540 2936 tempore
570 2880 743 2923 heinrici
775 2879 1039 2937 Imperatoris
1071 2881 1188 2924 tercii
1220 2880 1327 2935 quod
1350 2879 1524 2935 quedam
1545 2879 1702 2923 civitas.

153 2950 434 3003 (Brieftaube.)
481 2951 550 2994 lat.
575 2952 642 2993 38.
