1949 3162
958 68 1042 109 378

836 192 938 234 CAP.
965 191 1031 232 67.
1066 190 1169 239 (59.)

444 284 516 328 De
554 282 848 327 excusacione
884 280 932 323 in
969 277 1172 321 extremis
1210 288 1303 319 non
1340 271 1557 316 habenda.

281 392 558 435 Maximianus
589 388 778 442 regnavit
809 386 1003 442 prudens,
1036 385 1076 425 in
1110 383 1224 436 cujus
1256 394 1380 434 regno
1413 382 1530 422 erant
1561 377 1639 419 duo
1672 375 1836 428 milites,

165 479 270 508 unus
302 465 466 519 sapiens
500 461 602 503 alter
634 459 796 511 stultus,
830 457 898 510 qui
931 460 1073 498 mutuo
1107 468 1149 496 se
1183 453 1426 495 dilexerunt.
1482 450 1555 491 Ait
1585 448 1621 490 ei
1653 446 1836 502 sapiens:

119 542 140 576 5
166 535 361 590 Nunquid
394 534 469 576 tibi
500 532 635 588 placet
665 543 789 571 unam
823 527 1139 569 convencionem
1170 537 1328 566 mecum
1351 520 1529 577 ponere?
1562 522 1602 561 et
1623 518 1701 560 erit
1721 516 1838 558 nobis

166 607 279 650 utile.
327 606 385 648 At
423 604 510 646 ille:
551 602 675 644 Michi
715 601 818 642 bene
857 599 1003 654 placet.
1051 597 1129 647 Qui
1171 596 1247 637 ait:
1288 592 1536 645 Sanguinem
1579 589 1750 644 quilibet
1789 586 1839 628 de

168 678 334 722 brachio
367 677 534 719 dextero
568 674 818 725 emittamus,
852 683 925 723 ego
958 673 1072 711 tuum
1107 666 1346 720 sanguinem
1372 663 1510 705 bibam
1543 665 1583 703 et
1613 664 1658 701 tu
1689 671 1840 711 meum,

167 751 210 792 in
242 750 403 803 signum
438 746 545 802 quod
577 744 713 786 nullus
746 742 871 784 alium
905 740 1085 782 dimittet
1115 751 1191 780 nec
1221 737 1263 778 in
1296 733 1569 791 prosperitate
1601 743 1675 773 nec
1705 730 1748 772 in
1771 728 1841 771 ad-

168 821 379 873 versitate,
412 823 453 860 et
484 815 672 871 quitquid
704 828 808 855 unus
840 812 1021 854 lucratus
1052 810 1189 862 fuerit,
1223 807 1326 849 alius
1358 804 1655 847 dimidietatem
1679 800 1840 843 habeat.

101 898 144 932 10
169 892 243 933 Ait
272 890 359 932 ille:
394 888 518 931 Michi
551 887 704 942 optime
737 884 883 939 placet.
928 881 1077 924 Statim
1101 893 1191 922 cum
1215 877 1454 931 sanguinem
1477 874 1702 917 traxissent
1723 871 1842 913 ambo

170 962 412 1016 sanguinem
446 959 614 1002 alterius
647 957 859 1007 biberunt,
899 954 974 995 hoc
1004 953 1111 994 facto
1149 952 1190 992 in
1223 963 1304 991 una
1337 948 1456 989 domo
1490 958 1651 1000 semper
1682 955 1844 985 reman-

171 1037 324 1076 serunt.
371 1032 459 1074 Rex
492 1044 587 1072 vero
621 1029 721 1070 duas
754 1027 942 1068 civitates
973 1025 1146 1076 fecerat,
1178 1034 1301 1063 unam
1334 1020 1376 1061 in
1409 1017 1646 1060 summitate
1678 1013 1845 1066 montis,

171 1110 211 1147 et
243 1104 351 1159 quod
383 1116 523 1145 omnes
556 1100 706 1143 ibidem
740 1098 950 1140 venientes
983 1095 1145 1149 copiam
1175 1091 1358 1134 thesauri
1390 1089 1600 1140 haberent,
1633 1089 1673 1128 et
1693 1084 1845 1127 ibidem

170 1180 256 1219 toto
288 1179 473 1229 tempore
505 1173 808 1228 permanerent,
841 1168 892 1209 ad
923 1168 1046 1209 istam
1078 1166 1287 1208 civitatem
1314 1165 1403 1204 erat
1422 1161 1489 1202 via
1510 1159 1654 1201 stricta
1675 1168 1722 1198 ac
1741 1155 1847 1210 lapi-

103 1254 146 1288 15
173 1248 272 1289 dosa
304 1250 344 1288 et
374 1246 416 1287 in
450 1245 517 1286 via
548 1248 631 1285 tres
664 1241 816 1282 milites
847 1252 937 1280 cum
972 1250 1122 1291 magno
1154 1234 1336 1278 exercitu
1367 1230 1602 1283 manebant,
1634 1232 1675 1270 et
1705 1238 1847 1268 omnes

172 1332 246 1374 per
278 1318 386 1359 viam
419 1315 531 1357 illam
572 1315 832 1355 transeuntes
871 1312 1099 1364 oporteret,
1132 1311 1177 1349 ut
1217 1309 1359 1348 contra
1390 1316 1458 1346 eos
1490 1302 1741 1358 pugnarent,
1779 1299 1850 1339 aut

173 1389 311 1432 omnia
343 1401 434 1429 cum
468 1387 553 1428 vita
585 1398 659 1426 sua
691 1383 939 1425 amitterent.
993 1380 1039 1422 In
1069 1380 1150 1420 ista
1181 1378 1309 1420 eciam
1341 1376 1507 1417 civitate
1537 1385 1612 1414 rex
1643 1369 1847 1425 quendam

174 1459 443 1503 senescallum
477 1456 704 1508 ordinavit,
746 1454 815 1508 qui
854 1465 995 1494 omnes
1031 1449 1311 1492 indifferenter
1341 1447 1543 1488 intrantes
1574 1442 1778 1497 reciperet
1809 1443 1849 1482 et

175 1532 400 1575 secundum
433 1533 587 1571 statum
620 1540 738 1568 suum
771 1529 812 1567 et
842 1523 1102 1566 condiciones
1132 1521 1243 1563 laute
1275 1518 1543 1560 ministraret.
1591 1513 1727 1556 Aliam
1750 1512 1849 1554 civi-

106 1610 151 1643 20
175 1608 303 1646 tatem
334 1602 432 1644 fecit
463 1600 551 1642 fieri
585 1600 626 1640 in
658 1597 763 1638 valle
796 1596 870 1638 sub
902 1598 1040 1636 monte
1071 1593 1156 1645 illo,
1189 1592 1240 1633 ad
1272 1603 1393 1644 quam
1425 1587 1634 1629 civitatem
1665 1587 1754 1627 erat
1784 1583 1851 1625 via

176 1676 302 1731 plana
335 1687 380 1715 ac
412 1672 463 1714 ad
497 1669 788 1713 ambulandum
813 1665 1085 1716 delectabilis3
1118 1668 1201 1705 tres
1224 1661 1375 1703 milites
1398 1660 1439 1701 in
1461 1658 1528 1700 via
1547 1658 1629 1699 ista
1643 1655 1850 1710 jacebant,

179 1747 248 1802 qui
281 1758 422 1787 omnes
454 1745 715 1785 transeuntes
738 1742 949 1793 gratanter
970 1738 1213 1791 receperunt
1235 1746 1280 1775 ac·
1302 1729 1593 1774 ministrabant
1614 1741 1687 1783 pro
1711 1739 1850 1769 eorum

179 1818 404 1860 voluntate.
451 1814 497 1856 In
528 1814 608 1855 ista
641 1812 806 1854 civitate
839 1809 1041 1864 quendam
1074 1804 1344 1848 senescallum
1377 1800 1604 1853 ordinavit,
1636 1803 1682 1840 ut
1711 1810 1852 1840 omnes

180 1889 390 1931 civitatem
431 1886 633 1927 intrantes
682 1886 752 1924 aut
791 1880 1169 1936 appropinquantes
1209 1876 1481 1917 incarceraret
1519 1875 1560 1913 et
1595 1871 1638 1912 in
1676 1869 1854 1911 adventu

111 1968 155 2002 25
175 1960 326 2016 judicis
371 1970 511 1999 omnes
553 1955 589 1997 ei
630 1955 911 2009 presentaret,
946 1950 1075 2005 judex
1114 1961 1208 1990 vero
1250 1945 1352 1988 nulli
1389 1946 1588 2000 parceret.
1634 1942 1708 1984 Ait
1735 1939 1853 1982 miles

181 2032 346 2087 sapiens
379 2029 488 2070 socio
522 2040 615 2068 suo:
650 2024 885 2075 Carissime,
919 2033 1139 2077 pergarnus
1173 2033 1245 2074 per
1276 2016 1474 2058 mundum
1507 2014 1612 2056 sicut
1633 2012 1757 2055 ceteri
1780 2011 1855 2053 mi-

180 2104 273 2145 lites
314 2106 354 2143 et
393 2099 620 2155 poterimus
658 2095 788 2137 multa
828 2095 934 2136 bona
973 2092 1204 2146 acquirere,
1245 2103 1317 2144 per
1349 2101 1426 2142 que
1458 2087 1625 2128 honeste
1657 2084 1854 2125 vivemus.

182 2174 259 2224 Qui
293 2173 369 2214 ait:
415 2170 541 2212 Mic-hi
573 2169 674 2210 bene
712 2166 857 2222 placet.
906 2164 1040 2206 Ambo
1081 2176 1154 2218 per
1194 2159 1399 2215 quandam
1433 2158 1540 2199 viam
1573 2157 1854 2212 perrexerunt.

185 2246 258 2287 Ait
290 2244 479 2298 sapiens:
514 2239 751 2290 Carissime,
785 2237 889 2278 sicut
916 2235 1030 2277 vides
1052 2234 1118 2275 hic
1139 2237 1236 2274 sunt
1256 2232 1334 2273 due
1357 2230 1439 2280 vie3
1472 2241 1554 2270 una
1576 2227 1626 2268 ad
1648 2225 1854 2268 civitatem

114 2323 159 2356 30
184 2314 485 2358 nobilissimam
518 2310 681 2363 dirigit3
716 2309 749 2350 si
782 2322 856 2364 per
886 2307 1000 2348 illam
1032 2305 1263 2360 pergimus,
1297 2302 1347 2343 ad
1380 2300 1587 2342 civitatem
1619 2297 1733 2339 illam
1765 2308 1856 2351 per-

186 2388 410 2438 veniemus,
442 2384 485 2425 in
519 2395 599 2437 qua
629 2380 827 2422 habemus
861 2377 1053 2433 quicquid
1085 2389 1153 2417 cor
1185 2379 1369 2416 nostrum
1405 2370 1622 2413 desiderat.
1669 2367 1765 2409 Alia
1797 2369 1859 2408 est

186 2459 253 2500 via
285 2471 362 2512 que
393 2456 507 2497 ducit
548 2453 597 2495 ad
631 2452 753 2494 aliam
786 2450 1016 2501 civitatem,
1058 2461 1134 2501 que
1173 2450 1236 2488 est
1266 2446 1306 2486 in
1340 2443 1445 2485 valle
1477 2443 1733 2492 constructa,
1766 2436 1855 2491 [54]

187 2534 227 2572 et
259 2529 293 2570 si
325 2541 398 2583 per
431 2539 519 2568 eam
553 2522 823 2574 ambulemus,
856 2520 965 2575 capti
999 2519 1150 2560 erimus
1183 2521 1224 2559 et
1253 2513 1510 2566 incarcerati,
1543 2525 1590 2554 ac
1615 2510 1746 2566 judici
1768 2522 1860 2564 pre-
1898 2564 1903 2567 q

189 2600 336 2642 sentati
370 2602 409 2640 et
440 2611 513 2652 per
546 2608 636 2636 eum
671 2594 713 2634 in
745 2591 928 2648 patibulo
962 2590 1168 2645 suspensi,
1202 2587 1367 2630 consulo
1397 2599 1491 2639 ergo
1524 2587 1568 2625 ut
1598 2582 1706 2624 viam
1737 2581 1859 2622 istam

120 2679 164 2711 δῦ
190 2671 446 2713 dimittamus
489 2671 529 2709 et
567 2679 639 2721 per
679 2664 802 2705 aliam
843 2663 1111 2704 ambulemus.
1161 2660 1232 2702 Ait
1263 2658 1380 2700 miles
1414 2655 1582 2698 stultus:
1624 2651 1860 2704 Carissime,

191 2743 239 2784 de
271 2742 362 2783 istis
396 2739 552 2781 duabus
584 2735 820 2777 civitatibus
853 2733 1007 2774 dudum
1046 2736 1108 2774 est
1144 2730 1251 2785 quod
1284 2728 1441 2780 audivi,
1482 2726 1553 2769 sed
1584 2725 1651 2767 via
1682 2724 1733 2766 ad
1764 2723 1862 2765 civi-

191 2816 317 2854 tatem
352 2824 474 2866 super
508 2812 685 2850 montem
722 2811 782 2847 est
814 2805 956 2846 stricta
989 2803 1105 2845 valde
1138 2816 1183 2844 ac
1205 2800 1447 2856 periculosa,
1481 2797 1577 2852 quia
1597 2797 1640 2838 in
1662 2809 1710 2838 ea
1725 2795 1865 2849 jacent

193 2888 275 2924 tres
309 2883 460 2923 milites
493 2894 581 2922 eum
617 2877 819 2928 exercitu,
859 2877 928 2930 qui
960 2888 1100 2917 omnes
1132 2874 1332 2915 intrantes
1374 2871 1635 2925 oppugnant,
1674 2865 1865 2908 occidunt

287 2964 331 2997 30
357 2963 464 3006 illam]
492 2967 575 3007 oriy.
596 2959 700 2994 ullam
727 2958 833 2992 illam.
