1919 3157
880 55 966 96 575

73 169 295 210 pomorum
335 164 370 196 et
397 157 554 210 florum
596 160 756 211 vrit-unt,
799 175 847 201 ea:
888 163 1012 202 odore
1052 163 1160 203 711.an
1200 164 1331 205 subito
1375 169 1618 209 moriuntur.
1685 170 1764 212 Isti

77 226 297 281 desz'qnant
340 226 602 281 clauso-ales,
652 233 726 285 qui
766 234 966 288 precipue
1008 242 1150 275 eontra
1190 235 1324 276 cibam
1362 246 1399 278 et
1432 247 1578 293 potum
1618 240 1762 282 debent

77 295 209 338 sobrii
247 312 350 350 esse,
393 306 429 339 et
468 299 543 340 hoc
582 309 638 341 est
677 303 881 343 modicum
919 318 962 345 os
994 305 1142 346 habere
1172 314 1209 347 et
1240 323 1331 347 cum
1361 309 1519 351 calamo
1550 313 1578 351 i.
1603 327 1633 353 e.
1669 328 1759 353 cum

75 367 325 410 discrecione
355 385 512 411 sumere
544 371 687 412 cibum.
746 372 866 415 Tales
899 375 1042 417 debent
1072 392 1121 417 ιη’
1143 378 1267 418 odore
1293 394 1516 434 pomorum
1547 391 1583 423 et
1600 384 1759 437 florum

72 440 100 480 i.
131 454 163 480 e.
198 449 490 496 preceptorum
529 452 565 484 et
604 443 806 485 bonarum
850 447 1048 488 virtutum
1090 449 1368 503 spiritualiter
1413 454 1568 505 cicere,
1618 462 1654 496 et
1698 457 1758 496 sic
1806 466 1828 501 5

72 509 169 552 aliis
199 512 365 552 modum
395 514 562 554 vii-endi
593 517 634 555 in
666 518 849 557 castitate
881 525 917 558 et
943 521 1208 573 parsimonia
1233 521 1427 576 prebere3
1459 525 1531 564 sed
1561 526 1610 566 de
1632 526 1757 567 odore

70 580 180 623 ‘malo
217 583 244 623 i.
269 597 299 623 e.
328 593 499 638 peccato
533 588 611 627 cito
649 589 904 641 moriuntur,
947 591 1048 644 quia
1088 606 1213 645 quam
1254 594 1332 634 cito
1361 603 1576 648 peccatum
1604 612 1753 652 perpe-

70 659 227 706 tratur,
266 653 385 697 Ιιοηιο
419 656 578 698 Christo
618 660 804 699 moritur.
861 659 962 701 Item
1001 661 1154 702 widem
1191 672 1287 705 sunt
1316 665 1498 707 homines
1534 669 1621 708 sine
1650 684 1753 709 ‘naso

55 723 177 777 facie
215 725 367 780 plena,
416 735 453 769 et
497 730 698 784 quiequid
745 732 880 772 rident
925 731 1000 773 lzoc
1041 740 1168 774 totum
1207 734 1357 776 bonum
1397 746 1561 792 putant.
1630 738 1752 780 Tales

67 795 286 850 desiynant
319 799 464 840 stultos
500 801 588 841 sine
624 816 726 842 naso
767 803 1053 856 discrecionis,
1092 806 1154 846 ita
1194 808 1307 861 quod
1344 816 1472 849 totum
1511 811 1567 850 eis
1600 809 1751 852 bonum
1778 821 1823 856 10

67 880 150 908 esse
188 869 367 920 videtur,
410 872 522 925 quod
559 873 698 913 vident
737 882 773 914 et
808 875 897 929 ipsi
919 875 1103 929 faciunt.
1163 876 1273 919 Sunt
1309 886 1345 920 et
1384 880 1537 921 ibidem
1566 882 1750 924 homines

64 936 254 980 habentes
285 956 434 982 nasum
465 950 502 983 et
533 943 685 984 labium
723 945 903 999 inferius
941 954 1025 987 tam
1065 946 1252 1002 lonqum,
1293 951 1406 1005 quod
1442 959 1568 993 totam
1587 953 1750 1007 faciem

64 1011 305 1065 cooperiunt
340 1013 595 1055 dormientes.
666 1015 787 1056 Tales
827 1018 1047 1073 desi-(mant
1073 1020 1231 1073 justos,
1276 1023 1350 1076 qui
1384 1022 1535 1064 liabent
1571 1025 1748 1078 inferius

62 1080 216 1122 scilicet
235 1083 293 1123 acl
311 1085 511 1126 mundum
532 1101 727 1141 maqnwn
750 1088 907 1130 labium
937 1092 1294 1145 considerationis,
1328 1095 1576 1136 attendentes
1602 1097 1750 1137 mundi

59 1153 283 1194 vanitatem
313 1155 579 1198 detractionis
611 1167 647 1200 et
679 1161 906 1211 mendaci&
939 1169 1072 1203 tamen
1098 1178 1177 1218 per
1208 1164 1363 1205 labium
1397 1167 1578 1208 custodie
1606 1175 1744 1222 prote·
1775 1175 1816 1210 15

57 1231 162 1278 qant
198 1231 326 1266 totam
351 1226 514 1280 faeiem
551 1230 577 1270 i.
603 1245 633 1270 e.
669 1238 795 1272 totam
825 1234 953 1273 vitam
986 1248 1065 1289 per
1085 1235 1230 1290 juyem
1267 1238 1573 1279 meditationem
1611 1253 1662 1280 ne
1701 1241 1746 1280 in

51 1297 236 1350 peccatis
281 1298 502 1341 dormiant.
565 1300 618 1342 In
658 1301 805 1344 Siclzia
851 1312 945 1345 sunt
983 1305 1164 1347 homines
1205 1307 1395 1349 habentes
1441 1317 1525 1350 tam
1570 1325 1744 1365 maqnas

59 1365 200 1420 aures,
241 1376 287 1409 ut
324 1377 462 1426 teqant
498 1386 575 1426 per
612 1373 709 1413 illas
749 1382 876 1415 totum
916 1391 1077 1432 corpus.
1136 1377 1216 1419 Hii
1252 1380 1471 1435 desz'qnant
1513 1381 1630 1434 illos,
1671 1383 1746 1437 qui

58 1436 227 1480 libenter
257 1441 436 1482 audiunt
464 1442 632 1484 verbum
671 1445 756 1498 clei,
792 1461 874 1502 per
906 1448 1018 1502 quod
1041 1457 1221 1504 possunt
1252 1452 1436 1492 animam
1467 1460 1504 1493 et
1535 1468 1684 1509 corpus
1717 1470 1743 1495 a

54 1512 235 1563 peccatis
283 1514 497 1554 custodire.
562 1514 666 1556 Item
705 1517 841 1572 aliqui
876 1527 989 1570 sunt,
1039 1521 1114 1574 qui
1149 1528 1195 1561 ut
1226 1536 1385 1577 pecora
1423 1523 1657 1577 ambulant,
1706 1533 1744 1566 et
1766 1533 1811 1567 20

55 1581 224 1636 siqnant
252 1582 361 1635 illos,
396 1586 471 1639 qui
498 1601 571 1625 nec
602 1587 722 1628 deum
752 1604 825 1629 nec
856 1598 1017 1631 sanctos
1044 1591 1128 1644 ejus
1159 1592 1379 1646 honorant,
1413 1596 1485 1636 secl
1514 1603 1560 1636 ut
1583 1611 1742 1652 pecora

55 1658 92 1692 et
111 1650 303 1704 jumenta
331 1656 608 1698 irracionalia
635 1659 684 1699 de
703 1668 869 1714 peceato
890 1663 936 1702 in
952 1670 1168 1717 peccatum
1199 1664 1426 1718 ambulant,
1461 1675 1605 1708 contra
1637 1683 1739 1723 quos

54 1722 156 1764 dicit
185 1724 435 1768 Psalmista:
475 1728 616 1770 Nolite
642 1730 745 1783 fieri
781 1733 888 1773 sicut
925 1748 1052 1789 equus
1092 1743 1128 1776 et
1167 1736 1302 1777 mulus
1344 1745 1412 1778 ete.
1468 1737 1573 1779 Item
1603 1740 1740 1795 aliqui

53 1793 234 1837 homines
255 1806 350 1839 sunt
370 1802 535 1841 cornuti
554 1816 655 1843 naso
678 1801 804 1855 brevi,
832 1804 1012 1859 pedibus
1034 1809 1232 1862 caprinis.
1292 1807 1414 1850 Tales
1438 1817 1533 1851 sunt
1552 1811 1733 1866 superbi,

53 1867 128 1920 qui
155 1868 200 1908 in
222 1871 336 1910 omni
355 1870 442 1911 loco
475 1886 632 1913 cornua
662 1874 852 1929 superbie
883 1878 1113 1930 ostendunt,
1147 1886 1184 1920 et
1213 1879 1362 1921 habent
1384 1896 1567 1936 parvum
1587 1898 1736 1924 nasum
1760 1890 1806 1924 25

51 1937 309 1982 discretionis
341 1942 398 1983 ad
417 1943 589 1985 salutem
615 1947 852 2000 propriam,
885 1948 957 1989 sed
985 1948 1135 1991 liabent
1162 1951 1286 2005 pedes
1310 1954 1508 2011 ¹caprinos
1530 1956 1732 1997 currendo

50 2008 108 2049 ad
145 2009 378 2063 luoeuriam3
426 2029 574 2070 caprea
623 2018 730 2057 enim
774 2018 1022 2060 velocissimi
1066 2035 1209 2062 cursus
1253 2031 1311 2064 est
1351 2031 1388 2064 et
1426 2025 1484 2066 acl
1521 2040 1732 2068 ascensum

41 2093 195 2134 prona.
257 2083 446 2140 Applica
486 2087 543 2127 ad
579 2088 801 2142 superbos!
851 2090 904 2131 In
940 2091 1141 2146 Etliiopia
1181 2101 1276 2134 sunt
1321 2094 1523 2149 homines,
1573 2106 1731 2139 tantum

47 2166 174 2192 unum
192 2155 338 2208 pedem
368 2155 571 2210 habentes,
605 2166 714 2200 tante
735 2169 870 2202 tamen
891 2162 1116 2204 velocitatis
1141 2172 1249 2217 sant,
1282 2173 1327 2207 ut
1357 2165 1504 2208 bestias
1527 2170 1729 2210 currendo

46 2223 327 2279 insequantur.
378 2226 457 2268 Hii
485 2237 580 2270 sunt
609 2230 687 2282 illi,
723 2234 797 2286 qui
824 2232 974 2275 liabent
1003 2242 1162 2275 tantum
1192 2251 1321 2277 unum
1339 2239 1486 2293 pedem
1501 2239 1727 2294 perfectio·
1754 2247 1800 2282 30

44 2295 110 2335 nis
142 2310 242 2352 elya
273 2297 391 2338 deum
423 2307 460 2340 et
493 2296 594 2352 [153
607 2299 646 2355 b]
676 2304 938 2358 proximum,
980 2306 1135 2347 scilieet
1159 2308 1310 2362 pedem
1348 2311 1546 2351 caritatis.
1606 2310 1727 2352 Tales

45 2373 140 2407 sunt
175 2368 327 2409 veloces
363 2384 502 2411 versus
539 2386 712 2427 reqnum
749 2375 897 2416 celeste.
959 2375 1010 2417 In
1049 2377 1176 2418 India
1213 2387 1308 2420 sunt
1343 2380 1512 2436 Piymei
1548 2382 1727 2424 duorum

45 2436 272 2479 cubitorum
316 2442 362 2480 in
400 2441 676 2496 lonqitudine,
724 2447 951 2500 equitantes
996 2462 1122 2504 super
1161 2449 1297 2491 hircos
1345 2459 1382 2492 et
1425 2467 1515 2493 cum
1551 2453 1725 2508 yruibus

39 2509 274 2563 preliantes.
329 2511 410 2553 Hii
445 2513 664 2568 desiqnant
695 2504 814 2569 illos,
859 2519 934 2572 qui
967 2521 1095 2572 parvi
1128 2528 1224 2561 sunt
1259 2523 1304 2562 in
1337 2523 1593 2578 lonqitudine
1623 2524 1725 2566 bone

40 2580 141 2633 vite,
179 2581 415 2624 inchoantes
454 2585 527 2625 secl
564 2600 648 2626 non
684 2597 989 2642 perseverantes
1029 2598 1066 2632 et
1103 2606 1186 2632 non
1217 2593 1394 2634 viriliter
1429 2603 1572 2636 contra
1599 2610 1723 2650 qrzces
1748 2604 1794 2640 35

40 2651 123 2697 i.,e.
164 2653 361 2694 vitiorum
397 2656 538 2696 sordes
574 2667 776 2712 puynant.
834 2658 887 2699 In
917 2659 1044 2701 India
1085 2663 1214 2703 eciam
1253 2672 1348 2705 sunt
1377 2665 1514 2720 aliqui
1541 2666 1723 2708 homines

39 2735 110 2762 sex
147 2737 294 2765 manus
333 2724 543 2778 habentes,
586 2729 693 2769 nudi
730 2737 767 2770 et
801 2730 933 2784 pilosi
966 2733 1010 2772 in
1035 2733 1212 2786 flumine
1249 2743 1465 2776 morantes.
1522 2736 1722 2779 Homines

40 2806 132 2834 cum
169 2808 240 2835 seoe
268 2795 459 2842 manibus
499 2799 718 2854 desifsnant
752 2801 977 2854 studiosos,
1022 2804 1097 2857 qui
1135 2803 1347 2858 laborant,
1386 2814 1433 2848 ut
1462 2807 1590 2848 vitam
1621 2816 1720 2850 eter-

37 2878 136 2905 nam
167 2864 385 2908 obtineant.
433 2868 684 2910 Psalmista:
716 2870 873 2912 Anima
893 2887 982 2913 mea
1013 2875 1059 2914 in
1079 2875 1269 2917 manibus
1290 2879 1389 2918 meis
1418 2892 1585 2933 semper.
1635 2879 1722 2921 Per

37 2933 219 2978 homines
239 2939 372 2980 nudos
403 2940 690 2995 intelliyuntur
712 2950 944 2997 peccatores
976 2945 1196 2987 virtutibus
1227 2948 1411 3002 spoliati,
1447 2951 1522 3003 qui
1549 2964 1717 2992 moran-
1742 2958 1788 2992 40
