1949 3162
971 75 1058 116 400

174 196 332 235 mutata
365 190 403 230 in
438 188 572 230 colore
605 190 646 227 et
677 184 782 225 oculi
805 183 862 224 tui
886 182 926 222 in
950 178 1206 233 nigredinem
1230 180 1453 218 mutantur.
1505 173 1561 215 At
1582 172 1673 214 illa:
1707 171 1855 213 Mirum

175 278 256 306 non
290 266 369 313 est,
410 259 506 313 quia
546 270 635 299 sum
675 257 935 309 impregnata
973 255 1013 292 et
1051 263 1125 305 per
1157 260 1410 301 Consequens
1450 245 1631 287 confusa.
1680 242 1752 284 llle
1782 241 1859 282 hoc

179 335 348 376 audiens
381 330 490 372 ultra
524 342 646 382 quam
679 326 789 368 credi
824 326 959 379 potest
991 321 1257 364 contristatus
1290 322 1371 369 est3
1404 316 1517 358 flevit
1549 327 1688 357 amare
1720 315 1760 354 et
1782 312 1859 353 ait:

178 406 327 447 Pereat
359 402 444 443 dies
485 401 526 441 in
567 413 645 454 quo
685 402 805 438 natus
840 409 950 448 sum,
985 397 1025 435 et
1057 391 1154 446 quid
1194 390 1340 432 faciam
1377 402 1474 441 ogo,
1511 386 1671 442 penitus
1703 384 1859 435 ignoro.

133 482 153 515 5
180 476 265 526 Que
298 475 374 516 ait:
409 472 599 523 Domine,
632 471 695 511 fac
727 467 943 509 consilium
976 477 1111 506 meum
1148 466 1187 503 et
1219 465 1312 516 post
1342 461 1495 502 factum
1528 471 1609 499 non
1638 454 1863 511 penitebis3

179 561 253 589 nos
286 559 367 586 non
401 556 541 585 sumus
575 540 712 596 primi,
747 539 815 592 qni
848 537 1028 590 graviter
1061 536 1179 576 deum
1216 532 1485 574 offenderunt.
1534 529 1611 571 Hic
1644 539 1771 582 prope
1803 528 1866 566 est

180 632 286 660 unus
319 616 437 657 miles
477 627 601 655 senex
641 609 902 652 consiliarius
944 607 1074 662 patris
1121 604 1274 657 nostri,
1317 604 1365 644 de
1398 602 1512 656 cujus
1546 598 1717 640 consilio
1749 600 1867 652 pater

182 694 321 732 noster
360 699 523 740 semper
562 686 624 725 est
665 685 871 736 operatus.
928 678 1107 719 Vocetur
1155 676 1221 717 ille
1255 679 1294 716 et
1327 673 1400 715 sub
1433 671 1567 725 sigillo
1601 666 1868 711 confessionis

183 761 322 803 omnia
354 759 390 800 ei
424 757 619 798 dicemus.
671 753 741 794 llle
775 765 870 793 vero
906 749 1004 791 utile
1037 747 1252 789 consilium
1279 745 1393 787 dabit
1414 743 1532 785 nobis
1556 745 1596 783 et
1619 739 1727 795 quod
1748 738 1869 780 satis-

121 842 160 875 10
183 832 382 874 faciemus
416 829 490 870 deo
525 830 565 868 et
597 824 861 880 obprobrium
898 820 1149 862 mundanum
1190 817 1364 860 evad’ere
1396 814 1635 870 poterimus.
1683 810 1757 852 Ait
1777 822 1870 851 rex:

185 903 309 946 Michi
351 902 453 943 bene
493 898 648 953 placet,
689 895 759 937 sed
801 894 934 949 primo
968 891 1206 933 studeamus
1246 889 1320 930 deo
1359 884 1638 929 reconciliari!
1686 879 1873 923 Confessi

188 979 284 1017 sunt
325 971 444 1014 ambo
488 969 609 1011 corde
650 981 752 1022 puro
804 978 893 1006 cum
936 962 1186 1005 contricione
1228 972 1390 1008 magna.
1450 957 1575 999 Facta
1616 952 1873 997 confessione

189 1047 391 1088 miserunt
423 1056 497 1097 pro
531 1040 660 1081 milite
703 1042 742 1079 et
783 1041 911 1078 totum
948 1035 1107 1090 private
1148 1046 1239 1074 cum
1272 1030 1370 1073 fietu
1403 1028 1645 1071 retulerunt.
1694 1025 1752 1066 At
1781 1022 1873 1064 ille:

189 1117 388 1167 Domine,
431 1127 480 1154 ex
522 1125 600 1166 quo
642 1110 739 1152 estis
781 1108 855 1150 deo
899 1105 1172 1157 reconciliati,
1215 1103 1353 1145 audite
1390 1099 1607 1142 consilium
1639 1110 1790 1148 meum,
1831 1097 1877 1135 ut

126 1198 165 1232 15
191 1187 470 1232 confusionem
505 1182 754 1224 mundanam
780 1179 952 1221 evadere
975 1176 1156 1232 possitis.
1202 1175 1282 1216 Pro
1306 1172 1484 1229 peccatis
1507 1170 1655 1213 vestris
1679 1181 1725 1210 ac
1746 1165 1877 1222 patris

193 1259 315 1302 vestri
364 1261 519 1299 terram
569 1257 752 1295 sanctam
793 1250 949 1292 debetis
990 1248 1160 1289 visitare
1208 1249 1248 1288 et
1286 1245 1359 1287 tali
1399 1244 1464 1286 die
1505 1254 1646 1284 omnes
1689 1242 1878 1292 satrapas

192 1329 309 1384 regni
342 1326 468 1370 vestri
500 1326 542 1366 in
574 1322 789 1379 presencia
819 1324 891 1362 tua
913 1331 1151 1371 convocare,
1185 1317 1332 1359 deinde
1355 1316 1429 1358 hec
1450 1313 1576 1356 verba
1598 1325 1671 1367 per
1692 1309 1878 1352 ordinem

195 1402 350 1444 dicere:
383 1396 612 1448 Carissimi,
634 1398 788 1436 terram
813 1395 997 1434 sanctam
1023 1390 1191 1431 visitare
1213 1387 1326 1440 volo3
1350 1386 1509 1428 nullum
1532 1382 1724 1426 heredem
1741 1383 1880 1436 preter

196 1484 378 1515 sororem
420 1482 541 1510 unam
582 1466 711 1507 habeo
756 1462 877 1518 [655]
920 1463 1026 1503 sicut
1065 1461 1199 1514 scitis,
1240 1459 1305 1501 cui
1344 1459 1385 1500 in
1429 1455 1622 1499 absencia
1650 1466 1744 1495 mea
1775 1451 1882 1493 sicut

129 1553 172 1587 20
197 1542 359 1598 corpori
391 1554 481 1582 meo
514 1537 670 1580 debetis
705 1535 884 1586 obedire,
919 1537 958 1575 et
990 1536 1084 1588 post
1109 1532 1185 1574 hoc
1206 1530 1331 1572 michi
1354 1542 1490 1571 coram
1514 1526 1704 1569 omnibus
1726 1523 1881 1565 dicere:

197 1616 252 1658 Et
284 1614 372 1666 tibi,
406 1610 630 1661 carissime,
665 1608 753 1649 dico
788 1605 862 1647 sub
896 1619 1002 1660 pena
1035 1604 1117 1645 vite
1148 1608 1239 1655 tue,
1272 1606 1317 1643 ut
1349 1599 1501 1642 sororis
1533 1611 1624 1639 mee
1655 1594 1881 1638 custodiam

198 1686 363 1729 habeas.
411 1683 499 1736 Ego
533 1694 628 1722 vero
662 1675 943 1732 [manucapio]
979 1680 1062 1718 tam
1088 1675 1250 1730 private
1273 1677 1313 1715 et
1335 1684 1476 1714 secure
1499 1668 1743 1720 custodiam,
1776 1663 1886 1720 quod

200 1758 337 1800 nullus
375 1759 562 1809 tempore
603 1754 746 1806 partus
786 1762 860 1790 nec
901 1751 994 1789 ante
1035 1760 1110 1788 nec
1145 1748 1236 1801 post
1274 1744 1324 1786 de
1357 1757 1454 1785 casu
1487 1744 1622 1783 vestro
1655 1738 1778 1791 sciet,
1811 1748 1886 1778 nec

203 1830 332 1873 eciam
365 1839 469 1868 uxor
502 1837 604 1865 mea.
655 1822 728 1863 Ait
758 1834 852 1862 rex:
900 1819 1059 1860 Bonum
1095 1820 1156 1859 est
1188 1815 1425 1867 consilium3
1469 1812 1607 1855 omnia
1639 1807 1887 1864 adimplebo,

133 1907 178 1942 25
204 1914 282 1956 que
313 1897 438 1941 michi
471 1894 619 1937 dicitis.
670 1892 819 1934 Statim
851 1891 948 1932 fecit
980 1903 1120 1931 omnes
1154 1891 1343 1942 satrapas
1373 1884 1592 1928 convenire
1625 1886 1666 1924 et
1697 1879 1834 1923 omnia
1866 1891 1890 1919 a

204 1970 408 2027 principio
431 1980 560 2021 usque
583 1965 632 2007 ad
650 1964 773 2006 finem
796 1963 902 2004 sicut
918 1961 1108 2017 superius
1126 1963 1188 2002 est
1205 1959 1404 2013 scriptum
1424 1955 1641 1998 consilium
1659 1951 1802 1994 militis
1820 1949 1889 1991 ad-

204 2041 405 2098 implevit.
440 2039 543 2081 Cum
567 2036 705 2078 omnia
727 2034 853 2076 verba
874 2035 1169 2084 consumasset,
1202 2030 1293 2072 vale
1315 2028 1504 2071 omnibus
1526 2025 1636 2078 fecit,
1661 2023 1711 2065 ad
1732 2025 1888 2065 terram

208 2117 390 2156 sanctam
428 2108 623 2166 perrexit,
656 2106 773 2148 miles
807 2119 902 2147 vero
926 2104 1136 2146 dominam
1160 2115 1341 2144 sororem
1364 2100 1472 2153 regis
1494 2098 1547 2141 ad
1569 2099 1748 2138 castrum
1772 2106 1892 2135 suum

210 2184 339 2228 duxit.
389 2182 492 2224 Cum
526 2183 662 2222 autem
695 2191 798 2219 uxor
832 2176 974 2218 militis
1008 2176 1083 2217 hoc
1117 2174 1306 2226 vidisset,
1340 2171 1506 2213 domino
1539 2182 1611 2210 suo
1645 2165 1824 2208 occurrit
1855 2167 1895 2206 et

141 2267 186 2301 30
212 2257 288 2299 ait:
322 2253 499 2296 Domine
530 2251 588 2292 mi
619 2248 857 2300 reverende,
891 2247 1022 2302 qualis
1056 2245 1224 2287 domina
1254 2245 1337 2285 ista
1368 2242 1456 2284 est?
1495 2240 1573 2290 Qui
1605 2238 1682 2280 ait:
1715 2235 1895 2279 Domina

210 2330 352 2370 nostra
383 2337 498 2366 soror
530 2322 637 2374 regis
671 2323 750 2371 est3
780 2320 876 2372 jura
908 2318 1032 2359 michi
1063 2331 1137 2372 per
1170 2316 1292 2358 deum
1325 2313 1648 2367 omnipotentem
1682 2308 1757 2350 sub
1789 2319 1895 2362 pena

213 2399 296 2440 vite
328 2401 410 2449 tue,
443 2398 490 2436 ut
522 2393 740 2448 quicquam
773 2390 849 2432 tibi
882 2390 1023 2431 dixero
1057 2388 1194 2429 omnia
1226 2385 1395 2428 habebis
1427 2384 1470 2425 in
1502 2384 1671 2424 secreto.
1714 2379 1773 2420 At
1803 2377 1895 2419 illa:

215 2468 405 2520 Domine,
438 2469 578 2521 presto
611 2477 715 2505 sum.
765 2461 866 2504 Cum
901 2464 1038 2502 autcm
1064 2460 1259 2514 jurasset,
1294 2457 1352 2498 ait
1382 2454 1520 2496 miles:
1555 2451 1736 2494 Domina
1756 2452 1899 2491 nostra

217 2554 290 2597 per
322 2537 533 2581 dominum
565 2538 753 2576 nostrum
786 2546 924 2586 regem
958 2535 1020 2574 est
1050 2531 1331 2586 impregnata3
1365 2538 1492 2580 quare
1522 2523 1598 2565 tibi
1626 2521 1823 2578 precipiO,
1855 2522 1904 2566 ut

149 2621 194 2655 35
219 2611 332 2654 nulla
363 2612 551 2651 creatura
582 2606 791 2648 ministret
823 2604 880 2657 ei,
922 2606 1095 2657 excepta
1126 2605 1197 2643 tua
1234 2611 1430 2655 persona,
1471 2596 1530 2637 ita
1560 2597 1606 2635 ut
1637 2591 1900 2648 principium,

221 2682 405 2724 medium
438 2683 479 2721 et
510 2678 603 2720 finis
637 2676 776 2718 omnia
808 2675 889 2716 sint
911 2677 1081 2716 secreta.
1116 2673 1173 2714 At
1194 2671 1284 2713 illa:
1319 2667 1508 2719 Domine,
1542 2664 1681 2707 omnia
1701 2664 1783 2705 ista
1801 2661 1902 2703 fide-

221 2754 315 2795 liter
348 2750 593 2806 adimplebo,
640 2746 820 2789 Domina
852 2745 903 2787 ad
935 2758 1139 2786 cameram
1175 2743 1377 2798 privatam
1401 2742 1464 2780 est
1484 2735 1721 2778 introducta
1742 2737 1782 2776 et
1803 2732 1903 2774 satis

224 2823 437 2879 splendide
471 2822 507 2863 ei
539 2817 865 2861 ministrabatur.
899 2816 1000 2858 Cum
1033 2819 1196 2870 tempus
1230 2810 1416 2869 pariendi
1446 2810 1567 2860 esset,
1600 2805 1730 2847 filium
1751 2804 1904 2845 formo-

225 2909 317 2937 sum
351 2893 523 2950 peperit.
573 2889 690 2932 Miles
723 2901 814 2930 cum
847 2887 922 2929 hoc
954 2887 1155 2939 audisset,
1196 2884 1254 2925 ait
1285 2881 1468 2924 domine:
1517 2877 1550 2920 O
1583 2876 1750 2919 domina
1780 2873 1905 2916 caris-

156 2976 201 3010 40
227 2967 353 3019 sima,
393 2966 546 3007 bonum
589 2964 651 3003 est
690 2973 736 3001 ac
776 2958 876 3000 utile
916 2957 1171 2999 sacerdotem
1211 2952 1369 3006 vocari,
1410 2954 1456 2992 ut
1494 2962 1667 3005 puerum
1707 2944 1904 3001 baptizet.
