1949 3162
961 74 1047 116 522

161 180 257 220 hinc
297 179 514 235 profectus
556 188 636 232 est,
684 180 802 222 habet
842 196 974 222 (trinos
1015 192 1115 230 XJV;
1160 196 1245 222 non
1285 183 1418 223 veniet
1461 183 1519 223 ad
1563 184 1849 239 recipiendum

153 252 308 309 filiam,
341 265 415 291 nec
446 251 603 292 litteras
627 268 711 308 pro
746 268 793 293 ea
823 254 956 302 misit3
986 261 1091 308 puto
1125 254 1238 307 quod
1267 261 1452 294 mortuus
1484 262 1554 307 est,
1586 256 1731 296 nutrix
1761 255 1848 308 ejus

161 329 327 362 mortua
373 329 450 374 est,
497 325 699 364 neminem
744 324 870 365 habeo
914 325 1113 373 emulum5
1160 326 1346 366 occidam
1391 339 1480 365 eam
1521 334 1558 367 et
1597 327 1848 367 ornamentis

162 392 248 446 ejus
279 393 419 445 filiam
454 409 586 435 meam
622 395 790 436 ornabo.
840 395 897 436 Et
933 411 1025 436 cum
1060 396 1131 436 hec
1166 398 1401 451 cogitasset,
1440 398 1552 437 venit
1590 398 1762 452 quidam
1799 398 1848 439 de

90 468 112 503 5
160 464 264 504 villa
301 463 553 519 Theophilus
583 467 768 518 nomine,
813 482 931 522 quem
961 481 1113 507 vocans
1145 469 1225 508 ait:
1273 467 1326 509 Si
1356 469 1473 523 cupis
1500 469 1709 523 premium
1739 469 1848 509 acci-

155 549 279 591 pere,
319 534 359 576 T
357 536 543 576 harsiam
572 538 779 590 interfice!
818 539 894 578 Ait
915 539 1099 578 villicus:
1134 538 1249 590 Quid
1272 540 1463 594 peccavit
1482 540 1678 580 innocens
1698 539 1848 595 virqo?

160 607 218 648 Et
246 607 345 647 illa:
378 608 570 648 Pessima
591 617 662 660 cst,
696 617 733 649 et
758 611 851 650 ideo
880 610 984 650 mihi
1009 625 1161 665 neyare
1188 625 1273 650 non
1301 609 1443 659 debes‚·
1463 610 1546 664 fac
1574 611 1686 665 quod
1701 610 1845 664 jubeo,

161 685 199 719 et
235 679 274 719 si
309 693 394 719 non
422 679 602 733 feceris,
643 680 749 721 male
792 681 869 721 tibi
907 683 1068 722 eveniet.
1133 681 1190 722 Et
1225 682 1317 722 ille:
1363 681 1449 723 Dic
1487 681 1612 733 mihi,
1661 682 1845 734 domina,

163 749 342 804 qualiter
377 750 452 791 hoc
484 758 620 805 potest
645 752 769 804 fieri?
817 751 905 804 Que
936 754 1018 793 ait:
1058 751 1315 794 Consuetudo
1347 753 1433 806 ejus
1465 760 1542 804 cst,
1581 767 1677 793 moa)
1707 760 1753 793 ut
1781 766 1848 794 ve-

92 826 135 860 10
160 821 269 861 nerit
315 822 364 861 de
410 822 557 874 scolis,
604 837 689 863 non
724 824 849 878 prius
891 839 1048 864 sumere
1089 824 1247 876 cibum,
1297 839 1422 879 quam
1458 825 1635 864 nutricis
1674 838 1744 864 sue
1781 825 1847 864 in-

161 894 323 934 troierit
353 902 672 945 monumentum,
705 894 780 934 ubi
809 902 844 935 te
876 911 967 935 cum
992 897 1179 951 puyione
1201 904 1405 951 paratum
1433 897 1629 936 inveniat.
1679 895 1847 951 Appre-

160 964 288 1005 hende
327 966 460 1005 crines
500 965 586 1017 ejus
626 981 651 1005 a
689 967 858 1017 vertice,
902 975 940 1007 et
975 982 1065 1008 eam
1104 967 1307 1020 interfice,
1348 975 1385 1008 et
1423 982 1575 1022 corpus
1613 966 1698 1020 ejus
1735 967 1848 1008 mitte

159 1036 206 1076 in
235 1051 370 1087 mare,
406 1044 443 1076 et
473 1036 699 1078 libertatem
730 1046 844 1079 tuam
875 1055 901 1078 a
930 1054 992 1079 me
1022 1054 1114 1079 cum
1142 1054 1292 1094 mdqno
1319 1040 1483 1094 premio
1517 1039 1707 1094 accipies.
1761 1036 1846 1079 Vil-

161 1107 264 1148 licus
305 1108 399 1148 tulit
431 1110 681 1163 puqionem3
717 1125 881 1164 ‘qemens
913 1118 950 1150 et
972 1111 1080 1165 flens
1111 1109 1200 1150 ibat
1230 1111 1286 1150 ad
1315 1117 1622 1150 monumentum
1651 1117 1688 1150 et
1719 1109 1846 1150 dixit:

92 1184 135 1220 15
161 1179 255 1220 Heu
294 1194 380 1219 non
419 1181 554 1220 merui
591 1180 839 1233 libertatem,
879 1183 966 1222 nisi
992 1197 1070 1237 per
1100 1183 1318 1237 sanyuinis
1350 1181 1588 1236 effusionem
1617 1181 1847 1222 innocentis

160 1251 365 1305 viryz‘nis?
411 1251 564 1292 Puella
599 1259 734 1292 autem
770 1253 934 1293 rediens
966 1254 1015 1294 de
1046 1254 1168 1294 scolis
1198 1261 1505 1294 monumentum
1535 1267 1628 1293 cum
1657 1251 1848 1307 ampulla

158 1323 250 1363 vini
285 1324 478 1374 intravit,
520 1324 626 1363 sicut
663 1323 819 1364 solebat
843 1324 1015 1378 facere3
1052 1326 1217 1366 villicus
1254 1327 1453 1380 impetum
1477 1324 1588 1379 fecit
1624 1331 1661 1365 et
1695 1337 1848 1379 appre-

160 1393 338 1434 hendens
377 1395 510 1434 crines
543 1395 681 1450 puelle
709 1395 890 1448 jactavit
927 1410 1016 1436 eam
1053 1398 1099 1436 in
1139 1404 1303 1437 terram.
1362 1395 1478 1437 Dum
1517 1403 1652 1437 autem
1687 1393 1849 1436 volebat

160 1480 248 1506 eam
278 1473 503 1520 percutere,
537 1467 599 1507 ait
619 1467 675 1507 ad
697 1481 787 1508 eum
814 1466 1016 1508 Tharsia:
1052 1467 1086 1508 O
1115 1466 1352 1522 Theophile,
1386 1468 1490 1522 quid
1513 1468 1684 1523 peccavi
1703 1474 1847 1508 contra

88 1543 133 1577 20
159 1544 195 1577 te
224 1537 287 1577 vel
326 1545 470 1578 contra
508 1538 709 1592 aliquem,
751 1546 797 1579 ut
832 1539 1019 1579 moriar?
1071 1540 1143 1580 Ait
1178 1539 1363 1580 villicus:
1408 1537 1472 1580 Tu
1509 1539 1618 1579 nihil
1650 1539 1845 1594 peccasti,

159 1609 230 1649 sed
256 1616 380 1663 pate)¹
418 1617 533 1660 tuus,
576 1611 651 1664 qui
687 1617 723 1650 te
761 1624 851 1650 cum
892 1625 1045 1665 magyna
1075 1612 1254 1666 pecunia
1286 1618 1323 1650 et
1354 1611 1604 1651 ornamentis
1635 1609 1846 1665 regalibus

157 1680 337 1734 reliquit.
403 1678 482 1721 Cui
507 1681 672 1735 puella:
714 1681 832 1733 Peto,
867 1682 1050 1733 domine,
1090 1690 1134 1722 ut
1165 1683 1204 1722 si
1231 1682 1348 1722 nulla
1379 1696 1471 1736 spes
1502 1681 1607 1722 mihi
1637 1689 1716 1733 est,
1747 1695 1845 1736 per-

157 1752 296 1792 mittas
342 1765 404 1792 me
443 1752 563 1792 deum
612 1753 763 1792 testari.
829 1750 907 1793 Cui
941 1753 1125 1793 villicus:
1172 1752 1360 1805 Testare‚
1410 1761 1446 1794 et
1483 1754 1582 1794 deus
1627 1754 1717 1808 ipse
1754 1753 1844 1805 scit,

160 1823 272 1877 quod
311 1830 472 1863 coactus
512 1831 548 1863 te
586 1823 797 1876 intetficio.
863 1823 946 1864 Illa
984 1838 1078 1865 vero
1118 1839 1208 1865 cum
1248 1833 1348 1865 esset
1379 1826 1520 1880 posita
1559 1825 1604 1865 in
1645 1825 1844 1876 oratione,

88 1901 133 1935 25
158 1902 356 1935 venerunt
384 1895 520 1949 pirate
554 1895 735 1935 videntes
766 1896 949 1950 puellam
986 1895 1059 1936 sul)
1088 1895 1195 1951 juyo
1227 1897 1371 1937 mortis
1403 1903 1534 1948 stare,
1575 1903 1613 1936 et
1643 1895 1846 1936 hominem

160 1973 366 2006 armatum
396 1966 593 2006 volentem
622 1974 834 2021 percutere
865 1981 975 2019 eam,
1017 1967 1325 2008 clamaverunt:
1367 1968 1525 2019 Parce,
1567 1966 1847 2008 crudelissime

160 2036 360 2077 barbare!
409 2037 493 2078 Illa
533 2045 590 2078 est
627 2046 770 2078 nostra
798 2039 953 2092 preda,
992 2054 1076 2080 non
1107 2046 1177 2079 tua
1208 2040 1394 2080 victoria.
1448 2038 1508 2079 At
1537 2038 1627 2091 ille,
1666 2047 1712 2080 ut
1742 2038 1846 2080 talia

160 2109 341 2160 audivit,
371 2108 547 2163 fuyiens
577 2117 673 2164 post
701 2117 1007 2150 monumentum
1039 2110 1161 2151 latuit
1199 2112 1244 2151 in
1284 2111 1422 2162 litore,
1465 2111 1604 2165 pirate
1639 2124 1734 2151 vero
1772 2124 1844 2151 ra-

157 2188 339 2235 puerunt
368 2181 591 2235 viminem,
632 2195 745 2220 mare
783 2189 936 2235 petunt.
1000 2181 1171 2223 Villicus
1202 2183 1327 2222 rediit
1366 2182 1423 2222 ad
1453 2182 1664 2222 dominam
1696 2188 1733 2222 et
1762 2182 1844 2221 ait:

88 2256 134 2291 30
164 2251 285 2302 Quod
305 2251 492 2304 jussisti,
525 2251 694 2305 jachim
726 2260 805 2301 est;
844 2261 886 2293 tu
917 2267 1035 2305 vero,
1076 2261 1121 2294 ut
1151 2254 1339 2305 consulo,
1381 2254 1535 2294 induas
1568 2260 1605 2293 te
1635 2252 1845 2308 luyibilem

158 2330 305 2363 vestem
327 2330 363 2363 et
385 2337 455 2377 esso
479 2331 620 2374 tecum,
655 2331 691 2363 et
713 2323 970 2378 effundamus
993 2325 1187 2365 lacrimas
1207 2324 1352 2378 falsas
1372 2326 1417 2365 in
1439 2331 1656 2379 conspectu
1677 2325 1842 2376 civium,

160 2402 197 2434 et
228 2395 407 2435 dicemus
440 2408 528 2434 eam
561 2408 609 2434 em
637 2397 764 2449 yravi
793 2395 1030 2448 infirmitate
1061 2396 1309 2449 defunctam.
1353 2394 1615 2450 Stranyuilio
1647 2403 1690 2436 ut
1721 2396 1843 2436 audi-

158 2466 218 2505 vit
227 2498 238 2517 ,
280 2473 414 2506 terror
445 2473 481 2505 et
518 2473 662 2520 stupor
695 2480 784 2506 eum
815 2468 988 2519 invasit,
1029 2474 1065 2507 et
1096 2468 1223 2507 dixit:
1263 2466 1337 2508 Da
1373 2481 1467 2521 eryo
1500 2474 1537 2507 et
1565 2466 1670 2507 mihi
1697 2474 1845 2507 vestem

160 2536 390 2591 luyibilem,
430 2544 475 2576 ut
514 2536 694 2591 luyeam,
744 2540 844 2591 quia
883 2538 960 2578 tali
997 2538 1143 2578 scelere
1185 2553 1276 2578 sum
1322 2537 1554 2578 involutus!
1602 2536 1696 2578 Heu
1742 2537 1846 2592 quid
1882 2530 1888 2534 ’

88 2611 133 2646 35
147 2607 315 2661 faciam
326 2609 341 2647 J
369 2607 499 2648 Pater
525 2608 663 2662 puelle
695 2609 816 2649 istam
848 2610 1050 2650 civitatem
1072 2625 1097 2649 a
1116 2609 1300 2664 periculo
1328 2606 1446 2662 [126]
1472 2609 1616 2649 mortis
1638 2607 1841 2661 liberavit,

156 2686 329 2733 propter
360 2680 483 2719 istam
514 2680 716 2719 civitatem
747 2680 1020 2735 naufra9¹ium
1045 2680 1242 2735 pertulit,
1285 2679 1393 2720 bona
1428 2679 1615 2734 perdidit
1646 2686 1683 2719 et
1710 2693 1842 2733 penu-

158 2751 267 2790 riam
304 2764 522 2804 perpessus
561 2757 637 2801 est,
679 2758 715 2790 et
750 2752 981 2792 restitutum
1020 2759 1077 2792 est
1115 2753 1153 2792 ei
1188 2751 1344 2792 malum
1379 2765 1458 2806 pro
1499 2749 1628 2791 bono!
1684 2749 1843 2791 Filiam

159 2834 298 2872 suam,
341 2835 466 2875 quam
497 2820 615 2861 nobis
646 2822 758 2861 misit
789 2823 1075 2875 nutriendam,
1109 2823 1286 2863 crudelis
1319 2822 1432 2862 leena
1463 2822 1684 2862 devoravit.
1748 2821 1843 2863 Heu

160 2900 318 2932 cecatus
349 2907 438 2932 sum
448 2925 459 2943 ,
503 2892 663 2947 luyeam
694 2893 968 2945 innocentem,
1009 2895 1168 2934 vinctus
1201 2907 1290 2933 sum
1321 2893 1378 2933 ad
1413 2893 1637 2947 pessimum
1667 2907 1841 2933 veneno-

88 2967 134 3003 40
161 2977 330 3017 sumque
371 2970 607 3018 serpentem.
671 2962 852 3004 Elei-ans
892 2963 1028 3004 oculos
1068 2965 1125 3004 ad
1163 2964 1290 3004 celum
1338 2965 1427 3004 ait:
1472 2963 1610 3016 Deus,
1654 2971 1698 3005 tu
1745 2964 1839 3016 scis,
