1919 3157
868 93 952 134 469

70 215 162 244 eum
211 201 251 242 in
300 200 387 242 loco
435 199 596 241 deserto
645 199 877 254 reliquisset
926 198 1067 240 bestiis
1115 197 1163 239 ad
1204 197 1496 238 devorandum.
1562 196 1632 239 llle
1676 197 1750 238 1100

69 271 239 314 audiens
273 271 348 313 ait:
390 270 485 318 Dic,
519 271 705 317 domina,
747 269 867 324 [lot-3]
901 270 969 311 ubi
1003 274 1099 311 sunt
1130 270 1210 310 ista
1242 269 1321 310 tria
1345 268 1524 321 jocalia?
1566 268 1620 310 Et
1656 268 1745 310 illa:

71 343 114 385 ln
148 356 243 384 arca
275 356 377 385 mea.
432 341 485 383 Et
517 342 629 383 dedit
661 343 695 383 ei
730 342 864 383 claves
897 354 990 383 arce
1023 345 1062 382 et
1094 339 1250 381 invenit
1282 353 1341 380 ea.
1397 339 1598 380 Jonathas
1632 339 1667 381 01
1700 339 1750 381 de

67 414 202 456 fructu
235 413 344 455 illius
378 413 549 464 arboris,
585 428 607 454 a
640 427 719 467 qua
752 412 907 467 lepram
940 412 1108 467 recepit,
1141 411 1191 453 ad
1220 410 1515 452 comedendum
1550 410 1676 463 dedit,
1710 414 1750 452 et

67 485 116 527 de
149 498 254 539 aqua
293 484 447 540 prima,
489 497 566 538 que
605 496 768 525 carnem
812 483 861 524 de
894 482 1054 524 ossibus
1092 482 1321 536 separavit,
1363 481 1413 522 ad
1451 481 1670 523 bibendum
1713 481 1749 523 01

67 556 229 602 tribuit:
271 559 311 598 et
342 569 431 596 cum
466 560 673 608 gustasset
705 560 744 596 et
776 554 965 605 bibisset,
1009 553 1150 594 statim
1192 557 1255 594 est
1292 552 1472 593 arefacta
1511 557 1551 594 et
1588 552 1748 594 dolores

67 627 282 670 interiores
314 627 500 668 senciens
523 625 835 668 lacrimabiliter
855 624 1050 666 clamavit
1071 629 1112 666 et
1132 624 1323 679 spiritum
1349 623 1497 665 emisit.
1547 622 1749 664 Jonathas

66 711 156 741 cum
184 697 388 752 jocalibus
421 698 506 739 suis
540 698 588 738 ad
614 702 786 738 matrem
819 710 934 737 suam
971 695 1164 750 perrexit,
1197 695 1246 736 de
1279 695 1393 748 cujus
1427 694 1605 736 adventu
1638 698 1748 735 totus

67 768 242 825 populus
275 768 492 823 gaudebat.
543 768 613 810 llle
647 781 740 809 vero
764 768 884 808 matri
911 781 934 808 a
959 767 1159 822 principio
1183 779 1310 820 usque
1332 765 1382 806 ad
1404 764 1525 806 finem
1549 764 1747 817 narravit,

67 839 269 895 quomodo
302 840 401 882 deus
434 853 525 882 eum
559 853 582 881 a
615 838 754 880 multis
786 838 905 879 malis
939 837 1131 893 periculis
1163 837 1375 890 liberavit,
1413 840 1452 878 et
1484 849 1556 891 per
1589 835 1748 889 aliquos

67 925 194 953 annos
229 911 332 953 vixit
363 915 402 953 et
436 912 560 952 vitam
596 911 637 951 in
670 922 770 965 pace
801 909 946 950 finivit.

183 984 469 1025 Moralz':acz'o.
504 981 731 1033 Carissimi,
750 994 822 1022 rex
845 981 922 1022 iste
940 984 1000 1022 est
1019 979 1209 1021 dominus
1231 983 1371 1021 noster
1389 978 1528 1020 lhesus
1546 976 1747 1019 Christus.

66 1054 208 1108 regina
229 1058 361 1095 mater
383 1053 568 1105 ecclesia,
593 1057 675 1094 tres
697 1051 769 1093 filii
793 1051 978 1093 homines
1002 1052 1042 1092 in
1066 1051 1217 1092 mundo
1241 1051 1438 1092 viventes.
1473 1049 1550 1091 Per
1568 1049 1748 1104 primum

66 1124 249 1179 intelligo
282 1125 430 1166 divites
463 1129 501 1166 et
534 1123 675 1165 muudi
709 1127 916 1178 potentes,
951 1123 1097 1177 quibus
1131 1122 1230 1164 deus
1263 1121 1334 1163 dat
1367 1120 1562 1162 mundum
1596 1120 1647 1161 ad
1679 1133 1749 1161 vo-

65 1196 288 1247 luntatem;
330 1209 404 1251 per
436 1194 656 1237 secundum
691 1194 833 1235 mundi
867 1194 1095 1249 sapientes,
1137 1193 1204 1247 qui
1239 1207 1312 1248 per
1345 1191 1597 1247 sapienciam
1631 1204 1749 1232 mun-

65 1267 237 1320 danam,
277 1267 460 1321 quicquit
493 1266 664 1317 habent,
706 1265 943 1319 acquirunt:
985 1278 1058 1320 per
1089 1265 1262 1306 tercium
1295 1263 1423 1305 tilium
1458 1263 1609 1305 bonum
1641 1262 1749 1304 chri-

65 1339 242 1380 stianum
278 1338 327 1380 ab
350 1342 490 1380 eterno
514 1337 702 1390 electum,
735 1337 798 1378 cui
823 1336 936 1378 dedit
957 1336 1054 1378 deus
1077 1336 1157 1377 tria
1174 1335 1339 1388 jocalia,
1371 1334 1528 1376 scilicet
1549 1333 1745 1375 annulum

65 1402 172 1463 fidei,
206 1408 357 1451 monile
390 1422 461 1450 sue
483 1409 619 1461 gracie
643 1408 727 1450 sive
751 1409 837 1463 spei
861 1413 901 1449 et
925 1420 1102 1462 pannum
1128 1407 1333 1458 caritatis,
1366 1406 1474 1448 unde
1502 1405 1748 1460 quicumque

64 1481 261 1524 annulum
294 1479 387 1522 fidei
421 1480 669 1535 portaverit,
710 1480 890 1532 graciam
930 1478 993 1520 dei
1027 1483 1067 1520 et
1098 1478 1276 1519 hominis
1310 1482 1350 1519 et
1381 1488 1562 1519 amorem
1597 1475 1748 1518 habere

66 1553 216 1608 poterit
254 1553 295 1593 in
337 1556 517 1602 tantum,
567 1551 673 1604 quod
716 1551 900 1606 quicquit
940 1550 1147 1592 desiderat
1194 1547 1414 1601 obtinebit,
1463 1548 1569 1590 sicut
1605 1547 1749 1590 scribit

65 1623 237 1666 Paulus:
288 1622 330 1665 Si
369 1622 549 1664 habuero
588 1621 709 1663 fidem
753 1626 797 1664 ut
834 1635 1007 1674 granum
1055 1621 1233 1676 sinapis,
1280 1624 1423 1674 potero
1471 1619 1606 1661 dicere
1655 1618 1748 1660 huic

64 1696 215 1738 monti:
249 1694 417 1736 Transi!
451 1698 491 1735 et
524 1693 686 1735 transit.
743 1692 785 1734 Si
821 1706 915 1735 vero
949 1693 990 1734 in
1023 1696 1200 1747 pectore,
1234 1691 1307 1732 hoc
1341 1694 1404 1733 est
1434 1690 1475 1732 in
1509 1690 1630 1732 corde
1662 1703 1748 1732 mo-

64 1766 146 1809 nile
169 1767 256 1822 spei
288 1765 494 1817 habueris,
527 1765 662 1818 cogita
685 1765 791 1818 quod
822 1763 998 1806 volueris
1022 1768 1074 1817 et,
1108 1763 1213 1818 quod
1231 1763 1391 1817 justum
1415 1765 1490 1815 est,
1524 1761 1746 1813 obtinebis;

65 1838 172 1880 unde
213 1837 435 1880 Dominus:
484 1835 615 1878 Petite
663 1840 702 1877 et
750 1835 981 1890 accipietis;
1031 1835 1187 1889 querite
1235 1839 1275 1876 et
1316 1833 1555 1875 invenietis!
1603 1831 1658 1874 Et
1697 1832 1747 1874 ad

66 1908 235 1951 Hebre.:
277 1907 358 1963 Spe
398 1907 499 1949 salvi
530 1907 627 1948 facti
662 1920 815 1948 sumus.
872 1905 915 1948 Si
949 1920 1043 1948 vero
1079 1919 1259 1960 pannum
1292 1905 1476 1946 caritatis
1509 1903 1749 1957 habueritis,

66 1980 310 2034 ubicumque
337 1992 425 2021 esse
449 1978 673 2031 volueritis,
697 1977 947 2030 obtinebitis,
980 1977 1031 2018 ad
1054 1976 1237 2018 Corinth.
1265 1989 1325 2016 vl:
1360 1975 1522 2017 Caritas
1552 1988 1647 2028 non,
1671 1988 1749 2030 que

66 2065 140 2093 sua
171 2055 287 2103 sunt,
322 2050 477 2105 querit,
516 2049 586 2091 sed
619 2062 696 2103 que
728 2048 846 2091 ihesu
880 2048 1046 2090 Christi.
1099 2047 1154 2089 Et
1185 2034 1311 2089 Joh.:'
1336 2046 1448 2088 Deus
1489 2047 1640 2088 caritas
1673 2049 1747 2088 031.

68 2122 147 2165 Sed
189 2123 271 2164 ista
309 2122 389 2163 tria
420 2120 571 2174 jocalia
610 2121 747 2175 sepius
786 2120 923 2176 perdit
954 2119 1075 2161 homo
1108 2119 1150 2160 in
1183 2118 1318 2160 studio
1351 2117 1470 2159 istius
1503 2117 1644 2158 mundi
1677 2130 1750 2172 per

66 2193 334 2236 concubinam
370 2205 485 2233 suam
519 2191 543 2232 i.
569 2204 600 2233 e.
635 2204 815 2244 carnem,
848 2191 1004 2233 scilicet
1027 2203 1099 2245 per
1122 2189 1329 2231 carnalem
1352 2188 1747 2243 concupiscenciam‚

67 2265 163 2319 quia
201 2277 296 2306 caro
335 2263 500 2318 spiritui
541 2262 794 2304 adversatur.
851 2261 1088 2304 Concubina
1126 2260 1255 2302 traxit
1291 2273 1473 2315 pannum
1515 2273 1539 2300 a
1568 2257 1750 2300 Jonatha

67 2336 156 2392 ipso
195 2334 437 2377 dormiente.
503 2332 570 2375 Sic
616 2346 709 2375 caro
757 2334 895 2389 sepius
937 2333 1152 2374 caritatem
1200 2331 1249 2373 ab
1298 2330 1464 2372 homine
1509 2329 1637 2372 trahit
1675 2342 1749 2384 per

67 2410 280 2463 peccatum
313 2404 506 2457 mortale,
549 2409 590 2446 ct
620 2418 710 2446 eum
744 2405 785 2446 in
820 2404 998 2460 peccatis
1032 2402 1302 2445 dormientem
1336 2402 1509 2443 dimittit
1540 2400 1747 2442 hominem

68 2477 118 2520 ab
150 2478 261 2520 omni
294 2477 434 2531 gracia
465 2479 505 2518 et
537 2475 739 2528 adjutorio
773 2476 852 2529 dei,
885 2474 1080 2530 quamdiu
1112 2473 1153 2514 in
1183 2477 1350 2528 peccato
1376 2473 1499 2526 jacet.
1546 2470 1747 2513 Jonathas

69 2549 270 2590 excitatus
309 2561 332 2589 a
370 2560 542 2602 sompno
583 2545 694 2588 flevit
735 2546 1005 2588 amarissime.
1069 2543 1135 2586 Sic
1178 2548 1240 2597 tu,
1287 2548 1504 2598 postquam
1544 2542 1746 2584 excitatus

68 2619 194 2662 fueris
227 2633 251 2661 a
282 2632 454 2674 sompno
488 2617 644 2673 peccati
681 2615 781 2671 [103
793 2616 832 2672 b]
878 2621 918 2659 et
949 2621 988 2658 te
1020 2615 1225 2657 inveneris
1257 2615 1346 2656 sine
1377 2614 1517 2668 gracia
1548 2617 1588 2655 et
1619 2613 1746 2654 virtu-

69 2690 191 2744 tibus,
224 2690 371 2732 merito
403 2688 500 2731 flere
532 2688 699 2744 poteris.
748 2688 852 2738 Quid
887 2701 983 2740 ergo
1016 2690 1078 2728 est
1108 2685 1368 2727 faciendum?
1402 2683 1531 2738 Surge
1554 2683 1747 2726 velociter

70 2775 142 2816 per
175 2775 300 2816 opera
330 2759 611 2803 misericordie
644 2763 683 2800 et
714 2760 831 2812 signa
863 2763 901 2801 te
935 2759 1050 2811 signo
1083 2761 1221 2799 sancte
1252 2757 1383 2799 crucis
1416 2756 1456 2797 in
1490 2759 1673 2810 pectore,
1707 2758 1748 2798 et

70 2832 253 2875 invenies
286 2832 393 2873 viam
428 2831 585 2873 salutis.
642 2829 770 2882 Perge
803 2842 1012 2884 quousque
1046 2828 1206 2870 veneris
1239 2828 1289 2869 ad
1323 2840 1485 2880 aquam,
1518 2839 1592 2881 per
1623 2840 1744 2880 quam

71 2916 164 2946 caro
197 2907 413 2958 separatur
445 2902 495 2944 ab
529 2901 700 2943 ossibus.
756 2900 877 2954 Aqua
908 2901 988 2941 ista
1019 2904 1080 2941 est
1111 2899 1331 2951 contricio,
1371 2911 1448 2952 que
1486 2901 1570 2938 tam
1605 2910 1746 2939 amara

1775 487 1796 521 5

1776 843 1820 877 10

1778 1200 1819 1234 15

1775 1556 1820 1590 20

1776 1913 1821 1947 25

1775 2267 1819 2301 30

1772 2622 1816 2657 35

49 2973 191 3017 debet
230 2987 337 3028 0330,
379 2972 485 3027 quod
528 2971 648 3014 debet
680 2984 872 3026 separare
903 2983 1066 3012 carnem
1108 2970 1133 3011 i.
1158 2983 1190 3011 e.
1226 2968 1410 3011 carnales
1447 2967 1744 3011 delectaciones
1769 2976 1815 3011 4ο
