1949 3162
991 67 1076 108 576

190 193 258 226 tur
299 184 344 223 in
371 181 547 236 flumine
582 179 702 219 istius
747 176 902 216 mundi.
968 173 1128 215 Ibidem
1174 179 1268 212 sunt
1307 171 1487 211 homines
1524 170 1570 209 in
1607 167 1798 208 manibus
1835 175 1872 209 et

189 253 362 310 pedibus
406 265 475 292 sea:
513 250 664 304 digluos
711 247 923 295 habentes3
968 259 1044 300 per
1083 244 1355 299 septimanam
1400 240 1450 281 ab
1492 240 1604 280 omni
1638 238 1872 294 pollucione
1906 230 1907 233 ¹

185 325 350 381 peccati
384 337 425 363 se
465 321 699 362 custodiunt
738 327 773 360 et
811 319 918 359 diem
949 317 1166 371 septimum
1198 314 1362 354 omnino
1395 310 1599 352 celebrant
1629 317 1666 351 et
1696 308 1874 350 totaliter

192 394 470 447 sanctificant3
517 401 553 433 et
599 391 788 431 mulieres
835 404 927 429 cum
966 386 1105 428 barbis
1148 399 1276 440 usque
1322 384 1378 424 ad
1410 389 1576 438 pectus,
1625 381 1696 421 sed
1741 380 1874 434 capite

147 475 168 509 5
187 468 332 523 plano.
402 464 484 505 Iste
537 465 756 518 desiynaoit
809 461 989 501 homines
1031 458 1166 511 justos
1212 456 1385 511 planam
1428 455 1539 494 viam
1584 452 1876 493 'mandatorum

195 539 356 580 ecclesie
388 535 667 586 observantes,
703 534 777 589 qui
807 546 946 572 amore
976 530 1040 570 vel
1072 529 1165 569 odio
1196 542 1282 568 non
1301 527 1537 581 flectuntur.
1594 523 1646 564 In
1676 522 1877 576 Etliiopia

194 617 290 651 sunt
319 608 500 649 homines
534 613 712 661 quatuor
745 603 881 645 oculos
913 601 1124 652 habentes,
1164 607 1199 640 et
1230 600 1447 653 (lesifsnant
1476 596 1592 646 illos,
1635 595 1710 649 qui
1739 594 1879 634 timent

196 681 329 731 deum,
362 679 563 719 anundum
595 676 807 718 diabolum
839 682 874 715 et
905 687 1092 721 carnem3
1124 685 1251 712 unum
1285 669 1444 711 oculum
1476 668 1663 722 diriqunt
1683 665 1740 705 ad
1760 665 1879 704 deum

194 759 300 793 recte
336 750 508 791 vivendo
548 756 585 790 et
625 747 828 803 quomodo
862 744 1033 786 debeant
1072 742 1154 784 sibi
1186 742 1372 797 placere3
1416 739 1636 780 secundum
1675 737 1731 777 acl
1760 750 1878 775 mun-

129 830 172 866 10
199 824 316 873 dum,
358 821 561 876 quomodo
595 819 766 860 debeant
797 832 887 858 eum
906 816 1084 871 fuyere3
1124 815 1293 855 tercium
1325 813 1381 853 acl
1413 810 1643 860 diabolum,
1678 806 1879 863 quomodo

199 894 370 936 debeant
408 900 551 933 contra
591 905 682 931 eum
720 897 851 938 stare5
899 894 1093 943 quartum
1131 886 1187 926 ad
1225 898 1412 934 carnem,
1462 880 1664 936 quomodo
1712 877 1883 919 debeant

200 980 289 1007 eam
328 965 542 1019 c’astiyare.
599 962 651 1003 In
683 961 859 1016 Europa
896 966 991 1000 sunt
1030 958 1212 998 homines
1231 955 1420 1011 formosi
1448 953 1519 993 secl
1549 952 1681 1006 capite
1712 958 1748 991 et
1779 948 1882 990 collo

197 1037 342 1093 yruico
376 1051 467 1076 cum
497 1035 656 1075 rostris.
707 1032 787 1073 Isti
817 1032 1035 1086 desz'ynant
1055 1029 1234 1083 judices,
1268 1028 1342 1082 qui
1372 1024 1514 1067 debent
1543 1022 1690 1064 habere
1721 1022 1777 1062 ad
1796 1034 1883 1061 mo-

202 1109 299 1149 dum
328 1108 446 1163 aruis
480 1105 628 1147 collum
654 1104 834 1159 lonyum,
867 1110 914 1143 ut
941 1103 1062 1157 prius
1092 1100 1318 1156 prudenter
1349 1098 1537 1153 coqitent,
1568 1095 1616 1134 ‘in
1640 1093 1775 1147 corde,
1809 1105 1886 1147 que

134 1187 177 1220 15
197 1193 277 1235 per
307 1179 548 1219 sententiam
572 1176 832 1233 proferenda
863 1181 958 1215 sunt
997 1174 1043 1214 in
1074 1186 1153 1213 ore.
1211 1170 1263 1213 Si
1292 1171 1350 1211 sic
1382 1175 1511 1211 essent
1542 1180 1676 1208 omnes
1705 1163 1885 1218 judices,

202 1265 287 1291 non
317 1258 400 1291 tam
432 1257 469 1290 et
499 1257 556 1291 tot
585 1248 691 1289 ‘male
724 1254 853 1288 essent
883 1245 1086 1287 sententie.

941 1474 1043 1518 CAP.
1070 1473 1165 1515 176.

752 1563 826 1609 De
861 1563 1085 1608 medicina
1121 1557 1359 1619 spirituali.

332 1676 514 1729 Quidam
543 1689 648 1730 puer
677 1682 764 1715 erat
784 1681 905 1714 natus
938 1672 989 1713 ab
1012 1669 1204 1712 umbilico
1237 1676 1273 1710 et
1303 1682 1467 1709 sursum
1489 1667 1645 1707 divisus
1675 1665 1750 1715 ita,
1785 1661 1897 1717 quod

142 1755 187 1789 20
211 1749 376 1790 liaberet
408 1745 506 1801 [duo
540 1748 681 1802 capita
712 1744 761 1800 et]
797 1747 878 1787 duo
909 1751 1078 1800 pectora
1110 1748 1146 1782 et
1177 1739 1387 1795 quodlibet
1414 1738 1611 1794 proprios
1642 1748 1803 1787 sensus,
1836 1734 1897 1774 ita

215 1821 326 1876 quod
362 1834 445 1861 uno
485 1819 622 1860 edente
659 1818 723 1858 vel
755 1817 979 1858 dormiente
1010 1814 1113 1855 alter
1143 1827 1228 1853 non
1259 1810 1497 1852 dormiebat.
1555 1809 1786 1863 Postquam
1821 1819 1898 1861 per

214 1894 317 1934 duos
339 1906 470 1933 annos
500 1891 712 1941 vicissent,
745 1897 930 1929 mortuus
963 1894 1021 1927 est
1051 1885 1167 1936 alter,
1202 1884 1330 1924 altero
1362 1884 1408 1924 in
1428 1882 1599 1923 tercium
1619 1881 1727 1921 diem
1754 1891 1897 1933 super-

212 1966 380 2006 vivente.
435 1963 550 2014 Item,
583 1963 690 2002 sieut
719 1962 822 2002 dicit
842 1960 1024 2010 Plinius,
1059 1963 1147 1998 erat
1179 1956 1356 2011 quedam
1386 1953 1514 1995 arbor
1543 1954 1587 1993 in
1610 1951 1750 2002 India,
1784 1948 1899 2002 cujus

205 2037 334 2091 flores
373 2034 532 2075 dulcem
570 2032 719 2074 liabent
757 2033 923 2073 odorem
964 2039 1000 2072 et
1025 2030 1197 2084 fructus
1239 2040 1429 2082 saporem
1439 2042 1452 2075 ,-
1488 2024 1615 2078 juata
1654 2022 1738 2076 ejus
1777 2021 1901 2061 situm

148 2106 408 2149 251manebat
441 2103 560 2159 [154]
598 2105 769 2160 quidam
800 2117 988 2157 serpens,
1024 2102 1098 2156 qui
1127 2099 1323 2141 Jacorlus
1352 2096 1599 2144 vocabatur,
1634 2095 1708 2150 qui
1737 2093 1903 2134 odorem

219 2178 381 2220 arboris
413 2177 585 2218 multum
617 2177 715 2227 odit,
750 2183 784 2216 et
815 2176 906 2216 ideo
939 2181 984 2214 ut
1002 2173 1131 2227 flores
1163 2179 1198 2212 et
1217 2170 1389 2225 fructus
1422 2169 1664 2218 destrueret,
1697 2165 1754 2206 acl
1783 2163 1901 2204 radi-

221 2265 304 2292 cem
344 2248 507 2290 arboris
544 2249 709 2288 veniens
746 2247 865 2287 illam
901 2245 1154 2286 intoxicavit.
1213 2241 1336 2294 Quod
1369 2241 1510 2282 videns
1543 2237 1758 2280 ortulanus
1788 2235 1903 2276 illius

215 2322 358 2377 patrie
401 2321 606 2376 tyriacam
653 2320 810 2374 accepit
856 2325 892 2359 et
935 2318 981 2358 in
1022 2315 1205 2371 quadam
1242 2315 1357 2368 virfse
1402 2312 1632 2353 summitate
1674 2308 1730 2349 ad
1765 2319 1904 2347 ramos

223 2392 385 2434 arboris
424 2392 540 2432 illius
577 2404 790 2446 supremos
829 2389 1009 2443 infudit,
1052 2401 1128 2442 que
1169 2387 1247 2427 cito
1287 2398 1485 2425 venenum
1523 2379 1681 2437 expulit
1710 2395 1737 2420 a
1765 2378 1907 2420 radice

153 2470 199 2505 30
222 2464 378 2519 infecta
410 2471 446 2504 et
475 2461 665 2503 arborem
695 2461 872 2502 sterilem
889 2458 1153 2514 fructificare
1172 2457 1291 2511 fecit.

343 2534 630 2576 bloralizacio.
696 2531 933 2584 Carissimi,
968 2545 1049 2586 per
1085 2531 1209 2570 istum
1237 2541 1413 2584 puerum
1444 2524 1623 2579 intelliyi
1649 2529 1783 2578 potest
1814 2521 1912 2576 qui*

228 2606 324 2648 libet
360 2606 502 2657 liomo,
546 2605 621 2659 qui
658 2605 919 2645 constituitur
951 2617 998 2643 ex
1029 2600 1188 2642 duobus
1219 2599 1371 2639 scilicet
1402 2609 1573 2651 corpore
1604 2602 1641 2635 et
1670 2594 1834 2643 anima,
1874 2598 1910 2632 et

229 2677 403 2733 quelibet
428 2690 534 2732 pars
566 2690 643 2716 sua
666 2676 851 2730 propria
881 2673 1000 2714 liabet
1032 2687 1172 2728 opera,
1210 2669 1346 2713 Galat.
1371 2682 1435 2710 ιιι
1476 2665 1616 2721 Opera
1647 2665 1786 2706 carnis
1817 2669 1912 2704 sunt

227 2749 521 2800 immundicia,
558 2746 794 2800 fornicatio
806 2779 817 2798 ,
867 2745 1057 2795 luxuria,
1104 2743 1313 2784 idolorum
1358 2739 1529 2780 servitus
1540 2753 1554 2786 ,·
1606 2751 1732 2792 opera
1776 2735 1911 2775 anime

160 2827 205 2861 35
228 2821 432 2875 yaudium
471 2826 507 2859 et
536 2833 623 2873 pam
653 2818 699 2857 in
729 2818 882 2871 spiritu
920 2823 1082 2867 sancto,
1119 2814 1346 2869 patientia,
1388 2810 1681 2864 lonqanimitas
1720 2814 1757 2847 et
1791 2805 1912 2858 liujus

231 2892 355 2931 modi.
406 2890 494 2930 Ista
526 2903 654 2944 opera
684 2887 765 2927 sibi
793 2889 968 2928 invicem
999 2887 1296 2933 adversantur3
1328 2898 1412 2923 una
1443 2881 1666 2922 dormiente
1696 2877 1760 2918 vel
1785 2890 1912 2917 come-

235 2962 364 3013 dente,
398 2961 529 3001 altera
560 2960 816 3000 contrarium
845 2972 1003 3013 semper
1022 2957 1151 3011 facit,
1186 2957 1287 3011 quia
1318 2968 1413 2995 caro
1445 2951 1697 3007 concupiscit
1717 2949 1912 2989 adversus
