1929 3157
882 91 958 133 107

73 197 179 248 (la.)
219 197 352 239 Homo
392 197 513 238 (lebet
553 197 703 238 hahere
738 198 995 252 propositum
1031 196 1208 237 firmum.
1265 195 1477 237 Confessio
1510 195 1612 236 nihil
1647 195 1764 236 nobis

221 268 416 323 proderit.
468 267 608 314 (Trotz
642 272 761 320 guter
796 272 984 310 vorsatze
1018 267 1280 315 verdammt.)

72 340 175 390 (19.)
216 337 372 380 Fabula
406 338 455 379 (le
488 338 763 379 tardantibus,
815 338 930 381 Unde
963 338 1132 392 tingitur
1162 337 1301 379 fabula
1324 337 1431 391 quod
1455 350 1599 378 cervus
1622 335 1762 377 semel.

219 408 383 458 (Hirsch
418 408 504 449 sich
539 408 850 459 hewumlernd.)

72 480 176 531 (20.)
219 478 347 531 Nota,
390 478 470 520 alia
508 479 648 520 fabula
687 478 853 532 tingitur
887 480 993 533 quod
1028 479 1193 533 quidam
1228 477 1378 520 nobilis
1412 478 1489 519 fuit
1520 478 1589 531 qui
1623 476 1766 518 habuit

219 563 375 591 canem.
427 548 604 599 (Feister
637 550 761 593 hund.
797 563 986 602 magerer
1017 549 1144 594 wolf.)
1192 548 1323 590 Pauli.

73 621 176 672 (21.)
219 620 418 661 Nan-acio
456 620 600 674 pulcra
632 621 681 661 (le
714 620 873 664 <luobus
905 621 1115 662 fratribus.
1172 619 1290 660 L'nde
1322 618 1472 671 legitur
1506 619 1545 658 in
1579 617 1682 659 libro
1716 617 1766 659 (le

221 690 293 732 Vll
325 690 456 731 donis
508 689 683 740 (Weiser
714 691 818 743 folgt
850 691 941 732 (lem
976 691 1159 735 narren.)
1207 690 1278 731 lat.
1303 690 1371 730 (Π.

72 761 176 813 (22.)
217 760 373 803 Contra
403 760 654 803 confidentes
688 761 728 802 in
763 761 926 802 solaciis
949 761 1182 802 mundanis.
1232 759 1349 801 [nde
1371 759 1522 812 legitur
1545 758 1653 812 quod
1678 758 1767 812 qui-

220 832 315 873 dam
339 844 488 873 comes.
535 831 907 887 (Freundesprolm,
939 832 1144 873 durchaus
1168 830 1464 879 abweichend.)
1509 829 1559 870 cf.
1578 829 1648 870 lat.
1670 830 1764 870 129.

73 903 177 955 (23.)
219 901 281 944 De
326 903 527 944 amicicia.
591 902 708 945 Unde
747 903 899 955 legitur
938 903 1046 957 quod
1084 902 1252 944 fuerunt
1291 901 1370 942 duo
1410 900 1563 942 milites
1605 912 1766 941 summo

223 987 362 1015 amore
394 973 629 1015 concordes.
681 973 976 1026 (Btirgschaft.)
1025 973 1076 1014 cf.
1099 972 1170 1014 lat.
1200 972 1294 1013 108.

73 1044 177 1096 (24.)
219 1044 418 1086 Narracio
451 1044 499 1085 (le
532 1044 733 1086 amicicia.
784 1044 900 1086 L'nde
934 1044 1061 1085 refert
1095 1043 1273 1084 valerius
1301 1041 1410 1096 quod
1433 1041 1512 1082 duo
1534 1041 1702 1082 fuerunt
1724 1053 1767 1082 se

220 1119 363 1157 mutuo
387 1115 618 1168 diligentes.
654 1114 815 1160 (Gottes
837 1114 1123 1157 freundschaft
1140 1113 1241 1155 iiber
1259 1113 1330 1154 der
1349 1111 1601 1163 menschen.)
1634 1110 1765 1152 Pauli.

73 1186 177 1238 (25.)
217 1185 335 1228 Unde
373 1186 500 1228 refert
538 1190 680 1241 petrus
722 1185 923 1227 alfoneius
965 1186 1075 1240 quod
1117 1184 1282 1239 quidam
1325 1197 1441 1224 suum
1476 1182 1606 1224 filium
1639 1182 1767 1223 inter-

220 1256 406 1310 rogabat.
459 1256 831 1312 (Freundesprobe,
865 1257 999 1299 todtes
1032 1256 1160 1306 kalb.)
1215 1255 1263 1296 cf.
1288 1254 1358 1295 lat.
1388 1254 1482 1295 129.

73 1327 178 1379 (26.)
219 1326 282 1369 De
324 1327 525 1369 amicicia.
589 1327 707 1369 Unde
748 1327 900 1381 legitur
940 1328 982 1368 in
1022 1326 1128 1368 libro
1169 1326 1218 1367 de
1246 1324 1321 1366 Vll
1354 1324 1472 1366 (lonis
1510 1338 1571 1379 sp.
1597 1337 1627 1364 s.
1660 1323 1768 1377 quod

224 1398 389 1453 quidam
424 1398 635 1450 magister.
687 1398 950 1447 (Dankbarer
983 1397 1175 1447 schuler.)

74 1471 178 1524 (27.)
218 1469 337 1511 Unde
370 1473 444 1511 etc.
494 1469 581 1511 Rex
614 1470 781 1524 quidam
815 1469 970 1511 habens
993 1468 1121 1510 filium
1146 1468 1372 1509 formosum
1398 1466 1766 1522 sapientissimum.

225 1540 411 1592 (Justitia
448 1564 498 1568 —
534 1544 648 1595 pax.)
695 1540 766 1582 lat.
792 1540 861 1581 55.

74 1614 178 1665 (28.)
220 1612 406 1654 Historia
445 1611 495 1653 de
533 1615 624 1653 octo
668 1611 862 1654 denariis.
911 1610 1044 1666 Vytus
1086 1611 1126 1651 in
1161 1609 1329 1651 civitate
1361 1622 1534 1650 romana
1564 1608 1766 1661 regnavit.

221 1683 402 1734 (Focus.)
450 1682 522 1724 lat.
546 1682 616 1723 57.

74 1755 178 1807 (29.)
217 1753 322 1796 Erat
353 1753 528 1808 quedam
562 1766 711 1808 ymago
744 1753 785 1794 in
819 1753 987 1795 civitate
1019 1765 1193 1793 romana
1224 1764 1302 1806 que
1335 1751 1459 1792 rectis
1488 1749 1662 1805 pedibus
1685 1752 1768 1791 sta-

222 1825 305 1867 bat.
354 1824 543 1876 (Percute
575 1823 671 1872 hic.)
724 1823 795 1865 lat.
824 1824 919 1865 107.

75 1897 179 1949 (30.)
221 1896 307 1938 Rex
349 1895 570 1949 aliquando
612 1898 701 1936 erat
739 1895 780 1935 in
822 1894 989 1936 civitate
1028 1907 1202 1935 romana
1243 1891 1329 1947 [qui
1369 1892 1515 1934 statuit
1552 1904 1626 1947 pro
1659 1889 1764 1944 lege]

223 1966 331 2022 quod
364 1965 537 2021 quilibet
569 1978 700 2007 cecus.
752 1966 854 2017 (100
886 1964 1118 2018 groschen.)
1168 1965 1236 2005 73.
1301 1981 1304 1985 ’

162 2046 371 2122 Incipiunt
401 2070 519 2119 gesta
549 2067 848 2120 imperatorum
880 2077 1147 2106 romanorum
1183 2068 1257 2105 etc.

76 2150 179 2201 (31.)
227 2153 259 2191 1.
295 2149 531 2204 Pompirius
562 2149 753 2202 regnavit
784 2147 898 2189 dives
930 2147 1050 2188 valde
1083 2150 1124 2188 et
1154 2149 1301 2201 potens
1334 2146 1403 2200 qui
1435 2144 1561 2186 filiam
1587 2144 1765 2185 unicam.

225 2220 440 2271 (Entsiihrt
472 2219 556 2261 und
589 2219 845 2269 beschenkt.)
893 2218 965 2260 lat.
994 2221 1028 2259 1.

135 2297 174 2339 2.
223 2296 398 2347 Quidam
431 2297 658 2351 imperator
689 2295 880 2348 regnavit
911 2295 981 2349 qui
1014 2294 1160 2336 statuit
1193 2306 1266 2348 pro
1298 2292 1387 2345 lege
1417 2292 1524 2346 quod
1547 2291 1582 2333 si
1603 2290 1764 2332 mulier.

224 2367 437 2416 (Zweimal
469 2366 796 2416 hinabstiirzen.)
844 2365 914 2406 lat.
941 2366 979 2406 3.

136 2445 175 2486 3.
224 2443 352 2486 Cesar
386 2444 578 2497 regnavit
609 2443 678 2497 qui
711 2442 857 2484 statuit
889 2455 963 2496 pro
995 2441 1085 2494 lege
1118 2440 1226 2495 quod
1259 2441 1291 2481 si
1327 2440 1418 2494 quis
1451 2439 1666 2481 mulierem
1700 2450 1766 2479 ra-

226 2518 354 2570 peret.
403 2514 532 2567 (Zwei
563 2514 707 2554 frauen
741 2512 958 2562 entfiihrt.)
1006 2511 1077 2553 lat.
1100 2512 1140 2552 4.

135 2593 176 2633 4.
224 2591 312 2634 Rex
352 2591 518 2646 quidam
558 2590 749 2643 regnavit
786 2590 828 2631 in
867 2589 982 2642 cujus
1021 2588 1196 2643 imperio
1230 2590 1320 2629 erat
1351 2587 1516 2641 quidam
1544 2586 1710 2640 juvenis
1742 2599 1766 2627 a

224 2663 385 2718 pyratis
417 2665 575 2716 captus.
626 2659 997 2711 (Raubertochter.)
1044 2658 1116 2700 lat.
1140 2658 1179 2699 5.

137 2739 176 2781 5.
223 2738 328 2780 Erat
359 2738 528 2792 quidam
560 2738 787 2792 imperator
819 2740 966 2792 potens
999 2736 1071 2778 sed
1103 2740 1304 2792 tyrannus
1330 2735 1398 2788 qui
1422 2733 1628 2788 quandam
1651 2733 1767 2789 puel-

225 2809 322 2851 lam.
371 2809 635 2860 (Zusammen
669 2807 866 2859 sterben.)
913 2807 983 2848 lat.
1009 2808 1048 2848 6.

139 2887 177 2928 6.
225 2885 480 2928 Allexander
511 2885 701 2938 regnavit
732 2884 913 2939 prudens
946 2883 1066 2925 valde
1099 2883 1168 2938 qui
1199 2882 1327 2924 filiam
1351 2882 1459 2935 regis
1481 2882 1579 2925 sirie
1600 2881 1643 2923 in
1667 2893 1766 2923 uxo-

229 2969 315 2998 rem
349 2956 519 3011 accepit.
569 2954 700 3007 (Sohn
732 2954 845 2997 stellt
876 2957 992 2997 vater
1023 2954 1158 3007 nach.)
1206 2954 1277 2995 lat.
1302 2954 1340 2995 9.
