1949 3162
1007 80 1090 122 656

216 206 370 237 morem
404 204 543 234 omnes
575 189 742 232 excitati
764 192 870 230 sunt.
919 186 1051 228 Naute
1083 198 1178 227 vero
1212 183 1345 239 puelle
1376 183 1567 224 dixerunt
1597 195 1643 224 ac
1663 181 1880 224 militibus:

217 263 447 316 Karissimi,
481 265 610 304 estote
632 259 864 312 confortati,
897 257 996 300 deus
1027 270 1100 298 nos
1133 255 1320 308 salvabit,
1353 253 1574 295 habeamus
1607 252 1756 295 bonum
1789 264 1883 294 con—

217 336 368 388 silium,
401 334 496 388 quia
517 345 656 374 sumus
678 331 720 373 in
743 334 883 372 ventre
905 329 996 371 ceti.
1045 328 1117 369 Ait
1144 325 1297 382 puella:
1331 324 1480 366 Audite
1513 324 1724 366 consilium
1750 336 1883 365 meum

217 410 258 449 et
279 406 430 448 erimus
453 404 612 446 salvati.
657 402 733 452 Qui
766 402 977 443 dixerunt:
1010 398 1098 440 Dic.
1147 396 1232 447 Que
1265 397 1340 438 ait:
1381 395 1663 437 Accendamus
1684 395 1820 448 ignem
1841 394 1883 435 in

217 489 369 530 magna
399 475 518 530 copia
557 479 597 516 et
636 477 722 515 cete
755 471 927 528 quilibet
958 469 1143 512 vulneret
1175 468 1280 510 sicut
1310 466 1551 522 profundius
1582 466 1713 521 possit
1743 469 1784 508 et
1812 478 1886 520 per

217 549 298 590 ista
328 547 407 589 duo
439 550 612 588 mortem
646 544 817 600 recipiet
848 546 888 585 et
919 541 1058 584 statim
1091 539 1142 581 ad
1162 543 1315 581 terram
1347 537 1506 579 natabit
1536 540 1577 579 et
1607 537 1665 579 sic
1693 549 1766 592 per
1794 549 1886 590 gra-

218 619 323 660 ciam
364 618 430 660 dei
469 616 642 659 evadere
683 615 920 671 poterimus.
977 612 1039 654 Illi
1078 624 1173 652 vero
1214 609 1430 652 consilium
1470 607 1604 664 puelle
1640 620 1712 662 per
1751 606 1889 648 omnia

217 689 505 745 impleverunt.
568 686 666 729 Cete
705 699 796 728 cum
839 687 1012 727 mortem
1053 682 1181 725 sensit
1219 681 1268 723 ad
1307 684 1459 722 terram
1507 679 1700 735 perrexit.
1762 676 1889 720 Juxta

219 774 342 815 quam
373 763 524 802 terram
558 762 646 801 erat
678 757 843 812 quidam
875 755 993 797 miles
1026 766 1218 807 manens,
1252 752 1319 807 qui
1352 765 1452 794 cena
1481 751 1591 793 facta
1620 763 1761 792 versus
1791 748 1888 790 litus

219 831 345 874 maris
383 829 619 872 ambulavit.
677 828 778 870 Cum
819 840 915 881 ergo
954 829 1040 868 cete
1080 824 1175 866 hinc
1205 823 1300 865 inde
1331 827 1474 864 natare
1506 821 1675 864 vidisset
1713 824 1753 863 et
1782 824 1890 862 terre

220 903 566 959 appropinquare,
600 914 738 943 servos
761 903 880 941 vocat
911 901 951 940 et
982 901 1068 939 cete
1101 896 1152 937 ad
1172 900 1324 937 terram
1356 894 1496 936 traxit.
1543 892 1619 943 Qui
1650 893 1892 947 inceperunt

221 988 310 1017 cum
337 972 623 1016 instrumentis
656 975 882 1027 percutere.
929 968 1071 1010 Puella
1101 981 1190 1010 cum
1215 967 1393 1008 sonitum
1426 965 1621 1017 audisset,
1651 962 1893 1018 loquebatur

221 1059 294 1102 pro
318 1044 506 1087 omnibus
538 1048 578 1086 et
609 1044 686 1085 ait:
720 1040 949 1094 Karissimi,
983 1039 1163 1081 suaviter
1195 1038 1396 1094 percutite
1424 1041 1464 1079 et
1492 1037 1599 1078 latus
1621 1035 1700 1078 ceti
1721 1034 1891 1090 aperite,

222 1117 286 1159 hic
318 1130 457 1158 sumus
488 1116 531 1157 in
563 1115 647 1169 ejus
673 1117 812 1156 ventre
844 1112 918 1153 filii
949 1111 1147 1153 bonorum
1180 1110 1362 1151 virorum
1393 1109 1442 1151 de
1463 1120 1659 1163 generoso
1682 1105 1891 1160 sanguine.

221 1188 337 1231 Miles
384 1200 475 1229 cum
515 1199 654 1228 vocem
694 1184 828 1240 puelle
867 1182 1049 1225 audisset
1087 1182 1145 1223 ait
1184 1181 1312 1223 servis
1353 1181 1457 1222 suis:
1505 1178 1743 1231 Karissimi,
1785 1177 1892 1219 latus

221 1259 300 1302 ceti
341 1258 497 1314 aperite
537 1261 577 1300 et
615 1256 827 1298 videamus
868 1254 965 1309 quid
1004 1253 1131 1296 lateat
1175 1253 1360 1295 interius.
1421 1250 1525 1293 Cum
1571 1263 1666 1293 vero
1707 1252 1893 1305 apertum

221 1331 385 1384 fuisset,
426 1329 563 1385 puella
602 1329 735 1384 primo
774 1326 902 1369 exivit
941 1338 1080 1380 ymmo
1113 1324 1229 1379 quasi
1265 1326 1446 1376 mortua,
1486 1321 1633 1364 deinde
1670 1320 1823 1363 milites
1855 1324 1897 1362 et

222 1402 346 1445 ceteri
386 1401 467 1443 alii.
524 1400 645 1455 Cepit
682 1411 852 1440 narrare
890 1397 1005 1451 cujus
1042 1395 1128 1437 filia
1168 1399 1276 1438 esset
1314 1399 1354 1436 et
1393 1407 1497 1435 uxor
1527 1392 1601 1434 filii
1632 1392 1895 1447 Imperatoris

223 1487 311 1516 esse
343 1473 520 1515 deberet.
575 1471 663 1513 Hoc
702 1469 871 1512 audiens
909 1468 1027 1510 miles
1067 1481 1156 1509 eam
1188 1480 1261 1522 per
1293 1465 1449 1520 aliquot
1480 1464 1565 1507 dies
1596 1477 1687 1506 cum
1720 1467 1806 1506 tota
1834 1463 1894 1505 fa-

223 1545 338 1587 milia
383 1557 519 1586 secum
560 1542 752 1595 retinuit,
801 1540 930 1582 donec
970 1539 1194 1594 perfectum
1235 1540 1387 1579 statum
1427 1549 1546 1578 suum
1584 1534 1893 1591 recuperabant.

222 1616 322 1658 Post
360 1615 436 1657 hoc
474 1614 655 1670 puellam
696 1626 787 1655 cum
827 1611 1066 1653 muneribus
1104 1609 1154 1651 ad
1194 1609 1489 1664 Imperatorem
1529 1607 1643 1649 misit
1680 1620 1771 1649 cum
1810 1609 1897 1648 tota

223 1687 392 1729 familia.
447 1686 676 1742 Imperator
708 1698 800 1727 cum
832 1697 923 1726 eam
956 1682 1145 1734 vidisset,
1179 1680 1255 1722 ait:
1294 1679 1522 1721 Karissima
1550 1677 1657 1732 filia,
1689 1677 1791 1719 bene
1822 1675 1897 1718 tibi

226 1759 280 1801 sit
323 1771 432 1800 nunc
479 1761 519 1799 et
563 1758 605 1799 in
652 1759 909 1812 perpetuum.
974 1753 1055 1795 Sed
1099 1751 1175 1794 tibi
1220 1751 1309 1793 dico
1356 1750 1460 1804 filia,
1508 1754 1728 1804 antequam
1768 1747 1897 1789 filium

227 1844 362 1872 meum
418 1828 609 1871 habueris
654 1828 697 1869 in
743 1827 938 1869 maritum
984 1828 1024 1867 te
1073 1822 1255 1879 probabo
1302 1835 1374 1878 per
1418 1835 1544 1863 unum
1592 1824 1739 1863 actum.
1807 1817 1899 1861 Sta-

227 1902 301 1943 tim
345 1901 442 1943 fecit
486 1899 575 1942 fieri
621 1903 703 1942 tres
749 1897 957 1953 cophinos.
1024 1894 1187 1937 Primus
1229 1897 1317 1936 erat
1362 1893 1411 1935 de
1450 1906 1548 1935 auro
1594 1891 1815 1948 purissimo
1860 1893 1900 1932 et

227 1973 434 2029 lapidibus
487 1971 696 2027 preciosis.
763 1969 820 2011 Et
872 1971 960 2010 erat
1005 1966 1099 2008 talis
1146 1965 1444 2021 superscripcio
1491 1978 1614 2020 super
1659 1963 1897 2019 cophinum:

229 2044 306 2095 Qui
357 2057 422 2086 me
468 2043 627 2098 aperiet
679 2041 722 2083 in
771 2054 834 2082 me
888 2038 1093 2080 invenerit
1139 2036 1235 2091 quid
1281 2036 1443 2078 meruit.
1506 2035 1561 2078 Et
1604 2038 1714 2078 totus
1761 2034 1900 2090 cophi-

229 2129 305 2157 nus
351 2118 441 2157 erat
485 2114 629 2169 plenus
682 2111 854 2154 interius
902 2109 1061 2151 ossibus
1114 2111 1382 2150 mortuorum.
1451 2107 1660 2150 Secundus
1713 2109 1801 2149 erat·
1852 2105 1901 2148 de

232 2190 400 2240 argento
433 2185 654 2241 purissimo
692 2183 838 2239 plenus
879 2181 1052 2235 gemmis
1092 2193 1142 2222 ex
1183 2180 1293 2221 omni
1332 2182 1449 2234 parte
1488 2178 1557 2233 qui
1595 2177 1718 2221 talem
1760 2190 1901 2232 super-

231 2257 501 2313 scripcionem
539 2254 735 2298 habebat:
776 2253 854 2304 Qui
894 2265 960 2295 me
998 2251 1167 2305 elegerit
1204 2251 1246 2292 in
1285 2264 1351 2293 me
1381 2250 1585 2292 invenerit
1616 2248 1724 2304 quod
1754 2252 1902 2291 natura

233 2329 355 2371 dedit.
418 2328 499 2370 Iste
535 2327 733 2382 cophinus
772 2329 883 2367 terra
927 2323 1072 2379 plenus
1112 2326 1212 2365 erat.
1276 2321 1683 2377 Tercius.cophinus
1722 2323 1810 2363 erat
1852 2319 1901 2362 de

232 2400 400 2457 plumbo
432 2399 586 2441 habens
618 2396 1013 2453 superscripcionem
1045 2393 1191 2436 talem:
1231 2392 1376 2435 Pocius
1415 2392 1519 2446 eligo
1551 2392 1618 2435 hic
1649 2405 1738 2435 esse
1769 2394 1809 2434 et
1838 2404 1901 2434 re-

234 2471 455 2526 quiescere,
489 2483 609 2525 quam
641 2470 684 2510 in
715 2467 919 2510 thesauris
950 2466 1059 2520 regis
1091 2478 1345 2521 permanere.
1393 2464 1439 2506 In
1470 2464 1644 2520 cophino
1675 2463 1754 2506 isto
1786 2466 1904 2506 erant

233 2546 317 2585 tres
349 2541 489 2584 annuli
520 2540 706 2597 preciosi.
758 2539 872 2582 Tunc
903 2538 961 2580 ait
991 2537 1219 2593 Imperator
1250 2535 1402 2592 puelle:
1441 2535 1682 2588 Karissima,
1713 2533 1779 2576 hic
1809 2526 1905 2575 sunt

234 2618 317 2656 tres
349 2612 534 2668 cophini3
574 2611 701 2665 eligas
735 2622 1017 2665 quemcunque
1047 2608 1237 2650 volueris.
1289 2607 1345 2649 Et
1376 2608 1411 2649 si
1441 2607 1544 2649 bene
1565 2605 1750 2660 elegeris,
1772 2604 1900 2646 filium

234 2698 370 2727 meum
403 2684 445 2725 in
477 2683 671 2725 maritum
704 2681 920 2737 optinebis.
974 2679 1049 2722 Illa
1080 2692 1174 2721 vero
1206 2682 1288 2721 tres
1320 2678 1516 2734 cophinos
1547 2677 1691 2719 intime
1720 2675 1905 2731 respexit
1948 2687 1949 2736 ἐ

236 2759 277 2798 et
316 2756 375 2797 ait
411 2755 455 2797 in
493 2754 614 2796 corde
655 2766 748 2795 suo:
797 2753 895 2794 deus
936 2751 1005 2805 qui
1044 2750 1180 2792 omnia
1218 2750 1330 2792 videt
1367 2750 1436 2792 det
1479 2748 1581 2791 mihi
1619 2747 1798 2801 graciam
1845 2746 1904 2788 sic

238 2826 426 2880 eligendi,
458 2828 505 2867 ut
535 2825 584 2868 de
611 2823 681 2866 illo
712 2837 787 2879 pro
821 2836 898 2878 quo
931 2821 1104 2863 multum
1135 2821 1321 2863 laboravi
1350 2834 1431 2863 non
1464 2819 1660 2862 deficiam.
1704 2817 1789 2868 Que
1820 2817 1904 2872 pri-

237 2911 347 2939 mum
366 2897 585 2952 cophinum
604 2895 739 2949 tetigit
761 2900 800 2937 et
822 2894 1067 2950 scripturam
1089 2892 1208 2946 legit:
1241 2892 1319 2942 Qui
1340 2906 1405 2934 me
1427 2896 1501 2934 etc.
1533 2889 1630 2945 [Illa
1650 2886 1900 2943 cogitabatz]

238 2967 449 3024 Cophinus
494 2967 674 3010 exterius
719 2970 782 3008 est
827 2965 1057 3022 preciosus,
1105 2963 1175 3006 sed
1222 2964 1318 3018 quid
1356 2963 1528 3005 interius
1571 2961 1697 3003 lateat
1743 2960 1904 3015 penitus
