1919 3157
898 55 984 95 533

103 159 308 209 centibu85
344 162 390 201 in
430 176 512 215 qua
548 169 725 216 propter
759 162 1014 215 presentiam
1053 167 1191 199 sancte
1231 161 1429 213 imaqinis
1466 159 1624 201 Christi
1657 161 1799 202 nullus

101 231 313 272 idolorum
360 232 492 272 cultor
531 239 604 271 aut
641 231 841 271 hereticus
879 245 1011 284 neque
1049 229 1256 270 barba-rus
1296 231 1421 271 audet
1465 232 1679 282 accedere,
1725 245 1800 273 nec

104 301 238 343 locum
267 302 385 342 illum
418 303 626 342 invadere.
671 301 743 342 Vel
773 302 919 341 civitas
950 302 1032 341 ista
1059 308 1195 355 potest
1226 301 1314 341 dici
1343 315 1496 356 corpus
1518 309 1720 354 nostrum,
1751 303 1799 342 in

104 386 185 427 quo
214 379 392 427 propter
417 374 675 427 presentiam
707 379 844 412 sancte.
874 373 1074 425 imagsz'nis
1107 369 1263 411 Christi
1290 373 1317 411 i.
1353 386 1383 411 e.
1419 373 1555 412 anime
1592 372 1733 426 infuse
1763 380 1800 414 et

96 457 178 499 per
216 442 464 497 baptismum
506 459 532 482 a
565 451 735 498 peccato
775 442 979 496 orz‘fsinali
1017 442 1095 482 lote
1135 441 1276 481 nullus
1314 441 1513 482 hereticus
1543 444 1570 483 i.
1606 458 1636 484 e.
1680 443 1801 483 nulla
1825 446 1848 480 5

103 512 266 554 diaboli
297 515 474 553 versutia
508 521 581 553 aut
606 528 768 568 pompa
805 514 941 552 rivere
974 520 1131 566 potest,
1172 513 1372 566 quoniam
1409 514 1456 552 in
1487 512 1692 568 baptismo
1725 514 1799 554 deo

94 585 280 642 firmiter
325 583 522 624 adherere
564 585 838 638 promisimus
885 591 922 623 et
970 582 1131 623 diaboli
1168 584 1341 637 pompis
1392 582 1798 635 abrenunciavimus,

105 656 304 709 quoniam
342 654 462 694 homo
501 655 558 694 acl
594 656 820 707 imaffl'nem
860 655 1062 694 trinitatis
1101 661 1240 693 sancte
1267 653 1416 706 factus
1456 660 1493 693 et
1535 661 1695 694 creatus
1727 661 1799 705 est,

103 732 149 765 ut
179 726 336 765 dicitur
369 722 512 766 Genes.
534 727 698 779 primo:
737 724 966 765 Faciamus
997 724 1203 765 hominem
1234 724 1291 764 ad
1320 725 1546 778 imayinem
1586 731 1623 764 et
1652 724 1802 764 simili-

104 796 289 836 tudinem
326 803 524 835 nostram.
591 794 690 835 Ideo
729 794 922 835 diabolus
960 796 1006 835 in
1045 809 1088 835 eo
1123 802 1225 849 post
1262 793 1515 848 baptismum
1552 795 1688 834 vivere
1717 808 1804 834 non
1829 797 1873 832 10

102 873 258 922 potest,
297 867 384 906 nisi
413 865 532 906 homo
566 866 764 914 coluerim
803 866 931 906 hostis
971 867 1080 906 enim
1116 872 1257 905 noster
1287 866 1348 905 ita
1386 863 1534 905 debilis
1572 873 1648 916 est,
1693 865 1805 919 quod

102 938 307 978 neminem
338 951 538 991 superare
566 938 742 991 poterit,
786 938 873 976 nisi
901 936 1020 976 homo
1052 936 1241 976 voluerit.
1298 935 1385 977 Sed
1413 950 1487 975 nec
1519 935 1654 976 locum
1684 935 1805 976 illum

104 1007 280 1048 barbari
304 1015 483 1062 possunt
520 1008 728 1048 invadere.
784 1006 975 1047 Barbari
1012 1014 1109 1046 sunt
1141 1014 1317 1061 peccata
1354 1005 1573 1057 mortalia,
1615 1019 1692 1060 que
1723 1020 1806 1061 per

98 1079 355 1134 presentiam
388 1079 527 1119 dii-ine
555 1080 692 1133 qratie
724 1079 909 1118 animam
940 1085 1127 1118 nostram
1157 1077 1356 1117 invadere
1386 1090 1472 1116 non
1505 1083 1695 1131 possunt.
1748 1075 1808 1117 Et

104 1150 144 1190 si
172 1163 222 1189 ea:
249 1148 495 1203 fraqilitate
533 1150 791 1189 condicionis
827 1156 967 1189 nostre
1006 1155 1043 1188 et
1073 1149 1214 1188 carnis
1251 1148 1511 1203 suyyestione
1548 1147 1692 1187 anima
1723 1160 1806 1201 per
1831 1149 1875 1184 15

99 1227 320 1276 peccatum
366 1219 542 1274 aliquod
587 1219 762 1260 mortale
799 1227 873 1259 aut
919 1218 1063 1258 saltem
1106 1232 1270 1259 enorme
1316 1218 1555 1268 invaditur,
1598 1216 1805 1272 puerulus

103 1292 301 1332 innocens
339 1292 366 1331 i.
401 1305 431 1331 e.
475 1292 727 1331 conscientia
763 1290 1003 1330 remordens
1042 1290 1267 1329 exercitum
1304 1288 1493 1329 hostilem
1529 1286 1807 1328 obvenientem

98 1362 182 1418 per
223 1361 442 1417 epistolam
481 1361 755 1415 confessionis
797 1360 912 1401 debet
950 1360 1149 1414 repellere
1192 1367 1229 1399 et
1261 1367 1361 1414 post
1391 1358 1691 1413 confessionem
1721 1372 1805 1413 pro

101 1435 286 1489 peccatis
318 1432 572 1486 satisfacere.
627 1432 685 1473 Et
714 1434 774 1472 sic
806 1432 946 1472 eadem
979 1432 1066 1482 die,
1111 1445 1195 1485 qua
1220 1430 1428 1485 puerulus
1460 1437 1574 1470 stans
1604 1430 1652 1470 in
1676 1436 1808 1484 porta

104 1506 133 1546 i.
168 1519 198 1545 e.
232 1505 279 1545 in
308 1503 579 1544 inchoacione
617 1503 720 1544 bone
758 1504 838 1543 vite
869 1502 1089 1557 epistolam
1119 1501 1425 1542 emendacionis
1465 1507 1503 1540 et
1532 1499 1807 1554 confessionis
1831 1502 1878 1537 20

107 1575 218 1630 leyit,
252 1576 405 1615 tociens
438 1575 632 1629 quociens
665 1573 840 1614 barbari
870 1574 1171 1614 conscienciam
1201 1572 1443 1612 invadentes
1466 1578 1503 1611 et
1524 1569 1676 1611 bonum
1703 1585 1808 1626 opus

105 1653 295 1688 nostrum
323 1646 584 1686 retardantes
617 1653 690 1685 aut
714 1645 967 1700 placantur,
1007 1651 1082 1684 aut
1111 1643 1337 1697 effeminati
1354 1641 1557 1696 fuqiunt;
1599 1641 1672 1681 sed
1700 1656 1808 1681 nun-

108 1732 235 1773 quam
258 1716 510 1772 placantur,
554 1717 655 1770 quia
688 1716 787 1755 dum
819 1729 948 1770 opera
977 1722 1124 1755 nostra
1160 1713 1269 1754 bona
1308 1713 1592 1767 conspiciunt,
1630 1712 1733 1767 plus
1763 1713 1809 1752 in

108 1788 398 1843 temptacionis
417 1786 591 1841 furiam
621 1794 839 1827 vertuntur
870 1793 907 1826 et
936 1786 1166 1826 insaniunt.
1210 1783 1264 1826 Si
1284 1791 1421 1825 autem
1442 1797 1492 1824 ea:
1514 1783 1637 1838 lapsu
1670 1784 1810 1823 carnis

107 1873 183 1900 nos
213 1859 261 1899 in
285 1859 476 1913 presenti
506 1857 701 1912 laqueum
732 1857 1015 1908 ceciderimus,
1047 1856 1210 1896 nullam
1241 1862 1377 1895 tamen
1409 1868 1458 1894 ex
1489 1853 1565 1894 hoc
1592 1853 1811 1908 placacio-
1835 1855 1882 1890 25

107 1944 201 1971 nem
233 1928 406 1980 diaboli,
440 1936 487 1969 ut
517 1944 543 1968 a
575 1930 848 1984 temptacione
880 1928 1058 1978 desistet,
1093 1926 1242 1967 habere
1266 1925 1512 1981 poterimus.
1568 1923 1684 1979 Erqo
1718 1923 1812 1978 effe-

108 2001 260 2041 minati
289 2007 327 2041 et
357 2000 509 2040 devicti
539 2015 565 2039 a
594 1999 714 2040 nobis
734 1999 938 2054 fuyiunt,·
978 1998 1147 2038 stultum
1187 1997 1309 2037 enim‘
1337 2003 1394 2036 est
1432 1996 1588 2035 servire
1626 1993 1809 2046 diabolo,

111 2072 186 2126 qui
213 2071 330 2111 nullo
356 2071 558 2125 placatur
591 2069 784 2125 obsequio
795 2086 808 2118 ,-
847 2070 920 2110 sed
958 2067 1241 2108 adherendum
1280 2073 1338 2107 est
1369 2066 1466 2117 deo,
1508 2066 1584 2119 qui
1613 2064 1696 2105 sibi
1725 2079 1812 2106 ser-

108 2140 313 2183 vientibus
352 2142 482 2182 vitam
522 2149 560 2182 et
599 2141 825 2182 mercedem
865 2147 1048 2180 eternam
1084 2136 1296 2188 retribuit,
1340 2136 1397 2176 ad
1437 2149 1565 2190 quam
1601 2150 1677 2176 nos
1708 2149 1810 2191 per-

110 2213 237 2253 ducat
267 2219 337 2253 etc.

843 2366 947 2409 CAP.
973 2365 1071 2407 155.
1835 2367 1882 2402 30

235 2454 309 2500 De
344 2454 480 2499 modo
511 2468 669 2513 puqne
704 2455 754 2498 in
782 2454 1004 2513 passione
1043 2451 1212 2498 Christi
1248 2455 1406 2496 contra
1446 2447 1691 2494 diabolum.

231 2563 284 2604 In
306 2562 481 2618 Anqlia,
516 2569 561 2602 ut
579 2570 731 2603 narrat
755 2559 997 2612 Ger-vastus,
1031 2561 1089 2601 ad
1108 2561 1304 2601 terminos
1326 2560 1590 2614 episcopatus
1611 2556 1810 2596 Elienen-

111 2636 169 2676 sis
200 2642 262 2686 est.
288 2642 471 2675 castrum
493 2631 771 2673 Cathubrz'eha
799 2633 980 2682 nomine,
1013 2631 1132 2684 infra
1164 2630 1280 2683 cujus
1313 2630 1462 2670 limites
1493 2642 1513 2668 e
1536 2628 1674 2668 vicino
1697 2626 1810 2667 locus

112 2714 183 2757 est,
218 2719 338 2760 quem
379 2702 721 2745 Wandleburiam
752 2703 909 2753 dicunt,
943 2716 987 2742 eo
1022 2702 1135 2756 quod
1163 2701 1253 2741 illic
1292 2699 1490 2741 I‘Vanclali
1513 2705 1658 2753 partes
1688 2696 1808 2738 Brit-

112 2777 254 2817 tannie
293 2789 389 2816 seva
420 2771 754 2815 Christianorum
786 2773 1073 2828 peremptione
1102 2778 1309 2812 vastantes
1343 2766 1497 2822 [131b]
1531 2768 1812 2809 castrametati
1834 2771 1881 2807 35

112 2854 217 2888 sunt.
281 2843 361 2887 Ubi
389 2859 483 2886 vero
517 2845 574 2885 ad
604 2844 822 2884 monticuli
851 2844 1013 2898 apicem
1035 2843 1171 2899 sia-ere
1202 2842 1395 2891 tentoria,
1423 2839 1632 2895 planicies
1661 2840 1709 2879 in
1737 2853 1808 2879 ro—

113 2917 289 2957 tundum
318 2915 486 2957 vallatis
519 2914 882 2965 circumcluditur,
923 2914 1046 2954 unico
1079 2913 1274 2954 adinstar
1297 2911 1482 2968 portalis
1514 2910 1633 2951 aditu
1658 2917 1810 2966 patens
