1919 3157
846 71 926 112 677

52 175 223 218 militem
247 176 485 232 ydronicum
511 176 755 218 inebriatum
782 176 957 227 videbat,
984 176 1135 218 fontem
1161 176 1309 220 clausit
1329 191 1418 220 cum
1443 192 1536 220 sera
1556 178 1724 233 optima.

49 246 167 290 Miles
199 261 294 290 vero
326 248 544 303 ydronicus
577 247 625 289 ad
650 248 802 288 fontem
833 247 1023 289 currebat
1055 252 1094 289 et
1125 247 1175 289 de
1197 262 1304 302 aqua
1335 253 1380 291 ut
1411 249 1568 291 solebat
1599 248 1728 291 voluit

50 317 226 360 haurire.
291 318 369 360 Sed
417 319 567 360 fontem
617 318 800 359 clausum
848 318 1015 360 invenit.
1079 318 1307 373 Imperator
1354 320 1494 361 eodem
1542 324 1727 374 tempore

49 401 213 431 causam
255 389 422 430 arduam
466 389 639 430 habebat
671 402 744 444 pro
777 390 955 441 negociis
995 389 1175 443 agendis.
1232 389 1459 432 Ydronicus
1500 404 1594 432 vero
1633 403 1726 432 cum

49 460 161 502 venit
194 460 244 502 ad
278 461 590 515 imperatorem,
632 464 713 501 tam
757 460 892 501 ebrius
933 464 1022 501 erat
1054 460 1160 514 quod
1193 473 1265 501 nec
1299 460 1479 514 linguam
1513 461 1726 515 loquacem

48 544 122 573 nec
155 531 336 573 vinacem
381 531 573 583 habebat,
614 544 684 572 seu
725 530 974 572 intellectum
1015 543 1205 585 capacem
1248 544 1328 572 non
1362 531 1539 574 habebat
1569 532 1619 573 ad
1653 531 1726 573 ali-

48 602 155 657 quod
189 602 356 644 verbum
396 602 654 656 respondere.
715 601 941 656 Imperator
974 614 1063 642 cum
1098 601 1171 642 hoc
1205 602 1386 644 audisset
1425 602 1531 643 furia
1571 606 1633 644 est
1663 616 1726 644 re-

48 673 196 729 pletus,
230 686 276 714 eo
309 672 415 727 quod
449 672 549 713 illud
583 673 730 713 vicium
764 672 855 713 odio
889 676 1101 726 presenter
1134 671 1320 714 habebat.
1371 672 1519 715 Statim
1543 673 1727 728 precepit

47 743 121 786 sub
155 757 259 799 pena
281 744 438 796 mortis,
471 743 577 797 quod
611 743 755 784 amodo
788 743 962 784 interra
985 756 1058 784 sua
1090 756 1170 784 non
1205 747 1312 785 esset
1334 744 1537 785 inventus.
1584 742 1724 785 Emuli

47 814 132 868 ejus
165 828 255 856 cum
289 814 364 857 boc
396 814 606 856 audissent
637 815 767 867 gavisi
801 818 895 855 sunt
928 813 1057 867 valde,
1092 818 1132 855 et
1164 814 1251 855 seni
1283 814 1497 855 dixerunt:
1530 813 1622 855 Jam
1657 827 1725 856 su-

47 899 138 927 mus
184 885 234 928 ab
273 886 361 941 ipso
411 885 643 938 deliberati,
687 885 810 926 nichil
858 884 978 925 modo
1017 888 1146 926 restat
1186 889 1324 940 preter
1363 885 1561 926 ciconiam
1602 897 1724 938 quam

49 956 250 999 removeri
284 960 456 1012 oportet.
504 956 576 997 Ait
607 969 749 997 senex:
790 956 922 997 Aures
956 959 1090 997 vestre
1123 955 1301 1009 audient,
1335 956 1537 1010 quomodo
1570 955 1727 997 ciconia

47 1027 125 1070 erit
155 1027 373 1069 destructa.
423 1027 509 1069 Hoc
541 1027 648 1068 dicto
684 1026 911 1068 ascultabat
942 1040 1079 1068 senex..
1134 1025 1266 1082 Super
1299 1027 1501 1081 quandam
1536 1026 1724 1068 arborem

46 1098 253 1141 residebat
292 1099 379 1140 avis
420 1103 461 1141 et
492 1098 704 1150 cantabat,
745 1102 785 1139 et
824 1101 1040 1153 postquam
1076 1110 1099 1139 a
1131 1102 1253 1140 cantu
1285 1098 1480 1152 cessavit,
1519 1097 1725 1139 masculus

47 1183 170 1226 super
192 1183 280 1212 eam
315 1170 455 1212 cubuit
487 1170 707 1212 secundum
732 1172 936 1210 naturam.
986 1169 1140 1210 Tamen
1175 1168 1342 1211 absente
1365 1168 1545 1211 masculo
1569 1168 1726 1211 adulte-

46 1246 136 1284 rata
167 1245 230 1284 est
260 1241 418 1283 ciconia
449 1254 538 1282 cum
573 1240 652 1282 alio
685 1254 758 1282 ave
791 1253 845 1281 sc.
880 1253 971 1282 cum
1006 1240 1260 1295 philomena,
1302 1240 1370 1295 qui
1412 1243 1474 1282 est
1504 1239 1723 1282 masculus.

46 1312 270 1364 Hoofacto
304 1313 353 1355 ad
385 1313 538 1354 fontem
572 1311 804 1353 ascenderit
836 1315 875 1353 et
906 1324 948 1353 se
981 1310 1255 1364 balneaverit,
1299 1314 1339 1353 et
1370 1311 1532 1365 quando
1565 1323 1725 1353 mascu—

45 1383 108 1426 lus
140 1385 227 1439 ejus
259 1383 371 1426 venit
402 1383 504 1424 nihil
536 1383 584 1425 de
608 1397 654 1425 ea
687 1383 828 1436 sensit,
863 1396 909 1425 eo
943 1382 1050 1436 quod
1083 1396 1156 1437 per
1180 1395 1327 1437 aquam
1359 1382 1484 1424 fontis
1516 1381 1601 1424 lota
1622 1384 1722 1424 erat.

47 1455 180 1498 Senex
227 1469 322 1498 vero
369 1468 458 1496 cum
506 1454 582 1496 hoe
621 1454 791 1496 vidisset
832 1455 882 1496 ad
922 1454 1062 1496 nidum
1107 1454 1193 1508 ejus
1232 1453 1425 1495 transivit
1463 1457 1503 1496 et
1542 1466 1565 1495 a
1602 1456 1726 1495 cantu

45 1527 232 1569 cessabat
263 1527 372 1579 avis,
417 1526 512 1580 quia
543 1525 697 1568 fontem
731 1525 903 1568 firmiter
935 1525 1083 1567 clausit
1121 1537 1267 1578 senes,
1308 1537 1354 1567 eo
1387 1524 1494 1579 quod
1526 1537 1606 1566 non
1639 1523 1726 1566 bal-

44 1603 197 1640 nearet.
252 1597 365 1640 Tunc
404 1597 609 1639 masculus
649 1597 816 1639 veniens
857 1610 946 1639 eam
988 1596 1215 1638 adulteram
1257 1596 1378 1637 scivit
1417 1609 1517 1638 esse.
1576 1594 1726 1637 Statim

45 1668 253 1712 advolavit
291 1672 331 1711 et
370 1669 552 1710 maxima
584 1668 847 1710 multitudine
878 1668 1128 1710 ciconiarum
1162 1668 1334 1709 adduxit
1365 1670 1405 1709 et
1436 1669 1530 1722 post
1559 1666 1724 1720 longam

44 1740 375 1796 deceptacionem
418 1739 617 1781 ciconiam
659 1739 932 1781 adulteratam
972 1739 1235 1781 decesserunt
1273 1742 1313 1781 et
1360 1738 1418 1781 sic
1463 1741 1626 1780 mortua
1663 1741 1726 1780 est

43 1811 221 1865 ciconia,
261 1824 333 1867 per
372 1811 487 1865 cujus
526 1815 690 1852 cantum
733 1810 958 1865 imperator
1000 1814 1088 1852 erat
1125 1809 1390 1852 refocillatus.
1451 1808 1588 1851 Emuli
1628 1821 1724 1851 vero

43 1886 161 1926 erant
191 1881 432 1924 multimode
464 1881 688 1935 gaudentes
729 1885 768 1923 et
800 1881 858 1923 sio
889 1881 1006 1923 miles
1039 1894 1130 1923 cum
1164 1881 1322 1923 ciconia
1354 1880 1515 1937 expulsi
1547 1884 1643 1922 sunt
1673 1879 1724 1922 ab

42 1953 302 2010 imperatoris
334 1954 460 1996 curia.

160 2025 391 2067 Moraliter.
441 2023 673 2077 Karissimi,
707 2023 784 2066 iste
816 2023 1041 2078 imperator
1074 2026 1135 2065 est
1157 2022 1330 2077 Cristus,
1364 2022 1433 2076 qui
1465 2022 1569 2064 miro
1601 2021 1722 2064 modo

42 2098 208 2138 cantum
241 2095 345 2138 bone
377 2095 610 2137 devocionis
643 2095 795 2149 diligit,
830 2095 926 2149 quia
958 2095 1119 2150 quando
1153 2108 1318 2136 oramus
1351 2106 1442 2135 cum
1475 2093 1550 2135 deo
1580 2093 1723 2147 loqua-

43 2179 146 2208 mur.
203 2165 372 2216 Quando
406 2166 480 2208 deo
512 2166 685 2220 legimus
718 2166 817 2208 deus
849 2166 1063 2208 nobiscum
1095 2165 1288 2220 loquitur.
1350 2164 1458 2207 Fons
1490 2164 1531 2206 in
1563 2164 1722 2219 palacio

43 2241 106 2280 est
137 2237 337 2279 confessio
370 2237 410 2279 in
444 2237 629 2291 ecclesia,
669 2237 774 2279 unde
806 2237 840 2278 si
873 2237 963 2291 quis
996 2235 1223 2278 inebriatus
1254 2236 1379 2278 fuerit
1410 2236 1451 2277 in
1483 2235 1620 2289 aliquo
1652 2234 1722 2277 de-

41 2307 158 2361 licto,
198 2307 313 2350 bibat
350 2308 399 2350 de
435 2308 547 2350 fonte
587 2308 855 2350 confessionis
894 2311 935 2349 et
973 2308 1032 2349 sio
1074 2320 1197 2349 sanus
1240 2307 1329 2349 erit.
1385 2305 1612 2348 Ydronicus
1652 2305 1722 2360 qui

43 2383 132 2422 erat
169 2379 307 2434 sepius
347 2378 503 2432 ebrius,
545 2383 606 2421 est
644 2379 775 2420 omnis
816 2379 935 2420 homo
975 2379 1043 2433 qui
1082 2378 1280 2420 residivat
1312 2378 1362 2419 ad
1395 2377 1561 2419 modum
1593 2377 1718 2418 canis.

42 2450 210 2502 Quando
258 2450 380 2492 nimis
426 2450 603 2492 comedit
651 2453 690 2492 et
733 2454 827 2505 post
865 2449 940 2491 hoe
979 2450 1140 2504 quando
1181 2449 1310 2491 esurit
1348 2449 1495 2491 iterato
1535 2448 1719 2490 resumit·

42 2520 130 2564 Hoc
160 2534 240 2563 non
273 2521 462 2562 obstante
493 2521 528 2562 si
560 2521 703 2562 bibant
734 2521 783 2562 de
807 2521 919 2562 fonte
951 2520 1219 2562 confessionis
1253 2520 1361 2562 vires
1393 2522 1606 2562 resumunt
1636 2518 1721 2574 spi-

41 2592 223 2635 rituales.
271 2591 439 2634 Ciconia
471 2605 548 2646 que
581 2596 662 2634 tam
688 2591 862 2633 dulciter
893 2591 1088 2633 cantabat
1119 2604 1241 2647 super
1271 2591 1456 2633 arborem
1490 2594 1552 2632 est
1583 2590 1721 2632 anima

43 2677 120 2719 que
153 2667 215 2706 est
245 2677 398 2718 sponsa
423 2662 561 2716 Cristi,
595 2663 778 2704 residens
811 2676 934 2717 super
966 2662 1153 2705 arborem
1186 2676 1300 2705 sacre
1333 2662 1530 2704 doctrine.
1564 2660 1719 2703 Cantus

43 2734 130 2788 ejus
162 2737 224 2777 est
255 2734 390 2776 oracio
424 2733 583 2776 devota.
633 2733 779 2789 Sepius
812 2733 881 2775 illa
905 2733 1043 2775 anima
1075 2733 1308 2776 adulterata
1332 2733 1407 2776 sub
1430 2733 1504 2775 deo
1527 2732 1720 2786 quociens

42 2809 210 2861 peceato
250 2805 466 2847 consentit.
524 2803 816 2846 Verumtamen
857 2804 891 2845 si
929 2804 1061 2846 adhue
1099 2809 1238 2847 currat
1269 2805 1318 2846 ad
1351 2803 1646 2846 confessionem
1680 2805 1721 2845 et

42 2875 233 2919 balneata
263 2876 388 2918 fuerit
418 2876 461 2917 in
483 2888 590 2929 aqua
618 2875 790 2917 locionis
823 2875 921 2917 deus
954 2888 1044 2917 eam
1076 2875 1232 2929 diliget.
1286 2874 1366 2917 Sed
1398 2873 1523 2917 emuli
1554 2873 1630 2916 hoc
1660 2873 1720 2915 vi-

8 2951 12 2953 ’
42 2946 198 3001 dentes,
229 2947 316 2990 scil.
350 2946 543 2989 demones
575 2945 817 2999 infernales,
850 2945 958 3000 quod
994 2945 1094 2988 deus
1125 2950 1188 2989 est
1218 2951 1304 2989 tam
1335 2945 1569 2989 misericors
1600 2944 1720 2988 obtu-
