1949 3162
991 56 1077 98 424

192 164 325 218 ribus,
369 164 437 218 qui
477 167 574 205 tunc
612 163 764 206 dicitur
801 162 965 204 tradere
1003 161 1164 204 litteras
1198 162 1342 215 judieii
1381 162 1524 203 mortis
1564 166 1702 204 nostre
1739 162 1870 216 nobis,

191 235 288 277 dum
328 248 429 276 sana
466 234 605 288 gracia
645 233 923 276 consciencias
963 237 1125 275 nostras
1167 232 1368 285 illustrat,
1412 237 1457 274 ut
1493 232 1628 286 legere
1667 233 1872 287 possimus

192 309 361 361 peccata
400 308 562 358 nostra,
606 305 752 359 quibus
792 308 967 346 mortem
1000 308 1182 346 eternam
1225 303 1461 345 meruimus.
1534 303 1586 346 Et
1624 303 1734 357 ideo,
1775 304 1870 345 dum

191 376 323 418 lucem
357 380 396 418 et
427 376 609 429 graciam
633 376 764 418 sancti
787 375 957 430 spiritus
990 375 1201 428 habemus,
1235 374 1393 416 litteras
1425 376 1526 417 istas
1557 375 1754 428 legamus,
1785 375 1811 416 i.
1836 389 1869 417 e.

145 457 166 491 5
192 451 361 503 peccata
391 451 533 489 nostra
563 447 792 488 referamus
825 446 930 488 bono
963 446 1084 488 corde
1117 451 1157 488 et
1188 450 1332 501 postea
1364 446 1564 488 sacerdoti
1605 458 1693 499 ore,
1732 449 1778 487 ut
1815 445 1872 488 313

191 518 363 572 legendo
396 522 572 560 mortem
596 522 778 560 eternam
803 517 977 558 evadere
1009 516 1232 569 valeamus,
1265 530 1315 558 ne
1346 516 1483 559 littere
1505 517 1641 558 clause
1662 517 1688 557 i.
1713 529 1745 558 e.
1777 529 1871 558 con-

191 589 365 631 sciencie
414 593 554 631 nostre
599 602 680 630 non
727 588 924 630 mundate
971 592 1065 643 post
1103 591 1277 629 mortem
1318 591 1500 629 nostram
1549 587 1787 642 aperiantur
1833 591 1873 629 et

191 660 508 703 manifestentur
538 660 615 701 toti
647 659 813 701 mund0.

900 818 1002 860 CAP.
1027 818 1094 860 98.
1130 819 1233 869 (00.)

124 914 166 948 10
533 905 669 965 Quod
703 907 810 951 deus
846 907 895 950 in
931 905 1018 950 lzao
1052 906 1142 950 vita
1173 905 1358 965 placari
1389 910 1540 965 potest.

307 1013 529 1068 Narratur,
576 1014 683 1068 quod
724 1014 904 1068 antiquis
943 1027 1033 1055 mos
1075 1018 1163 1056 erat
1201 1013 1498 1067 Romanorum,
1542 1014 1669 1068 quod,
1710 1014 1872 1068 quando

191 1087 372 1127 castrum
420 1085 483 1127 vel
532 1085 711 1140 aliquam
759 1085 968 1127 civitatem
1018 1085 1279 1138 obsidebant,
1331 1098 1455 1126 unam
1501 1085 1714 1126 candelam
1762 1089 1874 1127 certa

191 1169 385 1198 mensura
431 1156 728 1210 accendebant,
785 1160 826 1198 et
880 1156 1076 1210 quamdiu
1123 1156 1294 1198 candela
1340 1156 1522 1210 arderet,
1575 1156 1709 1211 parati
1756 1161 1874 1198 erant

191 1240 332 1269 omnes
381 1227 431 1269 ad
474 1241 617 1282 pacem
666 1228 868 1283 recipere,
918 1231 1294 1282 quantumcumque
1340 1227 1580 1269 malefactor
1626 1231 1752 1279 esset3
1801 1228 1872 1270 sed

124 1302 165 1337 15
190 1302 408 1354 postquam
443 1303 687 1354 consumpta
724 1299 879 1353 fuerat,
921 1299 1053 1340 omnis
1079 1299 1246 1354 justicie
1283 1300 1521 1341 servitutem
1554 1299 1800 1341 exercebant
1829 1299 1872 1340 in

190 1370 328 1412 hostes
369 1383 485 1424 suos,
525 1383 600 1412 nec
637 1374 774 1412 tamen
809 1370 931 1413 alicui
962 1370 1059 1412 licet
1090 1370 1207 1412 daret
1238 1371 1377 1412 omnia
1408 1370 1515 1412 bona
1546 1370 1871 1412 misericordiam

189 1440 325 1483 facere
358 1441 444 1483 scil.
478 1441 708 1484 voluerunt.

309 1511 543 1565 Carissimi,
592 1513 651 1554 sic
691 1512 814 1554 habet
852 1512 951 1554 deus
991 1525 1088 1565 erga
1129 1516 1384 1566 peccatores3
1432 1525 1528 1554 nam
1567 1512 1691 1554 corda
1731 1516 1872 1554 nostra

191 1582 378 1625 civitates
419 1583 555 1626 anime
594 1588 691 1626 sunt
730 1584 898 1626 obsessa
938 1597 1029 1625 cum
1071 1583 1185 1624 viciis
1226 1588 1265 1625 et
1295 1583 1642 1639 concupiscenciis
1679 1597 1752 1638 per
1784 1583 1871 1625 dia-

120 1659 165 1694 20
191 1653 343 1708 bolum,
377 1655 577 1696 mundum
611 1659 651 1697 et
682 1668 860 1697 carnem.
931 1655 1043 1697 Deus
1076 1668 1124 1696 ex
1159 1668 1233 1696 sua
1263 1654 1546 1696 misericordia
1578 1655 1723 1696 statuit
1753 1654 1871 1697 nobis

190 1728 369 1780 tempus,
402 1725 446 1767 in
478 1740 570 1780 quo,
605 1727 639 1768 si
671 1726 813 1780 velint,
851 1727 1033 1781 poterint
1063 1726 1248 1768 invenire
1281 1725 1494 1767 candelam
1527 1738 1754 1779 accensam,
1786 1726 1812 1767 i.
1837 1739 1870 1768 e.

192 1797 388 1851 quamdiu
421 1797 505 1839 vita
538 1801 600 1839 est
630 1798 673 1839 in
696 1811 881 1852 corpore,
914 1801 1291 1852 quantumcumque
1324 1800 1514 1852 peccator
1546 1797 1871 1839 misericordiam

190 1868 415 1922 inveniret,
457 1872 497 1910 et
533 1883 675 1924 pacem
718 1873 758 1911 et
798 1869 1058 1911 concordiam
1092 1869 1155 1910 dei
1187 1869 1401 1924 reciperet.
1474 1868 1577 1911 Tota
1615 1869 1701 1910 vita
1730 1873 1873 1911 nostra

193 1942 254 1981 est
285 1940 510 1981 constituta
535 1938 574 1993 [7
583 1941 606 1980 8
619 1939 656 1994 b]
693 1944 733 1982 et
765 1940 980 1995 permissa,
1014 1944 1059 1981 ut
1090 1940 1365 1995 penitenciam
1387 1940 1586 1981 faciamus
1610 1943 1650 1981 et
1670 1940 1871 1994 vivamus,

121 2017 166 2051 25
194 2010 300 2052 unde
332 2010 512 2052 salvator
545 2011 663 2053 dicit:
703 2012 806 2053 Nolo
840 2016 1014 2054 mortem
1048 2011 1275 2066 peccatoris
1309 2014 1384 2052 313.
1453 2011 1508 2053 Ε1
1538 2011 1643 2065 ideo,
1677 2011 1872 2066 quamdiu

193 2082 330 2123 anima
361 2085 423 2124 est
453 2081 496 2123 in
529 2094 718 2137 corpore,
758 2087 946 2138 petamus
985 2083 1165 2136 veniam,
1209 2087 1249 2124 et
1280 2082 1605 2124 misericordiam
1641 2089 1681 2124 et
1712 2083 1871 2125 obtine-

194 2152 339 2194 bimus.
402 2151 495 2194 Joh.
519 2167 617 2195 xw:
660 2153 793 2196 Petite
833 2160 873 2197 et
913 2155 1136 2209 accipietis.
1211 2153 1289 2195 Sed
1322 2157 1450 2207 certe,
1492 2167 1583 2196 cum
1616 2154 1701 2196 vita
1730 2159 1873 2197 nostra

191 2223 316 2265 fuerit
354 2224 578 2266 terminata
616 2239 689 2280 per
730 2230 925 2279 mortem,
971 2230 1068 2267 tunc
1108 2239 1189 2267 11011
1229 2225 1308 2266 erit
1343 2229 1507 2280 tempus
1547 2226 1871 2268 misericordiam

193 2298 352 2349 petere3
394 2299 434 2336 et
464 2295 561 2337 licet
592 2297 838 2350 pecierimus
871 2310 950 2338 non
984 2297 1151 2338 daretur
1189 2296 1318 2338 nobis.
1381 2296 1492 2349 Ergo
1524 2297 1723 2339 faciamus
1756 2298 1870 2352 peni-

123 2370 168 2404 30
192 2365 385 2419 tenciam,
418 2366 614 2420 quamdiu
646 2380 787 2409 sumus
820 2367 861 2409 in
895 2368 970 2409 hac
1003 2368 1098 2410 vita.

868 2596 969 2639 CAP.
994 2597 1062 2639 99.
1096 2597 1198 2649 (91.)

499 2682 573 2726 De
608 2683 732 2727 virile·
759 2698 919 2743 pugmcz
961 2684 1127 2729 Christe·
1162 2691 1202 2729 et
1236 2685 1327 2745 ejus
1363 2686 1563 2730 victoria.

313 2789 439 2832 Cesar
478 2791 684 2844 regnavit,
726 2791 766 2832 111
800 2792 914 2846 cujus
946 2806 1071 2846 regno
1103 2797 1192 2835 erat
1224 2793 1390 2847 quidam
1422 2792 1540 2834 miles
1571 2806 1793 2845 generosus
1824 2807 1871 2835 ac

195 2860 334 2914 fortiS,
375 2861 443 2916 qui
483 2861 607 2903 semel
639 2875 712 2917 per
745 2863 950 2916 quoddam
981 2864 1179 2905 forestum
1212 2864 1440 2917 equitabat,
1482 2868 1523 2905 et
1554 2863 1743 2906 bufonem
1777 2878 1869 2905 eum

124 2936 169 2972 35
197 2936 387 2987 serpente
420 2933 524 2974 vidit
555 2946 759 2987 pugnare3
793 2933 864 2974 sed
896 2934 991 2975 bufo
1023 2934 1229 2990 prevaluit
1253 2938 1293 2976 et
1314 2938 1544 2990 serpentem
1569 2935 1731 2977 devicit.
1783 2934 1871 2976 Hoc
