1919 3157
851 68 930 108 561

54 185 90 217 et
127 190 338 230 nunquam
377 176 505 215 oculis
541 174 779 215 carnalibus
818 188 905 214 eum
948 174 1053 217 cidi,-
1095 174 1241 212 cadam
1275 173 1330 211 ad
1361 187 1449 212 eum
1481 181 1517 212 et
1548 187 1637 212 eum
1668 173 1729 212 vi-

54 246 165 287 debo.
223 245 429 287 Concludit
468 262 633 293 navem,
673 247 781 286 venit
822 246 862 284 in
896 243 1117 299 E'glz'ptum,
1157 245 1410 297 audiensque
1441 245 1596 283 amicus
1628 242 1728 296 ejus,

54 317 214 359 obviam
246 319 284 358 ei
308 319 494 372 perrari}
525 325 561 357 ct
592 332 679 357 cum
710 316 866 370 ²claudio
900 316 956 354 ad
987 316 1151 355 domum
1182 330 1299 354 suam
1331 314 1459 354 deurit.
1515 314 1637 355 Miles
1661 314 1731 355 ille

54 389 265 444 quandam
297 388 482 444 puellam
515 390 637 428 nimis
664 387 885 442 pulchram
916 388 960 426 in
993 387 1112 426 domo
1144 402 1220 425 sua
1251 384 1444 433 leabebat5
1486 399 1609 439 quam
1641 400 1731 425 cum

51 460 220 500 vidisset
264 460 379 500 miles
419 460 467 499 de
504 458 717 509 Baldaclz,
766 465 911 512 captus
951 465 1008 497 est
1047 458 1089 497 in
1127 457 1256 497 oculis
1296 456 1380 509 ejus
1422 465 1456 497 et
1492 471 1567 511 pre
1602 457 1730 497 nimio
1780 460 1802 495 5

53 545 192 571 amore
228 530 527 582 infirmabatur.
583 529 706 570 Miles
744 543 837 569 cero
876 529 924 568 cle
955 527 1110 582 Eyipto
1148 542 1238 567 cum
1270 527 1344 568 hoc
1370 529 1638 583 percepisset,
1674 528 1733 568 ait

52 602 110 642 ei:
149 599 391 653 Carissime,
432 602 499 642 dic
539 601 659 651 milti,
703 600 805 655 quid
842 598 918 639 tibi
952 599 1034 639 est?
1075 598 1131 639 At
1160 598 1251 639 ille:
1295 598 1370 640 Est
1395 599 1541 654 puella
1570 614 1655 639 una
1686 599 1732 639 in

53 673 172 714 domo
205 680 291 724 tua,
326 687 450 728 quam
482 673 688 712 desiderat
720 686 790 712 cor
819 685 952 711 meum
983 677 1068 711 tota
1091 677 1217 710 mente
1238 671 1458 721 intantum,
1493 671 1617 725 quod,
1650 670 1734 710 nisi

52 758 141 785 eam
171 742 371 795 habuero,
399 744 518 796 filius
552 744 693 784 mortis
723 757 813 782 sum
845 756 928 796 eqo.
978 740 1102 782 Miles
1134 756 1224 781 cum
1256 740 1330 782 Ιιοο
1361 742 1562 794 audisset,
1597 755 1732 782 omnes

51 814 240 856 mulieres
277 815 422 856 domus
461 829 531 855 sue
570 815 608 855 ei
645 814 819 854 ostendit
858 820 1024 867 accepta
1061 812 1137 853 illa
1160 812 1317 867 puella.
1370 811 1444 853 Ille
1475 828 1566 854 cum
1599 826 1733 853 omnes
1761 816 1803 850 10

51 886 242 938 vidisset,
283 886 471 927 aits‘De
511 884 698 927 omnibus
736 885 827 925 istis
862 899 1019 939 parum
1058 891 1129 924 aut
1163 883 1271 924 nilzil
1301 898 1421 933 curo,·
1461 884 1532 924 sed
1562 891 1620 924 est
1648 898 1733 924 una

53 957 154 1009 alia,
189 972 314 1013 quam
343 972 428 998 non
451 958 580 1008 video,
616 971 741 1012 quam
763 956 900 1010 diliyit
922 956 1065 996 anima
1084 969 1185 995 mea.
1238 954 1288 995 In
1305 955 1392 1008 fine
1412 955 1531 996 illam
1545 954 1733 1010 puellam

53 1030 92 1070 ei
121 1029 315 1078 ostendit3
350 1030 437 1069 visa
462 1029 607 1084 puella
638 1029 718 1068 ait:
760 1025 994 1078 Carisstme,
1027 1028 1073 1067 in
1103 1027 1185 1067 ista
1215 1026 1304 1067 sola
1335 1034 1416 1067 stat
1445 1041 1555 1067 mors
1588 1034 1624 1067 et
1648 1027 1734 1067 vita

52 1114 153 1141 mea.
210 1100 287 1141 Ait
321 1100 460 1141 miles:
501 1099 556 1141 Et
594 1115 666 1155 eyo
707 1100 797 1140 dico
840 1098 935 1150 tibi,
974 1099 1098 1138 istam
1137 1113 1163 1138 a
1184 1097 1399 1151 juventute
1429 1112 1506 1138 sua
1536 1099 1582 1138 in
1613 1098 1732 1138 domo

52 1185 144 1212 mea
171 1172 351 1223 nutrivi,
394 1171 450 1212 ad
479 1171 554 1212 lzoc
585 1178 630 1211 ut
660 1185 766 1211 uit-or
797 1185 888 1210 mea
919 1176 1037 1221 esset,
1079 1176 1115 1210 et
1145 1183 1237 1210 cum
1267 1184 1315 1210 ea
1344 1169 1534 1223 infinitas
1566 1169 1734 1210 divitias
1763 1171 1805 1205 15

54 1241 275 1284 obtinerem
283 1259 296 1292 ‚-
327 1250 605 1283 verumtamen
626 1249 784 1283 tantum
805 1249 842 1282 te
863 1241 1008 1296 diliqo,
1041 1248 1099 1292 ut,
1123 1248 1345 1295 antequam
1365 1241 1576 1292 moriaris,
1599 1241 1736 1295 ipsam

54 1313 132 1355 tibi
164 1315 211 1355 in
240 1328 411 1355 uaeorem
441 1314 615 1354 concedo
648 1329 739 1354 cum
771 1311 958 1354 omnibus
990 1312 1172 1363 divitiis,
1214 1326 1317 1367 quas
1351 1325 1422 1366 eqo
1453 1313 1634 1367 recipere
1665 1311 1734 1352 de-

54 1381 198 1426 berem.
252 1385 376 1426 Miles
406 1385 477 1426 hec
509 1385 681 1426 audiens
709 1385 880 1440 qai-isus
912 1390 970 1424 est
999 1383 1133 1434 valde,
1167 1397 1256 1424 eam
1285 1384 1333 1424 in
1362 1397 1533 1424 ultorem
1564 1383 1733 1438 accepit,

56 1471 147 1498 cum
186 1470 270 1512 qua
308 1457 476 1497 divitias
514 1456 664 1497 multas
701 1455 896 1507 obtinuit,
937 1461 975 1496 et
1003 1455 1063 1495 sic
1093 1455 1151 1495 ad
1174 1455 1364 1509 patriam
1395 1468 1514 1494 suam
1544 1452 1736 1494 Baldach,

55 1541 146 1568 cum
185 1526 356 1583 conjuqe
393 1543 469 1568 sua
506 1528 701 1583 perreoeit.
757 1526 861 1567 Post
897 1526 967 1567 hec
998 1526 1076 1566 cito
1108 1525 1224 1566 miles
1259 1522 1378 1578 [146]
1415 1526 1463 1566 de
1493 1524 1648 1580 Eqipto
1681 1524 1738 1565 ad
1761 1527 1806 1562 20

56 1605 268 1653 eyestatem
296 1614 492 1654 maqnam
516 1599 708 1654 pervenit
736 1599 962 1649 intantum,
1006 1597 1118 1651 quod
1146 1611 1220 1637 nec
1251 1597 1416 1637 domum
1445 1611 1518 1637 nec
1549 1596 1737 1651 aliquam

54 1683 141 1710 rem
170 1668 363 1719 habebat5
393 1671 507 1711 intra
538 1684 579 1710 se
610 1668 839 1723 coyitabat:
882 1665 1072 1723 [Pauper
1104 1682 1194 1708 sum
1225 1664 1336 1723 6903]
1372 1668 1428 1708 ad
1453 1682 1572 1723 quem
1594 1667 1736 1708 melius

50 1748 196 1796 potero
228 1742 432 1793 accedere,
466 1755 591 1796 quam
622 1741 678 1781 ad
708 1741 864 1781 socium
896 1754 1027 1780 meum
1062 1735 1141 1792 [de]
1176 1738 1390 1791 Baldacli,
1430 1753 1548 1794 quem
1579 1753 1649 1794 eqo
1682 1739 1738 1779 ad

57 1812 226 1853 divitias
267 1813 480 1867 promovi,
527 1820 563 1853 et
606 1813 695 1867 ipse
738 1825 800 1852 me
844 1812 891 1852 in
937 1817 1108 1865 eyestate
1151 1824 1243 1851 mea
1285 1810 1518 1866 respiciat?
1577 1809 1738 1852 Navem

57 1883 242 1925 ascendit
271 1891 307 1925 et
337 1885 448 1924 venit
476 1885 523 1923 in
553 1882 747 1923 Baldaclt
778 1883 835 1923 ad
866 1882 1079 1937 quandam
1117 1882 1320 1923 civitatem
1354 1890 1454 1937 post
1491 1882 1590 1923 solis
1622 1896 1738 1922 occa·
1763 1886 1808 1921 25

57 1969 162 2006 sum,
194 1955 239 1996 in
271 1969 355 2010 qua
384 1953 575 1995 manebat
605 1954 717 1994 dives
749 1954 884 1994 socius
916 1952 1024 2006 ejus5
1054 1954 1169 1994 intra
1199 1968 1239 1994 se
1270 1952 1498 2009 coqitabat:
1530 1952 1629 1994 Noae
1660 1960 1738 2002 est,·

57 2026 96 2066 si
130 2026 250 2067 modo
292 2026 349 2066 ad
387 2027 553 2067 domum
591 2027 695 2066 socii
730 2026 812 2065 mei
842 2038 1043 2080 peryam,
1084 2025 1283 2065 noticiam
1307 2010 1401 2066 'mei
1435 2038 1521 2066 non
1559 2023 1736 2076 habebit,

59 2098 161 2151 quia
190 2097 297 2138 male
326 2112 417 2137 sum
446 2098 614 2138 vestitus
646 2104 682 2138 et
710 2096 873 2136 nullum
902 2110 1058 2136 mecum
1078 2095 1220 2148 habeo,
1251 2094 1325 2136 ubi
1344 2095 1524 2137 solebam
1543 2109 1740 2150 ‘maynam

46 2167 269 2222 familiam
304 2168 451 2208 ducere
490 2176 527 2209 et
566 2167 753 2208 omnibus
793 2166 1046 2207 habundare.
1110 2166 1188 2208 Ait
1224 2168 1338 2208 intra
1383 2181 1445 2208 se:
1491 2166 1622 2208 Nocte
1657 2167 1741 2207 ista

61 2240 267 2294 quiescam
298 2247 335 2280 et
355 2240 420 2279 die
452 2240 635 2280 crastina
666 2240 722 2280 ad
753 2253 844 2280 eum
869 2252 1056 2293 perqam.
1098 2237 1297 2294 Respexit
1313 2253 1456 2279 versus
1478 2238 1736 2289 cimiterium,
1764 2243 1810 2278 30

58 2311 165 2351 vidit
204 2311 310 2351 ostia
348 2311 510 2350 ecclesie
550 2318 709 2365 aperta,
749 2311 944 2361 intravit,
985 2317 1031 2350 ut
1069 2317 1154 2351 tota
1191 2317 1307 2351 nocte
1345 2311 1576 2365 quiesceret.
1640 2306 1740 2349 Cum

61 2389 196 2422 autem
239 2380 302 2422 ibi
334 2381 493 2436 fuisset
535 2388 570 2421 et
616 2381 798 2422 dormire
839 2381 1021 2433 volebat,
1073 2377 1188 2434 [duo]
1235 2381 1281 2422 in
1320 2381 1465 2436 platea
1511 2380 1741 2420 adinvicem

55 2451 305 2508 puynabant
351 2460 388 2493 et
424 2467 532 2492 unus
579 2452 709 2492 alium
756 2453 924 2504 occidit,
971 2451 1209 2506 interfector
1253 2466 1348 2493 vero
1395 2452 1452 2492 ad
1496 2451 1741 2492 cimiterium

49 2523 172 2580 suqit
208 2531 246 2565 et
283 2538 332 2565 ea:
371 2523 459 2564 alia
490 2531 615 2578 parte
657 2524 792 2564 exivit.
856 2523 961 2563 Post
998 2522 1069 2563 hec
1108 2536 1202 2563 vero
1243 2522 1398 2564 elamor
1424 2522 1572 2577 factus
1609 2529 1666 2562 est
1695 2522 1740 2562 in

63 2596 248 2635 civitate:
289 2593 370 2635 Ubi
400 2602 456 2635 est
484 2593 736 2648 interfector,
769 2593 842 2634 ubi
861 2601 919 2634 est
945 2593 1153 2648 proditor,
1188 2595 1262 2648 qui
1281 2594 1484 2635 hominem
1510 2592 1741 2646 interfecit?
1765 2599 1810 2634 35

62 2665 122 2712 At
151 2665 246 2706 ille:
284 2665 376 2720 Eyo
408 2679 522 2716 sum,
565 2666 740 2720 accipite
770 2679 832 2705 me
864 2671 901 2704 et
929 2665 976 2704 in
1000 2663 1238 2719 patibulum
1268 2679 1331 2705 me
1361 2664 1618 2720 suspendite!
1667 2662 1743 2704 Illi

61 2751 210 2777 manus
239 2738 286 2777 in
316 2751 407 2777 eum
436 2735 663 2788 injecerunt
695 2743 731 2776 et
756 2749 836 2790 per
867 2743 994 2776 totam
1024 2743 1182 2776 noctem
1211 2736 1257 2776 in
1281 2749 1442 2776 carcere
1472 2734 1737 2775 incluserunt.

63 2806 191 2848 Mane
220 2821 314 2848 vero
347 2822 554 2862 campana
585 2807 763 2847 civitatis
795 2813 883 2846 erat
911 2805 1094 2860 pulsata,
1122 2805 1256 2859 judea:
1287 2815 1431 2847 contra
1463 2819 1553 2846 eum
1583 2812 1740 2846 senten-

63 2878 165 2919 tiam
195 2878 321 2930 dedit,
354 2887 391 2920 et
419 2878 539 2918 illum
570 2878 626 2918 ad
656 2877 924 2932 suspendium
955 2876 1170 2918 duaerunt.
1213 2876 1328 2918 Inter
1358 2876 1477 2928 alios,
1512 2877 1586 2930 qui
1615 2876 1742 2917 secuti

48 2956 159 2990 -sunt
189 2963 299 3001 eum,
341 2956 428 2990 erat
464 2949 581 2989 miles
612 2949 747 2989 socius
779 2947 886 3002 ejus,
925 2947 982 2987 ad
1013 2961 1130 3002 quem
1160 2955 1338 2988 venerat.
1393 2946 1493 2988 Cum
1523 2961 1617 2988 vero
1650 2961 1741 2987 eum
1763 2955 1810 2991 40

125 3028 346 3066 Oesterley.
371 3029 461 3057 Gesta
481 3028 691 3056 Romanorum.
1415 3021 1461 3056 36

1579 3081 1585 3096 Ι
