1949 3162
1031 66 1116 106 446

242 173 453 224 accedere,
503 171 571 213 sed
611 171 800 213 virtutem
841 171 1048 225 paciencie
1086 169 1230 211 tribue.
1286 168 1359 210 Cui
1397 169 1608 210 dominus:
1649 169 1771 224 Esto,
1809 170 1905 224 quia

241 244 379 298 gracia
426 255 516 284 mea
561 242 762 283 custodiet
807 241 965 282 animas
1012 244 1181 282 vestras.
1252 238 1399 293 Sicque
1452 240 1640 281 dominus
1684 241 1727 282 in
1772 240 1904 283 celum

243 313 444 365 ascendit,
487 316 527 354 et
557 312 802 353 Eustachius
834 311 943 352 domi
975 311 1137 352 rediens
1170 310 1241 351 hec
1273 311 1390 352 uxori
1423 324 1493 353 sue
1531 311 1753 352 nunciavit.
1807 309 1907 352 Post

242 397 392 440 paucos
424 384 550 435 igitur
581 383 666 425 dies
698 396 806 423 mors
839 382 1034 436 pestifera
1065 385 1230 422 cunctos
1264 394 1401 423 servos
1433 386 1473 424 et
1504 381 1672 424 ancillas
1694 382 1846 423 invasit
1866 385 1907 423 et

196 463 217 496 5
242 456 453 497 universos
486 454 654 504 occidit3
687 453 831 494 deinde
863 456 957 506 post
988 465 1137 506 paucos
1171 451 1271 493 alios
1303 452 1388 494 dies
1421 465 1561 494 omnes
1593 452 1687 506 equi
1709 456 1750 494 et
1769 452 1908 494 omnia

243 527 328 580 ejus
359 538 507 580 pecora
537 525 670 566 subito
703 524 958 565 interierunt.
1007 523 1178 572 Quidam
1213 527 1346 564 autem
1380 523 1570 565 scelestes
1601 524 1687 577 ejus
1708 522 1907 578 depreda-

242 597 399 638 cionem
432 595 615 637 videntes
648 598 687 636 et
718 608 790 649 per
821 598 982 636 noctem
1013 594 1055 635 in
1088 593 1253 634 domum
1285 594 1370 647 ejus
1401 594 1603 636 irruentes
1634 597 1793 647 cuncta,
1829 606 1907 647 que

242 667 512 722 reperierunt,
545 669 859 720 asportaverunt
891 669 931 707 et
960 668 1088 706 totam
1121 664 1285 705 domum
1319 678 1416 706 auro
1450 668 1490 707 et
1521 668 1689 718 argento
1719 667 1761 707 et
1786 663 1908 706 rebus

243 738 334 779 aliis
366 737 666 792 spoliaverunt,
707 739 747 777 et
786 737 874 790 ipse
905 749 994 777 cum
1029 748 1156 776 uxore
1189 748 1263 776 sua
1293 741 1334 777 et
1363 735 1457 777 filiis
1488 736 1646 789 gracias
1678 735 1752 778 deo
1784 747 1908 788 agens

176 818 218 851 10
243 813 361 850 nocte
383 807 516 849 nudus
540 807 708 860 aufugit.
749 805 824 856 Qui
846 806 1037 848 ruborem
1060 810 1245 847 verentes
1266 806 1463 862 Egiptum
1485 806 1723 862 pergebant,
1743 810 1910 859 totaque

244 880 330 933 ejus
369 879 572 934 possessio
612 891 685 932 per
722 877 910 932 rapinam
951 877 1151 918 malorum
1184 877 1234 918 ad
1266 877 1462 919 nichilum
1493 882 1556 920 est
1591 877 1769 920 redacta.
1822 875 1910 918 Rex

245 955 378 992 autem
418 954 608 1003 totusque
646 952 810 990 senatus
851 961 924 1002 pro
965 948 1161 1001 magistro
1200 948 1376 990 militum
1415 953 1498 990 tam
1539 952 1704 991 strenuo
1734 947 1908 990 multum

245 1021 436 1063 dolebant
475 1034 540 1073 eo,
581 1019 687 1073 quod
726 1019 881 1060 nullum
920 1018 1114 1060 indicium
1155 1019 1204 1060 de
1242 1033 1288 1061 eo
1327 1020 1508 1074 reperire
1546 1022 1748 1075 poterant.
1806 1017 1909 1060 Cum

245 1096 380 1134 autem
412 1092 491 1133 iter
523 1094 709 1143 agerent,
744 1089 1179 1144 appropinquaverunt
1208 1090 1313 1132 mari
1345 1094 1385 1132 et
1414 1091 1668 1133 invenientes
1699 1089 1837 1131 navim
1867 1089 1910 1131 in

179 1171 220 1205 15
246 1177 293 1205 ea
324 1162 518 1215 navigare
551 1165 758 1216 ceperunt.
800 1160 952 1202 Videns
985 1166 1119 1202 autem
1143 1161 1331 1202 dominus
1353 1162 1468 1203 navis
1490 1175 1661 1203 uxorem
1684 1159 1910 1214 Eustachii,

245 1234 350 1288 quod
383 1233 555 1288 pulchra
586 1236 705 1285 esset,
737 1232 859 1273 nimis
886 1232 1018 1286 ipsam
1041 1231 1190 1273 habere
1221 1232 1480 1274 desideravit.
1528 1231 1630 1274 Cum
1661 1245 1757 1274 vero
1777 1236 1912 1273 trans-

244 1305 476 1357 fretassent,
502 1303 666 1344 naulum
695 1303 744 1344 ab
763 1303 820 1344 eis
839 1303 1048 1355 exigebat3
1074 1316 1155 1343 non
1183 1302 1425 1344 habentibus
1447 1303 1541 1356 illis,
1565 1303 1672 1345 unde
1693 1302 1911 1355 solverent,

240 1376 364 1430 jussit
396 1373 516 1428 [9032]
551 1388 624 1429 pro
655 1374 777 1415 naulo
809 1374 985 1415 retinere
1017 1387 1188 1415 uxorem
1220 1373 1441 1428 volensque
1472 1387 1561 1416 eam
1591 1387 1728 1416 secum
1749 1373 1911 1415 habere.

246 1446 360 1496 Quod
393 1450 438 1487 ut
467 1444 714 1487 Eustachius
748 1445 922 1496 audivit,
960 1445 1193 1486 nullatenus
1225 1446 1455 1487 consentire
1485 1445 1634 1497 voluit;
1674 1458 1719 1487 eo
1752 1447 1913 1486 contra-

178 1525 222 1558 20
247 1517 406 1559 dicente
437 1517 572 1557 innuit
604 1516 792 1557 dominus
825 1516 962 1556 nautis
995 1516 1091 1568 suis,
1124 1520 1169 1557 ut
1200 1529 1291 1557 eum
1324 1516 1364 1556 in
1388 1530 1499 1558 mare
1531 1516 1838 1571 precipitarent,
1868 1518 1915 1556 ut

247 1588 304 1630 sic
342 1601 512 1629 uxorem
551 1600 665 1628 suam
699 1586 847 1628 babere
889 1587 1029 1640 possit.
1082 1586 1197 1636 Quod
1233 1599 1324 1627 cum
1355 1586 1602 1628 Eustachius
1631 1586 1914 1641 comparisset,

247 1672 417 1700 uxorem
450 1659 507 1700 eis
539 1658 670 1699 tristis
700 1657 868 1711 reliquit
899 1661 939 1698 et
970 1657 1070 1698 duos
1101 1657 1276 1699 infantes
1309 1659 1514 1713 accipiens
1536 1658 1807 1711 ingemiscens
1829 1656 1916 1699 ibat

248 1730 408 1772 dicens:
449 1729 506 1770 Ve
539 1729 662 1770 michi
695 1732 735 1770 et
765 1728 902 1780 vobis,
936 1728 1032 1782 quia
1062 1733 1194 1770 mater
1225 1732 1362 1771 vestra
1393 1729 1620 1782 alienigene
1651 1729 1800 1771 marito
1829 1732 1915 1770 tra-

248 1801 333 1842 dita
371 1804 452 1846 est:
492 1800 815 1854 perveniensque
855 1799 905 1840 ad
945 1799 1148 1852 quendam
1185 1798 1354 1841 fluvium
1397 1804 1564 1855 propter
1606 1813 1805 1855 aquarum
1843 1799 1916 1841 ha-

180 1879 224 1912 25
248 1871 518 1913 bundanciam
552 1884 632 1911 non
666 1875 727 1912 est
759 1883 880 1911 ausus
913 1883 1004 1911 cum
1038 1870 1194 1912 duobus
1226 1870 1320 1912 filiis
1352 1869 1502 1913 flumen
1534 1871 1804 1927 pertransire,
1844 1870 1914 1912 sed

249 1955 328 1984 uno
371 1942 478 1983 circa
517 1942 649 1996 ripam
688 1940 868 1982 fluminis
911 1941 1052 1982 relicto
1099 1942 1272 1983 alterum
1319 1941 1639 1997 transportabat.
1701 1941 1778 1992 Qui
1823 1954 1912 1983 cum

248 2012 415 2054 fluvium
438 2012 759 2065 transfretasset,
792 2012 905 2053 illum
928 2012 1141 2065 infantem,
1175 2025 1294 2065 quem
1321 2012 1586 2066 baleaverat,
1618 2026 1743 2068 super
1761 2016 1915 2054 terram

251 2084 387 2138 posuit
418 2087 458 2124 et
489 2083 539 2124 ad
562 2083 843 2137 accipiendum
877 2082 1002 2123 alium
1033 2083 1255 2124 festinavit.
1303 2082 1403 2124 Cum
1438 2088 1572 2126 autem
1606 2085 1716 2126 circa
1736 2083 1916 2125 medium

249 2153 428 2196 fluminis
461 2154 727 2208 pervenisset,
761 2166 852 2195 ecce
882 2153 1003 2208 lupus
1026 2154 1206 2195 concitus
1237 2155 1350 2195 venit
1380 2158 1420 2196 et
1450 2155 1662 2208 infantem,
1695 2167 1812 2209 quem
1847 2154 1916 2196 de-

181 2232 226 2266 30
250 2228 462 2280 posuerat,
502 2225 666 2279 rapiens
706 2224 747 2265 in
788 2224 933 2265 silvam
971 2224 1087 2277 fugit.
1136 2224 1212 2274 Qui
1252 2224 1300 2266 de
1339 2239 1386 2267 eo
1425 2225 1666 2281 desperatus
1708 2226 1759 2267 ad
1791 2225 1914 2266 alium

249 2296 477 2343 festinavit:
519 2295 590 2337 sed
628 2309 718 2337 cum
758 2295 909 2348 abiret,
947 2295 1010 2337 leo
1050 2296 1215 2337 advenit
1246 2299 1286 2337 et
1317 2296 1490 2338 alterum
1522 2297 1719 2339 infantem
1750 2296 1916 2351 rapiens

252 2367 364 2420 abiit,
397 2366 504 2407 unde
536 2379 626 2408 eum
660 2366 774 2420 sequi
805 2380 885 2407 non
919 2366 1070 2419 valens,
1103 2380 1195 2407 cum
1227 2371 1335 2408 esset
1361 2367 1404 2408 in
1426 2368 1560 2409 medio
1580 2367 1776 2421 fluminis,
1809 2366 1918 2421 cepit

251 2437 445 2492 plangere
478 2441 518 2478 et
547 2437 715 2491 capillos
748 2451 841 2478 suos
874 2437 1059 2490 evellere,
1097 2437 1235 2479 volens
1267 2451 1310 2480 se
1340 2438 1383 2479 in
1415 2451 1562 2492 aquam
1594 2438 1806 2494 projicere,
1836 2436 1917 2479 nisi

251 2509 386 2563 ipsum
435 2507 572 2548 divina
624 2507 884 2562 providencia
937 2512 1230 2550 conservasset.
1304 2508 1494 2551 Pastores
1546 2514 1681 2551 autem
1732 2508 1917 2554 videntes

183 2583 227 2617 35
251 2578 410 2620 leonem
444 2591 614 2633 puerum
648 2591 773 2618 unum
804 2582 1037 2632 portantem
1070 2592 1162 2620 eum
1194 2593 1283 2621 cum
1307 2579 1475 2621 canibus
1500 2580 1673 2621 insecuti
1704 2582 1811 2632 sunt,
1843 2591 1918 2634 per

253 2649 434 2690 divinam
467 2652 601 2690 autem
635 2648 984 2703 dispensacionem
1021 2649 1083 2691 leo
1115 2663 1286 2704 puerum
1317 2650 1477 2692 illesum
1510 2650 1704 2704 abjiciens
1735 2650 1916 2692 recessit.

253 2718 425 2769 Quidam
458 2720 626 2773 insuper
660 2723 839 2760 aratores
873 2724 965 2773 post
985 2720 1126 2775 lupum
1151 2721 1376 2762 clamantes
1407 2721 1457 2762 de
1479 2720 1563 2774 ejus
1584 2720 1769 2762 faucibus
1791 2720 1916 2762 alium

253 2803 427 2845 puerum
458 2789 702 2831 incolumem
733 2789 973 2832 liberabant.
1028 2790 1200 2845 Utrique
1239 2804 1334 2833 vero
1366 2795 1551 2846 pastores
1583 2794 1624 2833 et
1654 2795 1837 2833 aratores
1867 2790 1918 2832 de

254 2873 334 2902 nno
355 2861 445 2902 vico
475 2860 641 2902 fuerunt
672 2863 711 2901 et
732 2873 856 2914 penes
879 2875 922 2903 se
944 2875 1092 2916 pueros
1113 2862 1358 2904 nutrierunt.
1399 2861 1487 2903 Hoc
1514 2865 1651 2904 autem
1670 2860 1916 2904 Eustachius

347 2941 368 2975 9
394 2941 517 2985 agens]
544 2947 628 2987 orz'q.
647 2943 805 2984 agentes.
