1919 3157
874 63 958 105 295

79 169 201 222 videt,
234 168 304 211 sed
337 168 545 221 cathenas,
581 169 749 211 vulnera
782 174 821 210 et
854 169 1056 218 miserias,
1089 172 1129 210 et
1158 169 1247 210 ideo
1277 169 1327 210 ad
1355 183 1445 210 eum
1471 183 1640 224 pergere
1665 170 1753 212 volo

77 243 118 282 et
148 240 283 295 ipsum
318 239 530 282 redimere.
578 239 631 281 Et
664 241 721 282 sic
754 240 905 282 factum
940 245 1014 293 est,
1049 239 1154 282 unde
1187 253 1327 282 omnes
1358 239 1485 282 tilium
1516 240 1752 294 laudabant,

76 311 172 366 quia
203 311 260 352 sic
294 324 366 366 pro
399 311 686 366 redempcione
719 312 848 366 patris
880 311 1095 353 laboravit.

195 379 515 436 [Moralizacio]
571 381 805 435 Car-issimi,
851 383 1075 437 imperator
1107 383 1184 424 iste
1217 385 1279 424 est
1311 386 1428 437 pater
1460 382 1642 435 celestiS,
1684 383 1753 438 qui

75 453 219 495 statuit
250 466 323 508 pro
355 453 464 507 lege,
508 451 628 507 [lab]
665 454 771 508 quod
811 453 882 495 filii
923 457 1114 508 parentes
1155 456 1387 496 sustentent
1419 453 1459 494 in
1492 454 1681 495 omnibus
1714 458 1754 496 et
1778 461 1799 494 5

75 524 134 567 eis
166 524 369 567 obediant.
419 524 498 566 Sed
532 525 623 578 quis
656 529 717 566 est
749 533 867 580 pater
900 528 1038 566 noster
1065 528 1105 566 et
1127 524 1285 566 mater?
1333 523 1452 567 Certe
1475 529 1592 580 pater
1613 528 1754 567 noster

75 594 262 638 Christus
294 600 368 638 est.
416 595 582 637 Denter.
611 609 761 637 xxxu:
794 595 1003 650 Numquid
1037 608 1115 637 non
1150 595 1228 637 iste
1261 599 1323 637 est
1355 599 1473 650 pater
1495 596 1616 638 tuus?
1661 596 1753 652 Ipse

74 666 196 709 babet
227 667 279 709 ad
309 680 383 708 nos
406 665 595 708 affectum
620 672 851 722 paternum,
885 680 965 708 non
994 670 1240 709 maternum.
1291 666 1427 721 Scitis,
1462 667 1568 721 quod
1591 667 1753 721 quando

74 751 178 793 puer
209 737 525 792 transgreditur,
558 742 676 793 pater
707 738 807 780 dure
840 752 932 779 eum
965 739 1146 791 corrigit,
1180 737 1369 780 verberat
1397 742 1437 780 et
1457 737 1650 792 flagellat,
1683 738 1755 781 sed

72 813 205 851 mater
242 809 390 852 leniter
429 808 603 851 dulciter
643 813 682 851 et
722 810 903 851 suaviter
935 813 1096 851 tract-at.
1151 808 1340 851 Christus
1381 814 1517 852 autem
1551 810 1755 865 permittit
1782 815 1824 848 10

72 893 146 922 nos
177 879 375 934 flagellari
409 884 449 922 et
480 881 785 935 perangustiari
818 885 989 936 propter
1021 881 1204 923 defectus
1236 884 1412 934 nostros,
1445 885 1659 936 tamquam
1681 893 1754 936 pa-

71 955 135 993 ter
165 956 305 994 noster
336 951 585 1007 spiritualis,
625 952 696 994 sed
729 956 861 994 mater
892 956 1033 994 nostra
1065 956 1126 994 est
1166 952 1343 994 mundus
1377 952 1476 1005 iste,
1518 952 1588 1006 qui
1620 951 1755 994 dulcia

71 1021 190 1065 nobis
228 1024 435 1079 promittit
475 1027 515 1065 et
554 1023 826 1066 delectabilia.
882 1023 963 1066 Sed
996 1027 1113 1079 pater
1153 1026 1293 1065 noster
1334 1037 1505 1078 peregre
1544 1023 1753 1079 profectus

72 1098 155 1148 est,
195 1094 303 1137 unde
343 1093 585 1137 Psalmista:
626 1095 861 1138 Extraneus
899 1095 1032 1136 factus
1072 1108 1161 1137 sum
1201 1095 1399 1137 fratribus
1439 1095 1554 1137 meis.
1607 1094 1755 1138 Adhuc

71 1164 259 1208 Christus
291 1166 443 1220 ligatur
474 1165 718 1220 flagellatur,
751 1180 833 1208 non
866 1167 908 1208 in
940 1180 996 1219 se,
1030 1166 1100 1209 sed
1135 1167 1177 1208 in
1200 1166 1284 1208 suis
1309 1166 1505 1208 membris
1528 1166 1753 1208 secundum
1780 1173 1823 1208 15

71 1236 300 1292 apostolum
336 1237 386 1279 ad
418 1237 623 1279 Hebreos:
664 1237 904 1292 Quicunque
938 1242 1000 1280 est
1030 1238 1072 1279 in
1107 1242 1274 1292 peccato
1308 1236 1494 1290 mortali,
1526 1236 1616 1292 ipse
1641 1237 1755 1292 jacet

69 1308 112 1350 in
133 1321 296 1351 carcere
317 1308 483 1362 diaboli,
506 1309 577 1351 sed
600 1313 718 1364 pater
739 1313 879 1351 noster
901 1308 1002 1363 vult,
1033 1313 1077 1351 ut
1097 1309 1331 1351 laboremus
1354 1321 1427 1364 pro
1449 1308 1750 1364 redempcione.

69 1378 186 1422 Unde
217 1379 327 1423 Luce
358 1394 445 1422 xn:
486 1379 637 1433 Sinite,
672 1381 805 1435 inquit
846 1381 1057 1434 dominus,
1100 1380 1274 1436 sepelire
1306 1383 1490 1422 mortuos
1524 1382 1639 1423 suos!
1691 1380 1753 1423 Tu

69 1455 206 1494 autem
238 1451 342 1494 vade
382 1456 422 1494 et
459 1452 665 1494 annuncia
703 1465 873 1505 regnum
913 1452 980 1494 dei
1019 1455 1060 1494 et
1091 1452 1167 1494 hoc
1199 1455 1262 1494 est
1293 1451 1503 1493 Christum
1535 1452 1749 1495 redimere.

69 1521 323 1578 Quicumque
355 1524 461 1566 enim
485 1523 695 1565 fructuose
720 1524 886 1566 verbum
911 1523 976 1565 dei
1000 1524 1199 1579 predicat,
1232 1523 1415 1565 lucratur
1437 1523 1607 1566 fratrem
1632 1537 1749 1566 suum
1776 1533 1821 1568 20

69 1598 110 1637 et
146 1594 314 1637 redimit
349 1595 391 1636 in
432 1595 561 1636 fratre
601 1593 825 1637 Christum.
889 1593 1034 1636 Matth.
1069 1608 1169 1636 xx1:
1211 1594 1328 1644 Quod
1365 1594 1438 1636 uni
1477 1608 1527 1637 ex
1567 1595 1750 1638 minimis

68 1666 171 1708 meis
202 1666 378 1718 fecistis,
417 1666 542 1708 michi
573 1666 741 1708 fecistis.
797 1666 876 1708 Sed
917 1669 1049 1708 mater
1089 1667 1114 1708 i.
1139 1679 1172 1708 e.
1206 1665 1384 1707 mundus
1422 1679 1504 1708 non
1546 1667 1752 1722 permittit

67 1736 274 1779 hominem
307 1738 423 1792 sequi
444 1736 652 1779 Christum
687 1738 727 1779 in
760 1742 1017 1794 paupertate,
1051 1737 1122 1780 sed
1146 1738 1353 1793 promittit
1384 1737 1548 1780 diversa
1579 1742 1619 1780 et
1651 1737 1749 1781 alle—

66 1812 157 1862 gat:
191 1808 282 1850 Non
313 1822 481 1864 possum
513 1809 650 1851 vivere
681 1809 723 1851 in
758 1809 1024 1863 abstinencia,
1057 1809 1091 1851 si
1124 1808 1252 1863 eligas
1286 1809 1393 1850 viam
1428 1809 1671 1864 penitencie,
1703 1813 1749 1851 ut

68 1879 254 1934 sequaris
286 1879 508 1922 Christum.
557 1880 612 1923 Et
643 1880 702 1923 sic
734 1880 783 1922 de
816 1880 970 1933 multis,
1004 1894 1082 1935 que
1112 1880 1269 1922 homini
1297 1880 1505 1936 proponit.
1554 1879 1634 1922 Sed
1665 1894 1747 1922 non
1772 1889 1817 1924 25

66 1951 304 1993 consencias
337 1951 393 1994 ei!
441 1951 547 1994 Vere
579 1955 712 1994 mater
733 1951 813 1994 ista
834 1965 928 1994 ceca
951 1955 1025 1994 est.
1072 1951 1167 2007 Ipsa
1189 1951 1297 1994 dicet
1317 1952 1413 1994 tibi:
1449 1951 1566 2005 Veni,
1597 1951 1745 2006 inquit,

67 2035 141 2076 ego
173 2036 263 2065 sum
296 2036 479 2078 presens.
527 2022 730 2065 Fruamur
763 2023 882 2065 bonis
915 2036 992 2077 que
1024 2027 1132 2077 sunt,
1166 2027 1207 2065 et
1237 2028 1403 2065 utamur
1431 2027 1620 2066 creatura
1641 2027 1746 2066 tam-

66 2107 189 2149 quam
221 2094 262 2136 in
289 2095 506 2148 juventute
538 2094 736 2137 celeriter.
788 2094 868 2137 Sed
901 2095 1127 2148 carissime,
1161 2095 1195 2136 si
1227 2098 1272 2136 tu
1305 2108 1346 2137 es
1380 2094 1510 2137 bonus
1542 2098 1583 2137 et
1604 2099 1745 2149 gratus

65 2164 187 2219 filius,
219 2165 423 2221 responde
455 2166 513 2208 sic
543 2166 667 2208 matri
699 2167 724 2208 i.
749 2179 782 2208 e.
816 2165 991 2208 mundo:
1034 2165 1155 2208 Pater
1196 2179 1311 2208 meus
1345 2170 1406 2208 est
1437 2179 1561 2208 causa
1591 2166 1745 2221 princi-

65 2237 171 2292 palis
203 2237 485 2291 generacionis
524 2250 613 2279 mee
652 2238 678 2279 i.
703 2251 736 2279 e.
772 2237 911 2279 anima
950 2240 990 2279 et
1028 2237 1166 2279 omnia
1199 2252 1276 2292 que
1307 2237 1437 2280 habeo
1471 2237 1521 2279 ad
1556 2237 1642 2291 ejus
1676 2251 1743 2279 vo·
1768 2246 1814 2281 30

64 2308 265 2351 luntatem
299 2312 414 2360 sunt;
455 2308 526 2350 sed
558 2312 690 2350 mater
728 2312 790 2351 est
820 2321 945 2350 causa
976 2309 1220 2351 secundaria
1257 2309 1282 2351 i.
1308 2322 1341 2351 e.
1377 2309 1543 2365 paciens
1574 2309 1651 2352 hoc
1681 2313 1745 2352 est

65 2379 214 2422 divicie
245 2383 286 2422 et
317 2379 511 2435 superbia
541 2379 661 2433 hujus
690 2379 845 2421 mundi.
893 2379 1085 2433 Consulo,
1118 2383 1264 2422 utnon
1288 2381 1535 2436 exspectetis
1557 2384 1743 2424 senectu-

65 2455 148 2494 tem
180 2451 224 2493 in
255 2463 402 2506 penam
435 2454 476 2492 et
507 2451 742 2504 cecitatem,
786 2451 883 2505 quia
921 2451 963 2492 in
996 2454 1205 2494 senectute
1243 2451 1420 2494 mundus
1453 2452 1657 2507 relinquet
1687 2455 1742 2506 te,

64 2526 110 2564 tu
150 2535 232 2564 non
270 2522 482 2564 mundum.
537 2520 579 2563 Si
620 2521 780 2564 diucius
818 2522 952 2577 possis
993 2523 1146 2565 servire
1185 2523 1284 2577 sibi,
1325 2523 1416 2578 ipse
1453 2528 1492 2566 te
1531 2524 1739 2566 retineret.

65 2592 312 2636 Studeamus
345 2606 440 2647 ergo
473 2606 565 2634 cum
598 2593 709 2634 omni
741 2592 960 2647 diligencia
990 2594 1118 2636 vitam
1151 2598 1335 2636 nostram
1368 2595 1599 2650 emendare,
1632 2596 1741 2651 quod
1765 2602 1810 2636 35

64 2665 292 2721 poterimus
324 2664 376 2706 ad
408 2665 535 2706 vitam
569 2667 752 2706 eternam
785 2665 1014 2720 pervenire.
1061 2665 1129 2707 Ad
1151 2679 1271 2720 quam
1302 2679 1375 2708 nos
1407 2667 1605 2722 perducat
1625 2667 1738 2722 deus,

67 2736 137 2792 qui
169 2736 272 2778 vivit
303 2739 343 2778 et
374 2739 522 2789 regnat
553 2735 790 2778 benedictus
822 2736 864 2777 in
896 2735 1045 2778 secula.
1093 2736 1239 2779 Amen.

158 2829 177 2863 7
204 2828 285 2872 iste]
312 2834 396 2874 oriy.
414 2828 502 2872 ipse.
