1919 3157
902 78 985 119 633

108 174 392 220 densissimam
439 179 565 222 intrat
609 186 649 224 et
694 183 750 224 ita
789 197 831 225 se
871 197 894 226 a
936 185 1139 241 buphonis
1181 187 1340 230 insidiis
1380 191 1557 233 custodit
1599 197 1639 234 et
1679 206 1773 235 con-

106 251 254 289 servat.
1290 261 1306 277 ¹⁹

222 319 294 360 Ad
325 325 597 377 propos-itum.
656 323 731 366 Per
765 326 1048 382 pbylomenam
1090 330 1228 372 anima
1259 330 1389 373 fidelis
1421 333 1664 387 intelligitur
1696 349 1773 390 que

104 394 241 432 creata
275 396 334 432 est
369 397 413 434 ut
444 393 562 435 deum
597 409 713 437 suum
748 411 819 452 per
844 399 983 453 jugem
1018 401 1401 456 contemplationem
1444 409 1484 446 et
1515 405 1769 449 devotionem

103 459 253 503 laudet.
309 461 387 504 Sed
421 465 553 507 anime
586 467 642 509 sic
675 467 792 509 deum
826 469 1009 512 laudanti
1042 471 1258 514 insidiatur
1290 473 1425 528 bupbo
1458 476 1482 516 i.
1508 489 1540 517 e.
1574 477 1771 532 dyabolus

103 533 170 586 qui
210 534 252 574 in
290 533 388 576 locis
428 535 637 579 obscburis
677 538 777 581 latet
817 541 840 582 i.
866 555 898 583 e.
939 543 980 584 in
1013 543 1170 586 inferno
1211 548 1251 586 et
1289 545 1374 598 ejus
1407 545 1604 589 habitatio
1637 553 1698 590 est
1730 549 1768 591 in

101 603 291 646 cordibus
325 611 603 661 peccatorum,
638 613 681 651 ut
713 623 779 652 eos
820 612 1048 656 absorbeat.
1105 614 1219 657 Tune
1251 615 1388 658 anima
1419 631 1469 659 ne
1501 618 1550 660 ab
1582 619 1672 675 ipso
1705 633 1770 662 ca-

101 674 238 729 piatur
270 676 397 718 int-rat
429 678 572 720 rubum
606 680 630 721 i.
656 694 687 722 e.
724 695 911 737 asperam
935 686 1060 727 vitam
1094 687 1337 741 penitencie,
1371 693 1416 730 ut
1447 689 1618 732 evadere
1640 692 1772 746 possit

100 744 270 788 insidias
303 752 343 790 et
371 747 537 805 laqueos
570 750 746 808 dyaboli.

761 973 865 1029 229,
898 987 1002 1030 app.
1026 976 1097 1020 33.

211 1068 381 1123 Legitur
418 1071 467 1113 de
508 1073 681 1126 quodam
717 1075 840 1129 judeo
880 1077 987 1130 quod
1028 1078 1175 1121 cecidit
1211 1079 1253 1121 in
1291 1079 1471 1122 cloacam
1510 1081 1574 1123 die
1606 1082 1766 1125 sabbati

96 1144 137 1182 et
166 1139 296 1183 voluit
333 1142 398 1184 die
438 1145 623 1197 sequenti
655 1146 836 1199 extrahi,
876 1147 952 1190 hoe
983 1153 1045 1191 est
1084 1149 1148 1192 die
1187 1150 1410 1204 dominico;
1450 1153 1518 1194 sed
1551 1166 1624 1194 rex
1656 1158 1765 1196 terre

94 1210 204 1253 illius
236 1212 368 1267 ipsum
404 1214 534 1256 etrahi
567 1229 647 1257 non
670 1218 859 1272 permisit
883 1219 1039 1261 dicens:
1073 1220 1160 1262 heri
1187 1224 1366 1265 servavit
1390 1223 1606 1266 sabbatum
1630 1238 1764 1295 suum,

93 1281 213 1325 hodie
252 1285 454 1327 custodiet
490 1300 638 1329 meum.
695 1288 773 1331 Per
806 1290 987 1341 judicem
1030 1292 1200 1346 quilibet
1238 1299 1426 1349 peccator
1466 1296 1534 1349 qui
1566 1309 1646 1338 non
1679 1297 1768 1340 vult

94 1351 205 1396 exire
236 1354 278 1396 in
311 1355 376 1398 die
409 1357 489 1399 vite
522 1372 592 1400 sue
624 1361 827 1414 presentis
858 1362 1017 1404 foveam
1050 1364 1246 1407 viciorum
1279 1366 1322 1408 in
1345 1380 1464 1420 quam
1489 1368 1692 1410 sentinam
1726 1375 1767 1411 et

92 1425 399 1469 immundiciam
439 1429 586 1471 cecidit
623 1443 713 1473 cum
756 1437 967 1486 peccatum
1007 1436 1235 1489 commisit,
1278 1441 1318 1479 et
1356 1437 1421 1479 hic
1458 1439 1500 1480 in
1532 1439 1598 1481 die
1628 1440 1766 1482 future

90 1509 172 1538 non
202 1499 456 1553 permittitur
488 1501 599 1543 exire
631 1502 680 1544 de
713 1505 891 1558 peccatis
923 1505 956 1546 si
988 1505 1030 1547 in
1063 1506 1120 1547 eis
1152 1511 1338 1551 mortuus
1370 1509 1507 1564 fuerit,
1541 1515 1582 1554 et
1613 1515 1709 1554 tune
1742 1525 1766 1554 a

89 1581 185 1623 rege
215 1569 354 1613 celesti
385 1571 766 1629 condempnabitur.

753 1795 859 1850 ⁶230,
893 1808 996 1852 app.
1020 1796 1091 1840 34.

202 1891 346 1936 Puella
378 1894 550 1948 quedam
583 1909 740 1952 pauper
772 1895 934 1952 leprosa
966 1902 1066 1952 erat,
1101 1913 1177 1954 que
1208 1901 1342 1943 curari
1374 1915 1454 1944 non
1486 1907 1653 1958 poterat·
1677 1906 1757 1948 nisi

90 1961 273 2006 balneari
304 1966 557 2019 contingeret
587 1967 630 2009 in
661 1969 859 2022 sanguine
890 1969 1030 2023 regali.
1089 1970 1219 2020 Quam
1250 1986 1321 2014 rex
1355 1974 1518 2028 quidam
1552 1975 1756 2019 intantum

87 2034 252 2089 dilexit,
302 2037 410 2090 quod
449 2037 687 2091 sanguinem
729 2053 848 2081 suum
887 2055 1014 2096 usque
1055 2042 1105 2084 ad
1148 2047 1320 2086 mortem
1353 2045 1557 2100 profudit,
1604 2051 1649 2089 ut
1687 2048 1758 2091 illa

87 2106 366 2149 mundaretur.
424 2107 510 2151 Rex
552 2109 620 2151 ille
662 2109 848 2153 Christus
895 2118 976 2166 est,
1016 2114 1085 2168 qui
1132 2114 1344 2157 ecclesiam
1390 2130 1528 2172 ymmo
1575 2118 1755 2161 animam

85 2180 196 2219 tuam
243 2177 449 2234 leprosam
496 2180 640 2222 dilexit
685 2185 725 2223 et
769 2181 956 2225 balneum
1005 2184 1200 2240 baptismi
1244 2186 1318 2229 tibi
1358 2188 1408 2231 de
1447 2189 1646 2243 sanguine
1683 2204 1755 2233 suo

83 2247 193 2302 fecit,
225 2253 271 2291 ut
301 2250 439 2292 anima
469 2254 539 2293 tua
569 2252 849 2295 mundaretur.

752 2505 850 2561 231,
883 2519 985 2563 app.
1008 2508 1080 2552 35.

197 2601 294 2645 Fuit
326 2603 490 2658 quidam
524 2606 689 2650 nomine
719 2620 930 2662 pyramus,
963 2609 1031 2664 qui
1053 2609 1199 2653 dilexit
1221 2624 1343 2653 unam
1369 2611 1546 2654 nobilem
1572 2612 1750 2668 puellam

83 2676 125 2714 et
162 2673 253 2729 ipsa
296 2688 386 2716 eum
435 2688 668 2719 econverso.
731 2677 807 2728 Qui
853 2678 1123 2723 libentissime
1161 2682 1511 2736 confabulassent,
1560 2684 1629 2726 sed
1678 2697 1751 2740 pre

82 2743 212 2787 nimia
256 2746 441 2788 custodia
489 2752 705 2802 parentum
752 2762 1008 2805 nequaquam
1055 2752 1257 2795 valebant.
1321 2753 1401 2796 Sed
1442 2753 1579 2809 puella
1616 2755 1750 2796 locum

75 2814 219 2868 juveni
259 2821 376 2859 extra
406 2818 612 2860 civitatem
653 2820 880 2874 assignavit
916 2821 966 2863 ad
998 2836 1117 2876 quem
1149 2824 1287 2880 puella
1317 2839 1437 2866 mane
1470 2826 1672 2880 perrexit,
1708 2826 1749 2868 in

6 2942 10 2946 ὓ
83 2897 161 2939 quo
200 2886 287 2929 loco
326 2887 405 2930 fuit
441 2888 532 2931 fons
570 2903 687 2945 aque.
741 2890 922 2946 Contigit
959 2905 1053 2947 ergo
1092 2908 1142 2937 ex
1181 2908 1278 2938 casu
1317 2896 1423 2950 quod
1461 2895 1523 2938 leo
1562 2897 1674 2939 venit
1711 2902 1751 2940 et

83 2955 176 3012 ipsa
219 2957 378 3012 fugiens
426 2959 560 3002 velum
606 2961 753 3017 capitis
791 2962 853 3004 sui
900 2963 1125 3019 dereliquid
1172 2969 1213 3008 et
1256 2966 1318 3009 leo
1356 2967 1578 3010 maculavit
1614 2967 1749 3010 velum
