<?xml version="1.0" encoding="UTF-8"?>
<!DOCTYPE html PUBLIC "-//W3C//DTD XHTML 1.0 Transitional//EN"
    "http://www.w3.org/TR/xhtml1/DTD/xhtml1-transitional.dtd">
<html xmlns="http://www.w3.org/1999/xhtml" xml:lang="en" lang="en">
 <head>
  <title>
</title>
<meta http-equiv="Content-Type" content="text/html;charset=utf-8" />
  <meta name='ocr-system' content='tesseract 3.04.00' />
  <meta name='ocr-capabilities' content='ocr_page ocr_carea ocr_par ocr_line ocrx_word'/>
</head>
<body>
  <div class='ocr_page' id='page_1' title='image "./gestaromanorum00oestuoft_0576.png"; bbox 0 0 1949 3162; ppageno 0'>
   <div class='ocr_carea' id='block_1_1' title="bbox 983 73 1069 114">
    <p class='ocr_par' dir='ltr' id='par_1_1' title="bbox 983 73 1069 114">
     <span class='ocr_line' id='line_1_1' title="bbox 983 73 1069 114; baseline 0 0"><span class='ocrx_word' id='word_1_1' title='bbox 983 73 1069 114; x_wconf 80' lang='lat'><em>554</em></span> 
     </span>
    </p>
   </div>
   <div class='ocr_carea' id='block_1_2' title="bbox 654 196 1388 330">
    <p class='ocr_par' dir='ltr' id='par_1_2' title="bbox 654 196 1388 330">
     <span class='ocr_line' id='line_1_2' title="bbox 906 196 1132 239; baseline 0 0"><span class='ocrx_word' id='word_1_2' title='bbox 906 196 1008 239; x_wconf 77' lang='lat' dir='ltr'><strong>CAP.</strong></span> <span class='ocrx_word' id='word_1_3' title='bbox 1037 197 1132 239; x_wconf 77' lang='lat'>167.</span> 
     </span>
     <span class='ocr_line' id='line_1_3' title="bbox 654 283 1388 330; baseline -0.001 -1"><span class='ocrx_word' id='word_1_4' title='bbox 654 283 728 329; x_wconf 85' lang='lat' dir='ltr'><em>De</em></span> <span class='ocrx_word' id='word_1_5' title='bbox 765 285 990 329; x_wconf 78' lang='lat' dir='ltr'><em>audiendo</em></span> <span class='ocrx_word' id='word_1_6' title='bbox 1031 284 1146 329; x_wconf 76' lang='lat' dir='ltr'><em>bono</em></span> <span class='ocrx_word' id='word_1_7' title='bbox 1187 283 1388 330; x_wconf 82' lang='lat' dir='ltr'><em>consilio.</em></span> 
     </span>
    </p>
   </div>
   <div class='ocr_carea' id='block_1_3' title="bbox 101 390 1906 3015">
    <p class='ocr_par' dir='ltr' id='par_1_3' title="bbox 101 390 1906 3015">
     <span class='ocr_line' id='line_1_4' title="bbox 301 390 1860 450; baseline 0.001 -17"><span class='ocrx_word' id='word_1_8' title='bbox 301 390 557 447; x_wconf 68' lang='lat' dir='ltr'><em>Sayittarius</em></span> <span class='ocrx_word' id='word_1_9' title='bbox 612 394 822 448; x_wconf 80' lang='lat' dir='ltr'><em>quandam</em></span> <span class='ocrx_word' id='word_1_10' title='bbox 879 393 1085 434; x_wconf 80' lang='lat' dir='ltr'><em>aviculam</em></span> <span class='ocrx_word' id='word_1_11' title='bbox 1135 395 1300 434; x_wconf 85' lang='lat' dir='ltr'><em>nomine</em></span> <span class='ocrx_word' id='word_1_12' title='bbox 1345 393 1628 449; x_wconf 75' lang='lat' dir='ltr'><em>philomenam</em></span> <span class='ocrx_word' id='word_1_13' title='bbox 1680 396 1860 450; x_wconf 85' lang='lat' dir='ltr'><em>capiens,</em></span> 
     </span>
     <span class='ocr_line' id='line_1_5' title="bbox 182 463 1864 520; baseline 0.003 -18"><span class='ocrx_word' id='word_1_14' title='bbox 182 464 349 518; x_wconf 82' lang='lat' dir='ltr'><em>quando</em></span> <span class='ocrx_word' id='word_1_15' title='bbox 383 463 541 504; x_wconf 78' lang='lat' dir='ltr'><em>volebat</em></span> <span class='ocrx_word' id='word_1_16' title='bbox 579 478 669 504; x_wconf 87' lang='lat' dir='ltr'><em>eam</em></span> <span class='ocrx_word' id='word_1_17' title='bbox 701 465 903 516; x_wconf 81' lang='lat' dir='ltr'><em>occidere,</em></span> <span class='ocrx_word' id='word_1_18' title='bbox 944 479 1023 505; x_wconf 63' lang='lat' dir='ltr'><em>vox</em></span> <span class='ocrx_word' id='word_1_19' title='bbox 1062 465 1159 505; x_wconf 86' lang='lat' dir='ltr'><em>data</em></span> <span class='ocrx_word' id='word_1_20' title='bbox 1193 473 1251 505; x_wconf 84' lang='lat' dir='ltr'><em>est</em></span> <span class='ocrx_word' id='word_1_21' title='bbox 1281 465 1513 520; x_wconf 73' lang='lat' dir='ltr'><em>philomene</em></span> <span class='ocrx_word' id='word_1_22' title='bbox 1552 474 1588 506; x_wconf 90' lang='lat' dir='ltr'><em>et</em></span> <span class='ocrx_word' id='word_1_23' title='bbox 1619 467 1706 506; x_wconf 86' lang='lat' dir='ltr'><em>ait:</em></span> <span class='ocrx_word' id='word_1_24' title='bbox 1751 465 1864 518; x_wconf 78' lang='lat' dir='ltr'><em>Quid</em></span> 
     </span>
     <span class='ocr_line' id='line_1_6' title="bbox 110 534 1862 591; baseline 0.002 -16"><span class='ocrx_word' id='word_1_25' title='bbox 110 541 131 575; x_wconf 85' lang='lat'>5</span> <span class='ocrx_word' id='word_1_26' title='bbox 180 534 257 575; x_wconf 82' lang='lat' dir='ltr'><em>tibi</em></span> <span class='ocrx_word' id='word_1_27' title='bbox 283 535 484 589; x_wconf 86' lang='lat' dir='ltr'><em>proderit,</em></span> <span class='ocrx_word' id='word_1_28' title='bbox 530 549 550 575; x_wconf 93' lang='lat' dir='ltr'><em>o</em></span> <span class='ocrx_word' id='word_1_29' title='bbox 591 535 732 587; x_wconf 88' lang='lat' dir='ltr'><em>homo,</em></span> <span class='ocrx_word' id='word_1_30' title='bbox 772 537 810 576; x_wconf 86' lang='lat' dir='ltr'><em>si</em></span> <span class='ocrx_word' id='word_1_31' title='bbox 847 550 907 576; x_wconf 90' lang='lat' dir='ltr'><em>me</em></span> <span class='ocrx_word' id='word_1_32' title='bbox 940 536 1163 576; x_wconf 68' lang='lat' dir='ltr'><em>occideris?</em></span> <span class='ocrx_word' id='word_1_33' title='bbox 1206 535 1352 591; x_wconf 77' lang='lat' dir='ltr'><em>Neque</em></span> <span class='ocrx_word' id='word_1_34' title='bbox 1391 537 1497 576; x_wconf 86' lang='lat' dir='ltr'><em>enim</em></span> <span class='ocrx_word' id='word_1_35' title='bbox 1533 545 1713 578; x_wconf 74' lang='lat' dir='ltr'><em>ventrem</em></span> <span class='ocrx_word' id='word_1_36' title='bbox 1748 544 1862 578; x_wconf 82' lang='lat' dir='ltr'><em>tuum</em></span> 
     </span>
     <span class='ocr_line' id='line_1_7' title="bbox 180 606 1864 661; baseline 0.002 -16"><span class='ocrx_word' id='word_1_37' title='bbox 180 606 229 646; x_wconf 89' lang='lat' dir='ltr'><em>de</em></span> <span class='ocrx_word' id='word_1_38' title='bbox 259 620 320 646; x_wconf 87' lang='lat' dir='ltr'><em>me</em></span> <span class='ocrx_word' id='word_1_39' title='bbox 350 606 522 661; x_wconf 82' lang='lat' dir='ltr'><em>implere</em></span> <span class='ocrx_word' id='word_1_40' title='bbox 552 606 730 655; x_wconf 74' lang='lat' dir='ltr'><em>valebis3</em></span> <span class='ocrx_word' id='word_1_41' title='bbox 771 607 843 647; x_wconf 88' lang='lat' dir='ltr'><em>sed</em></span> <span class='ocrx_word' id='word_1_42' title='bbox 872 609 910 647; x_wconf 86' lang='lat' dir='ltr'><em>si</em></span> <span class='ocrx_word' id='word_1_43' title='bbox 940 608 1143 647; x_wconf 71' lang='lat' dir='ltr'><em>dimittere</em></span> <span class='ocrx_word' id='word_1_44' title='bbox 1173 621 1236 647; x_wconf 84' lang='lat' dir='ltr'><em>me</em></span> <span class='ocrx_word' id='word_1_45' title='bbox 1266 607 1401 658; x_wconf 74' lang='lat' dir='ltr'><em>velles,</em></span> <span class='ocrx_word' id='word_1_46' title='bbox 1444 608 1526 647; x_wconf 84' lang='lat' dir='ltr'><em>tria</em></span> <span class='ocrx_word' id='word_1_47' title='bbox 1556 607 1756 648; x_wconf 88' lang='lat' dir='ltr'><em>mandata</em></span> <span class='ocrx_word' id='word_1_48' title='bbox 1788 607 1864 649; x_wconf 84' lang='lat' dir='ltr'><em>tibi</em></span> 
     </span>
     <span class='ocr_line' id='line_1_8' title="bbox 180 677 1864 734; baseline 0.002 -17"><span class='ocrx_word' id='word_1_49' title='bbox 180 677 335 728; x_wconf 85' lang='lat' dir='ltr'><em>darem,</em></span> <span class='ocrx_word' id='word_1_50' title='bbox 378 692 455 732; x_wconf 79' lang='lat' dir='ltr'><em>que</em></span> <span class='ocrx_word' id='word_1_51' title='bbox 486 679 524 717; x_wconf 88' lang='lat' dir='ltr'><em>si</em></span> <span class='ocrx_word' id='word_1_52' title='bbox 554 678 792 733; x_wconf 70' lang='lat' dir='ltr'><em>diligtentius</em></span> <span class='ocrx_word' id='word_1_53' title='bbox 824 692 1029 730; x_wconf 70' lang='lat' dir='ltr'><em>servares,</em></span> <span class='ocrx_word' id='word_1_54' title='bbox 1067 693 1263 733; x_wconf 66' lang='lat' dir='ltr'><em>maynam</em></span> <span class='ocrx_word' id='word_1_55' title='bbox 1294 678 1512 719; x_wconf 73' lang='lat' dir='ltr'><em>utilitatem</em></span> <span class='ocrx_word' id='word_1_56' title='bbox 1542 679 1639 719; x_wconf 89' lang='lat' dir='ltr'><em>inde</em></span> <span class='ocrx_word' id='word_1_57' title='bbox 1670 681 1864 734; x_wconf 82' lang='lat' dir='ltr'><em>consequi</em></span> 
     </span>
     <span class='ocr_line' id='line_1_9' title="bbox 172 748 1861 805; baseline 0.001 -16"><span class='ocrx_word' id='word_1_58' title='bbox 172 763 329 804; x_wconf 86' lang='lat' dir='ltr'><em>posses.</em></span> <span class='ocrx_word' id='word_1_59' title='bbox 380 748 458 789; x_wconf 88' lang='lat' dir='ltr'><em>Ille</em></span> <span class='ocrx_word' id='word_1_60' title='bbox 489 763 582 789; x_wconf 73' lang='lat' dir='ltr'><em>‘cero</em></span> <span class='ocrx_word' id='word_1_61' title='bbox 616 750 672 789; x_wconf 86' lang='lat' dir='ltr'><em>ad</em></span> <span class='ocrx_word' id='word_1_62' title='bbox 702 749 787 802; x_wconf 77' lang='lat' dir='ltr'><em>ejus</em></span> <span class='ocrx_word' id='word_1_63' title='bbox 821 749 1025 804; x_wconf 74' lang='lat' dir='ltr'><em>loquelam</em></span> <span class='ocrx_word' id='word_1_64' title='bbox 1055 750 1309 805; x_wconf 80' lang='lat' dir='ltr'><em>stupefactus</em></span> <span class='ocrx_word' id='word_1_65' title='bbox 1341 751 1560 804; x_wconf 85' lang='lat' dir='ltr'><em>promisit,</em></span> <span class='ocrx_word' id='word_1_66' title='bbox 1600 757 1647 790; x_wconf 89' lang='lat' dir='ltr'><em>ut</em></span> <span class='ocrx_word' id='word_1_67' title='bbox 1677 764 1765 790; x_wconf 85' lang='lat' dir='ltr'><em>eam</em></span> <span class='ocrx_word' id='word_1_68' title='bbox 1796 751 1861 791; x_wconf 90' lang='lat' dir='ltr'><em>di-</em></span> 
     </span>
     <span class='ocr_line' id='line_1_10' title="bbox 177 819 1861 875; baseline 0.002 -16"><span class='ocrx_word' id='word_1_69' title='bbox 177 821 334 860; x_wconf 84' lang='lat' dir='ltr'><em>mittere</em></span> <span class='ocrx_word' id='word_1_70' title='bbox 378 819 516 871; x_wconf 77' lang='lat' dir='ltr'><em>vellet,</em></span> <span class='ocrx_word' id='word_1_71' title='bbox 565 821 603 860; x_wconf 84' lang='lat' dir='ltr'><em>si</em></span> <span class='ocrx_word' id='word_1_72' title='bbox 641 820 712 860; x_wconf 83' lang='lat' dir='ltr'><em>hec</em></span> <span class='ocrx_word' id='word_1_73' title='bbox 750 822 832 861; x_wconf 85' lang='lat' dir='ltr'><em>tria</em></span> <span class='ocrx_word' id='word_1_74' title='bbox 872 822 1071 861; x_wconf 84' lang='lat' dir='ltr'><em>mandata</em></span> <span class='ocrx_word' id='word_1_75' title='bbox 1120 829 1157 861; x_wconf 89' lang='lat' dir='ltr'><em>et</em></span> <span class='ocrx_word' id='word_1_76' title='bbox 1200 820 1321 861; x_wconf 83' lang='lat' dir='ltr'><em>utilia</em></span> <span class='ocrx_word' id='word_1_77' title='bbox 1363 821 1581 875; x_wconf 75' lang='lat' dir='ltr'><em>proferret.</em></span> <span class='ocrx_word' id='word_1_78' title='bbox 1648 819 1735 872; x_wconf 81' lang='lat' dir='ltr'><em>Que</em></span> <span class='ocrx_word' id='word_1_79' title='bbox 1781 823 1861 862; x_wconf 77' lang='lat' dir='ltr'><em>ait:</em></span> 
     </span>
     <span class='ocr_line' id='line_1_11' title="bbox 108 890 1859 948; baseline 0.002 -18"><span class='ocrx_word' id='word_1_80' title='bbox 108 896 152 930; x_wconf 90' lang='lat'><em>10</em></span> <span class='ocrx_word' id='word_1_81' title='bbox 178 890 333 931; x_wconf 83' lang='lat' dir='ltr'><em>Audite</em></span> <span class='ocrx_word' id='word_1_82' title='bbox 365 891 487 946; x_wconf 63' lang='lat' dir='ltr'><em>erqo!</em></span> <span class='ocrx_word' id='word_1_83' title='bbox 515 891 708 931; x_wconf 81' lang='lat' dir='ltr'><em>Primum</em></span> <span class='ocrx_word' id='word_1_84' title='bbox 740 900 818 932; x_wconf 80' lang='lat' dir='ltr'><em>est.-</em></span> <span class='ocrx_word' id='word_1_85' title='bbox 850 907 1066 947; x_wconf 80' lang='lat' dir='ltr'><em>nunquam</em></span> <span class='ocrx_word' id='word_1_86' title='bbox 1095 907 1195 944; x_wconf 86' lang='lat' dir='ltr'><em>rem,</em></span> <span class='ocrx_word' id='word_1_87' title='bbox 1230 907 1307 947; x_wconf 81' lang='lat' dir='ltr'><em>que</em></span> <span class='ocrx_word' id='word_1_88' title='bbox 1329 892 1586 947; x_wconf 74' lang='lat' dir='ltr'><em>apprehendi</em></span> <span class='ocrx_word' id='word_1_89' title='bbox 1604 906 1687 933; x_wconf 89' lang='lat' dir='ltr'><em>non</em></span> <span class='ocrx_word' id='word_1_90' title='bbox 1713 901 1859 948; x_wconf 87' lang='lat' dir='ltr'><em>potest,</em></span> 
     </span>
     <span class='ocr_line' id='line_1_12' title="bbox 177 962 1864 1019; baseline 0.001 -17"><span class='ocrx_word' id='word_1_91' title='bbox 177 962 486 1017; x_wconf 87' lang='lat' dir='ltr'><em>apprehendere</em></span> <span class='ocrx_word' id='word_1_92' title='bbox 517 963 710 1003; x_wconf 80' lang='lat' dir='ltr'><em>studeas!</em></span> <span class='ocrx_word' id='word_1_93' title='bbox 739 963 859 1003; x_wconf 82' lang='lat' dir='ltr'><em>Audi</em></span> <span class='ocrx_word' id='word_1_94' title='bbox 879 964 1122 1003; x_wconf 77' lang='lat' dir='ltr'><em>secundum.-</em></span> <span class='ocrx_word' id='word_1_95' title='bbox 1155 965 1204 1004; x_wconf 82' lang='lat' dir='ltr'><em>cle</em></span> <span class='ocrx_word' id='word_1_96' title='bbox 1234 978 1279 1004; x_wconf 90' lang='lat' dir='ltr'><em>re</em></span> <span class='ocrx_word' id='word_1_97' title='bbox 1297 964 1464 1018; x_wconf 88' lang='lat' dir='ltr'><em>perdita</em></span> <span class='ocrx_word' id='word_1_98' title='bbox 1486 971 1523 1004; x_wconf 88' lang='lat' dir='ltr'><em>et</em></span> <span class='ocrx_word' id='word_1_99' title='bbox 1544 963 1864 1019; x_wconf 84' lang='lat' dir='ltr'><em>irrecuperabili</em></span> 
     </span>
     <span class='ocr_line' id='line_1_13' title="bbox 176 1033 1864 1090; baseline 0.002 -17"><span class='ocrx_word' id='word_1_100' title='bbox 176 1048 390 1088; x_wconf 78' lang='lat' dir='ltr'><em>nunquam</em></span> <span class='ocrx_word' id='word_1_101' title='bbox 423 1033 588 1074; x_wconf 80' lang='lat' dir='ltr'><em>doleas!</em></span> <span class='ocrx_word' id='word_1_102' title='bbox 637 1034 757 1074; x_wconf 88' lang='lat' dir='ltr'><em>Audi</em></span> <span class='ocrx_word' id='word_1_103' title='bbox 786 1036 985 1075; x_wconf 84' lang='lat' dir='ltr'><em>tercium:</em></span> <span class='ocrx_word' id='word_1_104' title='bbox 1023 1035 1143 1076; x_wconf 74' lang='lat' dir='ltr'><em>verbo</em></span> <span class='ocrx_word' id='word_1_105' title='bbox 1175 1034 1414 1075; x_wconf 71' lang='lat' dir='ltr'><em>incredibili</em></span> <span class='ocrx_word' id='word_1_106' title='bbox 1441 1049 1655 1090; x_wconf 83' lang='lat' dir='ltr'><em>nunquam</em></span> <span class='ocrx_word' id='word_1_107' title='bbox 1695 1035 1864 1076; x_wconf 87' lang='lat' dir='ltr'><em>credas!</em></span> 
     </span>
     <span class='ocr_line' id='line_1_14' title="bbox 177 1104 1862 1160; baseline 0.001 -15"><span class='ocrx_word' id='word_1_108' title='bbox 177 1104 264 1145; x_wconf 87' lang='lat' dir='ltr'><em>Hec</em></span> <span class='ocrx_word' id='word_1_109' title='bbox 295 1106 377 1145; x_wconf 85' lang='lat' dir='ltr'><em>tria</em></span> <span class='ocrx_word' id='word_1_110' title='bbox 410 1105 506 1145; x_wconf 80' lang='lat' dir='ltr'><em>bene</em></span> <span class='ocrx_word' id='word_1_111' title='bbox 538 1106 700 1145; x_wconf 89' lang='lat' dir='ltr'><em>custodi</em></span> <span class='ocrx_word' id='word_1_112' title='bbox 731 1113 767 1146; x_wconf 86' lang='lat' dir='ltr'><em>et</em></span> <span class='ocrx_word' id='word_1_113' title='bbox 797 1105 894 1146; x_wconf 80' lang='lat' dir='ltr'><em>bene</em></span> <span class='ocrx_word' id='word_1_114' title='bbox 925 1106 1002 1146; x_wconf 81' lang='lat' dir='ltr'><em>tibi</em></span> <span class='ocrx_word' id='word_1_115' title='bbox 1032 1107 1132 1147; x_wconf 88' lang='lat' dir='ltr'><em>erit!</em></span> <span class='ocrx_word' id='word_1_116' title='bbox 1171 1106 1249 1147; x_wconf 90' lang='lat' dir='ltr'><em>Ille</em></span> <span class='ocrx_word' id='word_1_117' title='bbox 1279 1114 1428 1158; x_wconf 83' lang='lat' dir='ltr'><em>autem,</em></span> <span class='ocrx_word' id='word_1_118' title='bbox 1459 1114 1505 1147; x_wconf 85' lang='lat' dir='ltr'><em>ut</em></span> <span class='ocrx_word' id='word_1_119' title='bbox 1532 1107 1738 1160; x_wconf 89' lang='lat' dir='ltr'><em>promisit,</em></span> <span class='ocrx_word' id='word_1_120' title='bbox 1772 1121 1862 1147; x_wconf 86' lang='lat' dir='ltr'><em>eam</em></span> 
     </span>
     <span class='ocr_line' id='line_1_15' title="bbox 175 1175 1860 1233; baseline 0.001 -17"><span class='ocrx_word' id='word_1_121' title='bbox 175 1175 316 1216; x_wconf 79' lang='lat' dir='ltr'><em>volare</em></span> <span class='ocrx_word' id='word_1_122' title='bbox 348 1176 515 1216; x_wconf 76' lang='lat' dir='ltr'><em>dimisit.</em></span> <span class='ocrx_word' id='word_1_123' title='bbox 556 1176 803 1217; x_wconf 86' lang='lat' dir='ltr'><em>Philomena</em></span> <span class='ocrx_word' id='word_1_124' title='bbox 836 1179 943 1218; x_wconf 88' lang='lat' dir='ltr'><em>enim</em></span> <span class='ocrx_word' id='word_1_125' title='bbox 968 1192 1048 1233; x_wconf 90' lang='lat' dir='ltr'><em>per</em></span> <span class='ocrx_word' id='word_1_126' title='bbox 1079 1192 1214 1218; x_wconf 86' lang='lat' dir='ltr'><em>aerem</em></span> <span class='ocrx_word' id='word_1_127' title='bbox 1244 1178 1422 1218; x_wconf 65' lang='lat' dir='ltr'><em>volitans</em></span> <span class='ocrx_word' id='word_1_128' title='bbox 1454 1178 1628 1219; x_wconf 84' lang='lat' dir='ltr'><em>dulciter</em></span> <span class='ocrx_word' id='word_1_129' title='bbox 1659 1179 1860 1228; x_wconf 82' lang='lat' dir='ltr'><em>cantavit,-</em></span> 
     </span>
     <span class='ocr_line' id='line_1_16' title="bbox 108 1247 1859 1304; baseline 0.002 -18"><span class='ocrx_word' id='word_1_130' title='bbox 108 1251 151 1286; x_wconf 84' lang='lat'><em>15</em></span> <span class='ocrx_word' id='word_1_131' title='bbox 164 1247 288 1300; x_wconf 83' lang='lat' dir='ltr'><em>finito</em></span> <span class='ocrx_word' id='word_1_132' title='bbox 323 1255 444 1288; x_wconf 85' lang='lat' dir='ltr'><em>cantu</em></span> <span class='ocrx_word' id='word_1_133' title='bbox 479 1249 587 1288; x_wconf 69' lang='lat' dir='ltr'><em>dixit</em></span> <span class='ocrx_word' id='word_1_134' title='bbox 617 1249 676 1288; x_wconf 87' lang='lat' dir='ltr'><em>ei:</em></span> <span class='ocrx_word' id='word_1_135' title='bbox 718 1247 772 1289; x_wconf 91' lang='lat' dir='ltr'><em>Ve</em></span> <span class='ocrx_word' id='word_1_136' title='bbox 803 1248 892 1301; x_wconf 79' lang='lat' dir='ltr'><em>tibi,</em></span> <span class='ocrx_word' id='word_1_137' title='bbox 926 1249 1059 1301; x_wconf 90' lang='lat' dir='ltr'><em>homo,</em></span> <span class='ocrx_word' id='word_1_138' title='bbox 1098 1251 1198 1304; x_wconf 76' lang='lat' dir='ltr'><em>quia</em></span> <span class='ocrx_word' id='word_1_139' title='bbox 1230 1249 1384 1290; x_wconf 85' lang='lat' dir='ltr'><em>malum</em></span> <span class='ocrx_word' id='word_1_140' title='bbox 1417 1249 1635 1290; x_wconf 84' lang='lat' dir='ltr'><em>consilium</em></span> <span class='ocrx_word' id='word_1_141' title='bbox 1665 1248 1859 1302; x_wconf 84' lang='lat' dir='ltr'><em>habuisti,</em></span> 
     </span>
     <span class='ocr_line' id='line_1_17' title="bbox 175 1319 1861 1376; baseline 0.001 -16"><span class='ocrx_word' id='word_1_142' title='bbox 175 1327 212 1360; x_wconf 89' lang='lat' dir='ltr'><em>et</em></span> <span class='ocrx_word' id='word_1_143' title='bbox 244 1321 343 1374; x_wconf 81' lang='lat' dir='ltr'><em>quia</em></span> <span class='ocrx_word' id='word_1_144' title='bbox 375 1333 572 1374; x_wconf 65' lang='lat' dir='ltr'><em>maynum</em></span> <span class='ocrx_word' id='word_1_145' title='bbox 612 1319 847 1360; x_wconf 84' lang='lat' dir='ltr'><em>thesaurum</em></span> <span class='ocrx_word' id='word_1_146' title='bbox 886 1321 1005 1361; x_wconf 89' lang='lat' dir='ltr'><em>hodie</em></span> <span class='ocrx_word' id='word_1_147' title='bbox 1039 1321 1287 1376; x_wconf 85' lang='lat' dir='ltr'><em>perdidisti,</em></span> <span class='ocrx_word' id='word_1_148' title='bbox 1330 1328 1387 1361; x_wconf 89' lang='lat' dir='ltr'><em>est</em></span> <span class='ocrx_word' id='word_1_149' title='bbox 1423 1322 1532 1361; x_wconf 85' lang='lat' dir='ltr'><em>enim</em></span> <span class='ocrx_word' id='word_1_150' title='bbox 1561 1322 1607 1361; x_wconf 87' lang='lat' dir='ltr'><em>in</em></span> <span class='ocrx_word' id='word_1_151' title='bbox 1637 1320 1861 1362; x_wconf 83' lang='lat' dir='ltr'><em>visceribus</em></span> 
     </span>
     <span class='ocr_line' id='line_1_18' title="bbox 174 1391 1861 1447; baseline 0.002 -17"><span class='ocrx_word' id='word_1_152' title='bbox 174 1392 274 1431; x_wconf 84' lang='lat' dir='ltr'><em>meis</em></span> <span class='ocrx_word' id='word_1_153' title='bbox 312 1392 568 1446; x_wconf 64' lang='lat' dir='ltr'><em>marqarita,</em></span> <span class='ocrx_word' id='word_1_154' title='bbox 611 1405 687 1445; x_wconf 81' lang='lat' dir='ltr'><em>que</em></span> <span class='ocrx_word' id='word_1_155' title='bbox 727 1393 949 1433; x_wconf 85' lang='lat' dir='ltr'><em>strucionis</em></span> <span class='ocrx_word' id='word_1_156' title='bbox 991 1407 1111 1432; x_wconf 69' lang='lat' dir='ltr'><em>ovum</em></span> <span class='ocrx_word' id='word_1_157' title='bbox 1149 1393 1278 1432; x_wconf 79' lang='lat' dir='ltr'><em>vincit</em></span> <span class='ocrx_word' id='word_1_158' title='bbox 1314 1393 1611 1447; x_wconf 63' lang='lat' dir='ltr'><em>maynitudine.</em></span> <span class='ocrx_word' id='word_1_159' title='bbox 1678 1391 1755 1432; x_wconf 87' lang='lat' dir='ltr'><em>Ille</em></span> <span class='ocrx_word' id='word_1_160' title='bbox 1786 1391 1861 1433; x_wconf 84' lang='lat' dir='ltr'><em>hoc</em></span> 
     </span>
     <span class='ocr_line' id='line_1_19' title="bbox 175 1463 1858 1520; baseline 0.001 -18"><span class='ocrx_word' id='word_1_161' title='bbox 175 1463 349 1502; x_wconf 84' lang='lat' dir='ltr'><em>audiens</em></span> <span class='ocrx_word' id='word_1_162' title='bbox 382 1464 647 1503; x_wconf 84' lang='lat' dir='ltr'><em>contristatus</em></span> <span class='ocrx_word' id='word_1_163' title='bbox 680 1471 738 1503; x_wconf 87' lang='lat' dir='ltr'><em>est</em></span> <span class='ocrx_word' id='word_1_164' title='bbox 766 1464 900 1515; x_wconf 75' lang='lat' dir='ltr'><em>valde,</em></span> <span class='ocrx_word' id='word_1_165' title='bbox 936 1465 1048 1518; x_wconf 81' lang='lat' dir='ltr'><em>quod</em></span> <span class='ocrx_word' id='word_1_166' title='bbox 1079 1479 1168 1504; x_wconf 83' lang='lat' dir='ltr'><em>eam</em></span> <span class='ocrx_word' id='word_1_167' title='bbox 1199 1465 1378 1515; x_wconf 82' lang='lat' dir='ltr'><em>dimisit,</em></span> <span class='ocrx_word' id='word_1_168' title='bbox 1410 1463 1520 1504; x_wconf 90' lang='lat' dir='ltr'><em>rethe</em></span> <span class='ocrx_word' id='word_1_169' title='bbox 1550 1478 1670 1504; x_wconf 83' lang='lat' dir='ltr'><em>suum</em></span> <span class='ocrx_word' id='word_1_170' title='bbox 1700 1478 1858 1520; x_wconf 65' lang='lat' dir='ltr'><em>expan-</em></span> 
     </span>
     <span class='ocr_line' id='line_1_20' title="bbox 175 1530 1860 1591; baseline 0.001 -18"><span class='ocrx_word' id='word_1_171' title='bbox 175 1533 237 1573; x_wconf 93' lang='lat' dir='ltr'><em>dit</em></span> <span class='ocrx_word' id='word_1_172' title='bbox 266 1541 303 1573; x_wconf 86' lang='lat' dir='ltr'><em>et</em></span> <span class='ocrx_word' id='word_1_173' title='bbox 335 1530 437 1585; x_wconf 81' lang='lat'><strong>[142</strong></span> <span class='ocrx_word' id='word_1_174' title='bbox 450 1531 489 1586; x_wconf 80' lang='lat' dir='ltr'><em>b]</em></span> <span class='ocrx_word' id='word_1_175' title='bbox 516 1534 744 1575; x_wconf 81' lang='lat' dir='ltr'><em>conabatur</em></span> <span class='ocrx_word' id='word_1_176' title='bbox 766 1549 855 1575; x_wconf 86' lang='lat' dir='ltr'><em>eam</em></span> <span class='ocrx_word' id='word_1_177' title='bbox 876 1535 1199 1591; x_wconf 75' lang='lat' dir='ltr'><em>apprehendere,</em></span> <span class='ocrx_word' id='word_1_178' title='bbox 1234 1536 1373 1576; x_wconf 87' lang='lat' dir='ltr'><em>dicens</em></span> <span class='ocrx_word' id='word_1_179' title='bbox 1405 1537 1465 1576; x_wconf 85' lang='lat' dir='ltr'><em>ei:</em></span> <span class='ocrx_word' id='word_1_180' title='bbox 1506 1535 1609 1576; x_wconf 90' lang='lat' dir='ltr'><em>Veni</em></span> <span class='ocrx_word' id='word_1_181' title='bbox 1626 1537 1673 1576; x_wconf 91' lang='lat' dir='ltr'><em>in</em></span> <span class='ocrx_word' id='word_1_182' title='bbox 1693 1535 1860 1576; x_wconf 83' lang='lat' dir='ltr'><em>domum</em></span> 
     </span>
     <span class='ocr_line' id='line_1_21' title="bbox 104 1606 1859 1662; baseline 0.002 -18"><span class='ocrx_word' id='word_1_183' title='bbox 104 1611 148 1645; x_wconf 78' lang='lat'><em>20</em></span> <span class='ocrx_word' id='word_1_184' title='bbox 172 1619 327 1657; x_wconf 85' lang='lat' dir='ltr'><em>meam,</em></span> <span class='ocrx_word' id='word_1_185' title='bbox 371 1613 407 1646; x_wconf 85' lang='lat' dir='ltr'><em>et</em></span> <span class='ocrx_word' id='word_1_186' title='bbox 439 1620 597 1646; x_wconf 89' lang='lat' dir='ltr'><em>omnem</em></span> <span class='ocrx_word' id='word_1_187' title='bbox 628 1606 923 1647; x_wconf 81' lang='lat' dir='ltr'><em>humanitatem</em></span> <span class='ocrx_word' id='word_1_188' title='bbox 955 1606 1146 1647; x_wconf 62' lang='lat' dir='ltr'><em>arlzz‘hebo</em></span> <span class='ocrx_word' id='word_1_189' title='bbox 1179 1606 1274 1659; x_wconf 85' lang='lat' dir='ltr'><em>tibi,</em></span> <span class='ocrx_word' id='word_1_190' title='bbox 1314 1614 1351 1647; x_wconf 93' lang='lat' dir='ltr'><em>et</em></span> <span class='ocrx_word' id='word_1_191' title='bbox 1375 1609 1570 1662; x_wconf 87' lang='lat' dir='ltr'><em>propriis</em></span> <span class='ocrx_word' id='word_1_192' title='bbox 1599 1606 1792 1647; x_wconf 87' lang='lat' dir='ltr'><em>manibus</em></span> <span class='ocrx_word' id='word_1_193' title='bbox 1823 1613 1859 1647; x_wconf 90' lang='lat' dir='ltr'><em>te</em></span> 
     </span>
     <span class='ocr_line' id='line_1_22' title="bbox 166 1677 1857 1734; baseline 0.001 -18"><span class='ocrx_word' id='word_1_194' title='bbox 166 1691 344 1732; x_wconf 88' lang='lat' dir='ltr'><em>pascam</em></span> <span class='ocrx_word' id='word_1_195' title='bbox 375 1685 412 1718; x_wconf 91' lang='lat' dir='ltr'><em>et</em></span> <span class='ocrx_word' id='word_1_196' title='bbox 442 1678 499 1718; x_wconf 86' lang='lat' dir='ltr'><em>ad</em></span> <span class='ocrx_word' id='word_1_197' title='bbox 529 1685 642 1718; x_wconf 85' lang='lat' dir='ltr'><em>tuam</em></span> <span class='ocrx_word' id='word_1_198' title='bbox 673 1678 923 1718; x_wconf 78' lang='lat' dir='ltr'><em>voluntatem</em></span> <span class='ocrx_word' id='word_1_199' title='bbox 955 1686 990 1719; x_wconf 88' lang='lat' dir='ltr'><em>te</em></span> <span class='ocrx_word' id='word_1_200' title='bbox 1020 1679 1162 1719; x_wconf 71' lang='lat' dir='ltr'><em>volare</em></span> <span class='ocrx_word' id='word_1_201' title='bbox 1187 1681 1439 1734; x_wconf 73' lang='lat' dir='ltr'><em>permittam.</em></span> <span class='ocrx_word' id='word_1_202' title='bbox 1490 1677 1568 1719; x_wconf 85' lang='lat' dir='ltr'><em>Cui</em></span> <span class='ocrx_word' id='word_1_203' title='bbox 1592 1678 1857 1734; x_wconf 82' lang='lat' dir='ltr'><em>philomena:</em></span> 
     </span>
     <span class='ocr_line' id='line_1_23' title="bbox 172 1747 1855 1805; baseline 0.002 -18"><span class='ocrx_word' id='word_1_204' title='bbox 172 1747 298 1788; x_wconf 86' lang='lat' dir='ltr'><em>Nunc</em></span> <span class='ocrx_word' id='word_1_205' title='bbox 327 1763 406 1803; x_wconf 89' lang='lat' dir='ltr'><em>pro</em></span> <span class='ocrx_word' id='word_1_206' title='bbox 440 1757 546 1789; x_wconf 86' lang='lat' dir='ltr'><em>certo</em></span> <span class='ocrx_word' id='word_1_207' title='bbox 580 1757 615 1790; x_wconf 88' lang='lat' dir='ltr'><em>te</em></span> <span class='ocrx_word' id='word_1_208' title='bbox 634 1749 810 1803; x_wconf 82' lang='lat' dir='ltr'><em>fatuum</em></span> <span class='ocrx_word' id='word_1_209' title='bbox 841 1764 924 1790; x_wconf 85' lang='lat' dir='ltr'><em>esse</em></span> <span class='ocrx_word' id='word_1_210' title='bbox 957 1765 1171 1805; x_wconf 65' lang='lat' dir='ltr'><em>coynosco,</em></span> <span class='ocrx_word' id='word_1_211' title='bbox 1204 1766 1303 1790; x_wconf 85' lang='lat' dir='ltr'><em>nam</em></span> <span class='ocrx_word' id='word_1_212' title='bbox 1334 1765 1382 1791; x_wconf 74' lang='lat' dir='ltr'><em>ea·</em></span> <span class='ocrx_word' id='word_1_213' title='bbox 1411 1751 1513 1802; x_wconf 88' lang='lat' dir='ltr'><em>illis,</em></span> <span class='ocrx_word' id='word_1_214' title='bbox 1549 1764 1626 1805; x_wconf 81' lang='lat' dir='ltr'><em>que</em></span> <span class='ocrx_word' id='word_1_215' title='bbox 1648 1749 1724 1790; x_wconf 86' lang='lat' dir='ltr'><em>tibi</em></span> <span class='ocrx_word' id='word_1_216' title='bbox 1750 1750 1855 1802; x_wconf 68' lang='lat' dir='ltr'><em>dixi,</em></span> 
     </span>
     <span class='ocr_line' id='line_1_24' title="bbox 170 1819 1858 1877; baseline 0.002 -18"><span class='ocrx_word' id='word_1_217' title='bbox 170 1819 332 1859; x_wconf 78' lang='lat' dir='ltr'><em>nullum</em></span> <span class='ocrx_word' id='word_1_218' title='bbox 356 1820 595 1875; x_wconf 85' lang='lat' dir='ltr'><em>profectum</em></span> <span class='ocrx_word' id='word_1_219' title='bbox 626 1820 821 1872; x_wconf 78' lang='lat' dir='ltr'><em>habuisti,</em></span> <span class='ocrx_word' id='word_1_220' title='bbox 856 1823 958 1876; x_wconf 80' lang='lat' dir='ltr'><em>quia</em></span> <span class='ocrx_word' id='word_1_221' title='bbox 989 1822 1037 1862; x_wconf 89' lang='lat' dir='ltr'><em>de</em></span> <span class='ocrx_word' id='word_1_222' title='bbox 1067 1836 1112 1862; x_wconf 90' lang='lat' dir='ltr'><em>re</em></span> <span class='ocrx_word' id='word_1_223' title='bbox 1136 1822 1309 1876; x_wconf 82' lang='lat' dir='ltr'><em>perdita</em></span> <span class='ocrx_word' id='word_1_224' title='bbox 1330 1829 1367 1862; x_wconf 91' lang='lat' dir='ltr'><em>et</em></span> <span class='ocrx_word' id='word_1_225' title='bbox 1395 1821 1717 1877; x_wconf 73' lang='lat' dir='ltr'><em>irrecuperabili</em></span> <span class='ocrx_word' id='word_1_226' title='bbox 1746 1821 1858 1862; x_wconf 82' lang='lat' dir='ltr'><em>doles</em></span> 
     </span>
     <span class='ocr_line' id='line_1_25' title="bbox 172 1893 1858 1948; baseline 0.002 -18"><span class='ocrx_word' id='word_1_227' title='bbox 172 1898 209 1931; x_wconf 90' lang='lat' dir='ltr'><em>et</em></span> <span class='ocrx_word' id='word_1_228' title='bbox 238 1905 300 1931; x_wconf 89' lang='lat' dir='ltr'><em>me</em></span> <span class='ocrx_word' id='word_1_229' title='bbox 327 1906 506 1946; x_wconf 78' lang='lat' dir='ltr'><em>nequeas</em></span> <span class='ocrx_word' id='word_1_230' title='bbox 540 1906 685 1946; x_wconf 84' lang='lat' dir='ltr'><em>capere</em></span> <span class='ocrx_word' id='word_1_231' title='bbox 695 1908 709 1941; x_wconf 88' lang='lat'><em>‚·</em></span> <span class='ocrx_word' id='word_1_232' title='bbox 741 1899 778 1932; x_wconf 91' lang='lat' dir='ltr'><em>et</em></span> <span class='ocrx_word' id='word_1_233' title='bbox 808 1900 943 1932; x_wconf 86' lang='lat' dir='ltr'><em>tamen</em></span> <span class='ocrx_word' id='word_1_234' title='bbox 972 1908 1049 1948; x_wconf 85' lang='lat' dir='ltr'><em>per</em></span> <span class='ocrx_word' id='word_1_235' title='bbox 1079 1893 1189 1934; x_wconf 86' lang='lat' dir='ltr'><em>rethe</em></span> <span class='ocrx_word' id='word_1_236' title='bbox 1221 1901 1335 1933; x_wconf 89' lang='lat' dir='ltr'><em>tuum</em></span> <span class='ocrx_word' id='word_1_237' title='bbox 1366 1894 1586 1948; x_wconf 81' lang='lat' dir='ltr'><em>temptasti,</em></span> <span class='ocrx_word' id='word_1_238' title='bbox 1620 1901 1657 1934; x_wconf 87' lang='lat' dir='ltr'><em>et</em></span> <span class='ocrx_word' id='word_1_239' title='bbox 1685 1894 1858 1948; x_wconf 82' lang='lat' dir='ltr'><em>insuper</em></span> 
     </span>
     <span class='ocr_line' id='line_1_26' title="bbox 102 1963 1855 2019; baseline 0.001 -17"><span class='ocrx_word' id='word_1_240' title='bbox 102 1968 147 2003; x_wconf 82' lang='lat'><em>25</em></span> <span class='ocrx_word' id='word_1_241' title='bbox 172 1964 447 2017; x_wconf 61' lang='lat' dir='ltr'><em>maryaritam</em></span> <span class='ocrx_word' id='word_1_242' title='bbox 477 1964 524 2002; x_wconf 89' lang='lat' dir='ltr'><em>in</em></span> <span class='ocrx_word' id='word_1_243' title='bbox 553 1964 653 2003; x_wconf 83' lang='lat' dir='ltr'><em>meis</em></span> <span class='ocrx_word' id='word_1_244' title='bbox 683 1963 908 2004; x_wconf 70' lang='lat' dir='ltr'><em>visceribus</em></span> <span class='ocrx_word' id='word_1_245' title='bbox 936 1979 1019 2005; x_wconf 87' lang='lat' dir='ltr'><em>esse</em></span> <span class='ocrx_word' id='word_1_246' title='bbox 1042 1964 1268 2016; x_wconf 72' lang='lat' dir='ltr'><em>credidisti,</em></span> <span class='ocrx_word' id='word_1_247' title='bbox 1303 1979 1394 2004; x_wconf 80' lang='lat' dir='ltr'><em>cum</em></span> <span class='ocrx_word' id='word_1_248' title='bbox 1416 1979 1487 2019; x_wconf 69' lang='lat' dir='ltr'><em>eqo</em></span> <span class='ocrx_word' id='word_1_249' title='bbox 1511 1972 1595 2005; x_wconf 82' lang='lat' dir='ltr'><em>tota</em></span> <span class='ocrx_word' id='word_1_250' title='bbox 1616 1965 1673 2005; x_wconf 85' lang='lat' dir='ltr'><em>ad</em></span> <span class='ocrx_word' id='word_1_251' title='bbox 1691 1965 1855 2019; x_wconf 67' lang='lat' dir='ltr'><em>mayni-</em></span> 
     </span>
     <span class='ocr_line' id='line_1_27' title="bbox 173 2034 1856 2091; baseline 0.001 -18"><span class='ocrx_word' id='word_1_252' title='bbox 173 2034 357 2074; x_wconf 75' lang='lat' dir='ltr'><em>tudinem</em></span> <span class='ocrx_word' id='word_1_253' title='bbox 388 2035 611 2074; x_wconf 88' lang='lat' dir='ltr'><em>strucionis</em></span> <span class='ocrx_word' id='word_1_254' title='bbox 644 2036 712 2075; x_wconf 80' lang='lat' dir='ltr'><em>ovi</em></span> <span class='ocrx_word' id='word_1_255' title='bbox 741 2050 825 2076; x_wconf 88' lang='lat' dir='ltr'><em>non</em></span> <span class='ocrx_word' id='word_1_256' title='bbox 855 2036 1017 2076; x_wconf 73' lang='lat' dir='ltr'><em>valeam</em></span> <span class='ocrx_word' id='word_1_257' title='bbox 1042 2037 1291 2091; x_wconf 65' lang='lat' dir='ltr'><em>pertinqere.</em></span> <span class='ocrx_word' id='word_1_258' title='bbox 1349 2034 1510 2077; x_wconf 76' lang='lat' dir='ltr'><em>Stultus</em></span> <span class='ocrx_word' id='word_1_259' title='bbox 1543 2050 1583 2076; x_wconf 90' lang='lat' dir='ltr'><em>es</em></span> <span class='ocrx_word' id='word_1_260' title='bbox 1614 2043 1652 2077; x_wconf 90' lang='lat' dir='ltr'><em>et</em></span> <span class='ocrx_word' id='word_1_261' title='bbox 1679 2037 1725 2076; x_wconf 91' lang='lat' dir='ltr'><em>in</em></span> <span class='ocrx_word' id='word_1_262' title='bbox 1756 2035 1856 2076; x_wconf 80' lang='lat' dir='ltr'><em>stul-</em></span> 
     </span>
     <span class='ocr_line' id='line_1_28' title="bbox 173 2106 1856 2160; baseline 0.001 -15"><span class='ocrx_word' id='word_1_263' title='bbox 173 2106 273 2145; x_wconf 88' lang='lat' dir='ltr'><em>ticia</em></span> <span class='ocrx_word' id='word_1_264' title='bbox 304 2113 376 2145; x_wconf 83' lang='lat' dir='ltr'><em>tua</em></span> <span class='ocrx_word' id='word_1_265' title='bbox 408 2120 567 2160; x_wconf 85' lang='lat' dir='ltr'><em>semper</em></span> <span class='ocrx_word' id='word_1_266' title='bbox 596 2106 869 2160; x_wconf 72' lang='lat' dir='ltr'><em>permanebis.</em></span> <span class='ocrx_word' id='word_1_267' title='bbox 906 2107 1003 2147; x_wconf 82' lang='lat' dir='ltr'><em>Hiis</em></span> <span class='ocrx_word' id='word_1_268' title='bbox 1036 2108 1158 2148; x_wconf 84' lang='lat' dir='ltr'><em>dictis</em></span> <span class='ocrx_word' id='word_1_269' title='bbox 1181 2108 1384 2156; x_wconf 74' lang='lat' dir='ltr'><em>avolavit‚·</em></span> <span class='ocrx_word' id='word_1_270' title='bbox 1415 2107 1533 2148; x_wconf 91' lang='lat' dir='ltr'><em>homo</em></span> <span class='ocrx_word' id='word_1_271' title='bbox 1558 2115 1694 2148; x_wconf 84' lang='lat' dir='ltr'><em>autem</em></span> <span class='ocrx_word' id='word_1_272' title='bbox 1715 2107 1856 2148; x_wconf 87' lang='lat' dir='ltr'><em>dolens</em></span> 
     </span>
     <span class='ocr_line' id='line_1_29' title="bbox 172 2177 1447 2233; baseline 0.002 -17"><span class='ocrx_word' id='word_1_273' title='bbox 172 2183 208 2217; x_wconf 86' lang='lat' dir='ltr'><em>et</em></span> <span class='ocrx_word' id='word_1_274' title='bbox 239 2177 368 2217; x_wconf 85' lang='lat' dir='ltr'><em>tristis</em></span> <span class='ocrx_word' id='word_1_275' title='bbox 400 2177 457 2217; x_wconf 89' lang='lat' dir='ltr'><em>ad</em></span> <span class='ocrx_word' id='word_1_276' title='bbox 487 2177 654 2217; x_wconf 84' lang='lat' dir='ltr'><em>domum</em></span> <span class='ocrx_word' id='word_1_277' title='bbox 684 2178 810 2218; x_wconf 84' lang='lat' dir='ltr'><em>rediit</em></span> <span class='ocrx_word' id='word_1_278' title='bbox 841 2186 877 2218; x_wconf 88' lang='lat' dir='ltr'><em>et</em></span> <span class='ocrx_word' id='word_1_279' title='bbox 900 2178 1186 2233; x_wconf 76' lang='lat' dir='ltr'><em>philomenam</em></span> <span class='ocrx_word' id='word_1_280' title='bbox 1216 2193 1301 2219; x_wconf 89' lang='lat' dir='ltr'><em>non</em></span> <span class='ocrx_word' id='word_1_281' title='bbox 1331 2179 1447 2219; x_wconf 77' lang='lat' dir='ltr'><em>vidit.</em></span> 
     </span>
     <span class='ocr_line' id='line_1_30' title="bbox 290 2247 1853 2305; baseline 0.001 -17"><span class='ocrx_word' id='word_1_282' title='bbox 290 2247 340 2288; x_wconf 93' lang='lat' dir='ltr'><em>M</em></span> <span class='ocrx_word' id='word_1_283' title='bbox 341 2248 433 2288; x_wconf 86' lang='lat' dir='ltr'><em>oral</em></span> <span class='ocrx_word' id='word_1_284' title='bbox 436 2249 577 2289; x_wconf 54' lang='lat' dir='ltr'><em>isacio.</em></span> <span class='ocrx_word' id='word_1_285' title='bbox 622 2247 852 2301; x_wconf 86' lang='lat' dir='ltr'><em>Carissimi,</em></span> <span class='ocrx_word' id='word_1_286' title='bbox 883 2250 958 2290; x_wconf 85' lang='lat' dir='ltr'><em>iste</em></span> <span class='ocrx_word' id='word_1_287' title='bbox 973 2257 1110 2304; x_wconf 86' lang='lat' dir='ltr'><em>potest</em></span> <span class='ocrx_word' id='word_1_288' title='bbox 1131 2251 1218 2291; x_wconf 88' lang='lat' dir='ltr'><em>dici</em></span> <span class='ocrx_word' id='word_1_289' title='bbox 1238 2249 1409 2305; x_wconf 76' lang='lat' dir='ltr'><em>quilibet</em></span> <span class='ocrx_word' id='word_1_290' title='bbox 1429 2249 1558 2290; x_wconf 85' lang='lat' dir='ltr'><em>bonus</em></span> <span class='ocrx_word' id='word_1_291' title='bbox 1580 2248 1853 2302; x_wconf 73' lang='lat' dir='ltr'><em>Christianus,</em></span> 
     </span>
     <span class='ocr_line' id='line_1_31' title="bbox 101 2318 1854 2376; baseline 0 -16"><span class='ocrx_word' id='word_1_292' title='bbox 101 2326 146 2360; x_wconf 91' lang='lat'><em>30</em></span> <span class='ocrx_word' id='word_1_293' title='bbox 173 2320 247 2373; x_wconf 80' lang='lat' dir='ltr'><em>qui</em></span> <span class='ocrx_word' id='word_1_294' title='bbox 275 2320 322 2359; x_wconf 88' lang='lat' dir='ltr'><em>in</em></span> <span class='ocrx_word' id='word_1_295' title='bbox 343 2318 546 2374; x_wconf 81' lang='lat' dir='ltr'><em>baptismo</em></span> <span class='ocrx_word' id='word_1_296' title='bbox 580 2336 605 2360; x_wconf 88' lang='lat' dir='ltr'><em>a</em></span> <span class='ocrx_word' id='word_1_297' title='bbox 630 2329 802 2375; x_wconf 86' lang='lat' dir='ltr'><em>peccato</em></span> <span class='ocrx_word' id='word_1_298' title='bbox 827 2321 1029 2376; x_wconf 37' lang='lat' dir='ltr'><em>ori‘qinali</em></span> <span class='ocrx_word' id='word_1_299' title='bbox 1050 2329 1107 2362; x_wconf 87' lang='lat' dir='ltr'><em>est</em></span> <span class='ocrx_word' id='word_1_300' title='bbox 1129 2322 1248 2372; x_wconf 85' lang='lat' dir='ltr'><em>lotus,</em></span> <span class='ocrx_word' id='word_1_301' title='bbox 1282 2323 1328 2361; x_wconf 82' lang='lat' dir='ltr'><em>in</em></span> <span class='ocrx_word' id='word_1_302' title='bbox 1352 2336 1431 2376; x_wconf 79' lang='lat' dir='ltr'><em>quo</em></span> <span class='ocrx_word' id='word_1_303' title='bbox 1455 2320 1658 2376; x_wconf 78' lang='lat' dir='ltr'><em>baptismo</em></span> <span class='ocrx_word' id='word_1_304' title='bbox 1680 2322 1854 2376; x_wconf 68' lang='lat' dir='ltr'><em>sayittas</em></span> 
     </span>
     <span class='ocr_line' id='line_1_32' title="bbox 171 2391 1851 2445; baseline 0.002 -16"><span class='ocrx_word' id='word_1_305' title='bbox 171 2397 314 2430; x_wconf 81' lang='lat' dir='ltr'><em>acutas</em></span> <span class='ocrx_word' id='word_1_306' title='bbox 345 2392 499 2445; x_wconf 86' lang='lat' dir='ltr'><em>recepit</em></span> <span class='ocrx_word' id='word_1_307' title='bbox 528 2391 682 2431; x_wconf 83' lang='lat' dir='ltr'><em>scilicet</em></span> <span class='ocrx_word' id='word_1_308' title='bbox 712 2393 881 2432; x_wconf 71' lang='lat' dir='ltr'><em>virtutes</em></span> <span class='ocrx_word' id='word_1_309' title='bbox 923 2400 1067 2433; x_wconf 86' lang='lat' dir='ltr'><em>contra</em></span> <span class='ocrx_word' id='word_1_310' title='bbox 1099 2392 1332 2445; x_wconf 80' lang='lat' dir='ltr'><em>diabolum,</em></span> <span class='ocrx_word' id='word_1_311' title='bbox 1373 2393 1573 2433; x_wconf 77' lang='lat' dir='ltr'><em>niundum</em></span> <span class='ocrx_word' id='word_1_312' title='bbox 1609 2400 1647 2433; x_wconf 89' lang='lat' dir='ltr'><em>et</em></span> <span class='ocrx_word' id='word_1_313' title='bbox 1676 2407 1851 2433; x_wconf 86' lang='lat' dir='ltr'><em>carnem.</em></span> 
     </span>
     <span class='ocr_line' id='line_1_33' title="bbox 172 2461 1851 2516; baseline 0.002 -15"><span class='ocrx_word' id='word_1_314' title='bbox 172 2461 347 2516; x_wconf 80' lang='lat' dir='ltr'><em>Accepit</em></span> <span class='ocrx_word' id='word_1_315' title='bbox 384 2462 669 2516; x_wconf 86' lang='lat' dir='ltr'><em>philomenam</em></span> <span class='ocrx_word' id='word_1_316' title='bbox 721 2463 876 2504; x_wconf 81' lang='lat' dir='ltr'><em>scilicet</em></span> <span class='ocrx_word' id='word_1_317' title='bbox 926 2465 1138 2504; x_wconf 84' lang='lat' dir='ltr'><em>dominum</em></span> <span class='ocrx_word' id='word_1_318' title='bbox 1188 2471 1375 2504; x_wconf 86' lang='lat' dir='ltr'><em>nostrum</em></span> <span class='ocrx_word' id='word_1_319' title='bbox 1422 2463 1587 2504; x_wconf 87' lang='lat' dir='ltr'><em>Ihesum</em></span> <span class='ocrx_word' id='word_1_320' title='bbox 1632 2461 1851 2516; x_wconf 83' lang='lat' dir='ltr'><em>Christum,</em></span> 
     </span>
     <span class='ocr_line' id='line_1_34' title="bbox 172 2533 1906 2590; baseline 0.003 -18"><span class='ocrx_word' id='word_1_321' title='bbox 172 2533 338 2587; x_wconf 80' lang='lat' dir='ltr'><em>quando</em></span> <span class='ocrx_word' id='word_1_322' title='bbox 370 2534 632 2573; x_wconf 80' lang='lat' dir='ltr'><em>renunciavit</em></span> <span class='ocrx_word' id='word_1_323' title='bbox 662 2533 828 2575; x_wconf 81' lang='lat' dir='ltr'><em>diabolo</em></span> <span class='ocrx_word' id='word_1_324' title='bbox 861 2542 898 2575; x_wconf 89' lang='lat' dir='ltr'><em>et</em></span> <span class='ocrx_word' id='word_1_325' title='bbox 929 2535 1116 2576; x_wconf 83' lang='lat' dir='ltr'><em>omnihus</em></span> <span class='ocrx_word' id='word_1_326' title='bbox 1142 2536 1313 2590; x_wconf 86' lang='lat' dir='ltr'><em>pompis</em></span> <span class='ocrx_word' id='word_1_327' title='bbox 1338 2535 1434 2588; x_wconf 82' lang='lat' dir='ltr'><em>ejus.</em></span> <span class='ocrx_word' id='word_1_328' title='bbox 1481 2534 1566 2586; x_wconf 81' lang='lat' dir='ltr'><em>Qui</em></span> <span class='ocrx_word' id='word_1_329' title='bbox 1594 2536 1700 2576; x_wconf 87' lang='lat' dir='ltr'><em>miro</em></span> <span class='ocrx_word' id='word_1_330' title='bbox 1730 2536 1852 2577; x_wconf 88' lang='lat' dir='ltr'><em>modo</em></span> <span class='ocrx_word' id='word_1_331' title='bbox 1900 2539 1906 2542; x_wconf 53' lang='grc'><em>”</em></span> 
     </span>
     <span class='ocr_line' id='line_1_35' title="bbox 171 2604 1851 2661; baseline 0.002 -18"><span class='ocrx_word' id='word_1_332' title='bbox 171 2604 346 2644; x_wconf 83' lang='lat' dir='ltr'><em>dulciter</em></span> <span class='ocrx_word' id='word_1_333' title='bbox 377 2605 578 2656; x_wconf 76' lang='lat' dir='ltr'><em>cantavit,</em></span> <span class='ocrx_word' id='word_1_334' title='bbox 613 2606 780 2659; x_wconf 77' lang='lat' dir='ltr'><em>quando</em></span> <span class='ocrx_word' id='word_1_335' title='bbox 814 2608 1049 2646; x_wconf 84' lang='lat' dir='ltr'><em>oracionem</em></span> <span class='ocrx_word' id='word_1_336' title='bbox 1074 2607 1196 2661; x_wconf 89' lang='lat' dir='ltr'><em>patri</em></span> <span class='ocrx_word' id='word_1_337' title='bbox 1226 2606 1361 2647; x_wconf 86' lang='lat' dir='ltr'><em>celesti</em></span> <span class='ocrx_word' id='word_1_338' title='bbox 1386 2621 1466 2661; x_wconf 90' lang='lat' dir='ltr'><em>pro</em></span> <span class='ocrx_word' id='word_1_339' title='bbox 1496 2621 1643 2661; x_wconf 67' lang='lat' dir='ltr'><em>yenere</em></span> <span class='ocrx_word' id='word_1_340' title='bbox 1673 2606 1851 2648; x_wconf 85' lang='lat' dir='ltr'><em>humano</em></span> 
     </span>
     <span class='ocr_line' id='line_1_36' title="bbox 101 2675 1853 2732; baseline 0.002 -16"><span class='ocrx_word' id='word_1_341' title='bbox 101 2682 146 2717; x_wconf 85' lang='lat'><em>35</em></span> <span class='ocrx_word' id='word_1_342' title='bbox 170 2675 350 2729; x_wconf 80' lang='lat' dir='ltr'><em>infudit,</em></span> <span class='ocrx_word' id='word_1_343' title='bbox 406 2676 477 2716; x_wconf 85' lang='lat' dir='ltr'><em>sed</em></span> <span class='ocrx_word' id='word_1_344' title='bbox 521 2677 646 2716; x_wconf 85' lang='lat' dir='ltr'><em>miser</em></span> <span class='ocrx_word' id='word_1_345' title='bbox 684 2685 881 2731; x_wconf 84' lang='lat' dir='ltr'><em>peccator</em></span> <span class='ocrx_word' id='word_1_346' title='bbox 924 2679 1048 2718; x_wconf 89' lang='lat' dir='ltr'><em>istam</em></span> <span class='ocrx_word' id='word_1_347' title='bbox 1088 2677 1390 2732; x_wconf 87' lang='lat' dir='ltr'><em>philomenam,</em></span> <span class='ocrx_word' id='word_1_348' title='bbox 1442 2677 1597 2718; x_wconf 84' lang='lat' dir='ltr'><em>scilicet</em></span> <span class='ocrx_word' id='word_1_349' title='bbox 1640 2678 1853 2719; x_wconf 88' lang='lat' dir='ltr'><em>dominum</em></span> 
     </span>
     <span class='ocr_line' id='line_1_37' title="bbox 170 2745 1850 2805; baseline 0.002 -19"><span class='ocrx_word' id='word_1_350' title='bbox 170 2754 356 2786; x_wconf 76' lang='lat' dir='ltr'><em>nostrum</em></span> <span class='ocrx_word' id='word_1_351' title='bbox 388 2746 552 2787; x_wconf 84' lang='lat' dir='ltr'><em>Ihesum</em></span> <span class='ocrx_word' id='word_1_352' title='bbox 584 2745 808 2799; x_wconf 75' lang='lat' dir='ltr'><em>Christum,</em></span> <span class='ocrx_word' id='word_1_353' title='bbox 853 2750 1048 2803; x_wconf 69' lang='lat' dir='ltr'><em>coyitavit</em></span> <span class='ocrx_word' id='word_1_354' title='bbox 1079 2750 1280 2801; x_wconf 80' lang='lat' dir='ltr'><em>occidere,</em></span> <span class='ocrx_word' id='word_1_355' title='bbox 1315 2750 1500 2804; x_wconf 81' lang='lat' dir='ltr'><em>quotiens</em></span> <span class='ocrx_word' id='word_1_356' title='bbox 1533 2750 1729 2804; x_wconf 60' lang='lat' dir='ltr'><em>cogitavit</em></span> <span class='ocrx_word' id='word_1_357' title='bbox 1755 2764 1850 2805; x_wconf 87' lang='lat' dir='ltr'><em>pec-</em></span> 
     </span>
     <span class='ocr_line' id='line_1_38' title="bbox 175 2819 1853 2875; baseline 0.004 -19"><span class='ocrx_word' id='word_1_358' title='bbox 175 2824 311 2857; x_wconf 86' lang='lat' dir='ltr'><em>catum</em></span> <span class='ocrx_word' id='word_1_359' title='bbox 341 2819 514 2859; x_wconf 57' lang='lat' dir='ltr'><em>‘mortale</em></span> <span class='ocrx_word' id='word_1_360' title='bbox 539 2826 799 2873; x_wconf 85' lang='lat' dir='ltr'><em>perpetrare,</em></span> <span class='ocrx_word' id='word_1_361' title='bbox 834 2821 940 2860; x_wconf 81' lang='lat' dir='ltr'><em>sicut</em></span> <span class='ocrx_word' id='word_1_362' title='bbox 971 2821 1073 2860; x_wconf 85' lang='lat' dir='ltr'><em>dicit</em></span> <span class='ocrx_word' id='word_1_363' title='bbox 1093 2820 1327 2875; x_wconf 87' lang='lat' dir='ltr'><em>apostolus:</em></span> <span class='ocrx_word' id='word_1_364' title='bbox 1360 2819 1529 2871; x_wconf 87' lang='lat' dir='ltr'><em>Iterum,</em></span> <span class='ocrx_word' id='word_1_365' title='bbox 1565 2828 1765 2874; x_wconf 78' lang='lat' dir='ltr'><em>quantum</em></span> <span class='ocrx_word' id='word_1_366' title='bbox 1795 2828 1853 2862; x_wconf 87' lang='lat' dir='ltr'><em>est</em></span> 
     </span>
     <span class='ocr_line' id='line_1_39' title="bbox 171 2888 1853 2946; baseline 0.004 -19"><span class='ocrx_word' id='word_1_367' title='bbox 171 2888 217 2927; x_wconf 84' lang='lat' dir='ltr'><em>in</em></span> <span class='ocrx_word' id='word_1_368' title='bbox 250 2889 319 2939; x_wconf 86' lang='lat' dir='ltr'><em>eis,</em></span> <span class='ocrx_word' id='word_1_369' title='bbox 356 2890 600 2945; x_wconf 64' lang='lat' dir='ltr'><em>crucifiqunt</em></span> <span class='ocrx_word' id='word_1_370' title='bbox 619 2890 760 2943; x_wconf 85' lang='lat' dir='ltr'><em>filium</em></span> <span class='ocrx_word' id='word_1_371' title='bbox 783 2891 859 2930; x_wconf 85' lang='lat' dir='ltr'><em>dei.</em></span> <span class='ocrx_word' id='word_1_372' title='bbox 904 2890 990 2933; x_wconf 85' lang='lat' dir='ltr'><em>Sed</em></span> <span class='ocrx_word' id='word_1_373' title='bbox 1010 2891 1228 2946; x_wconf 67' lang='lat' dir='ltr'><em>diliyenter</em></span> <span class='ocrx_word' id='word_1_374' title='bbox 1249 2891 1455 2943; x_wconf 87' lang='lat' dir='ltr'><em>attendite,</em></span> <span class='ocrx_word' id='word_1_375' title='bbox 1490 2892 1601 2946; x_wconf 82' lang='lat' dir='ltr'><em>quod</em></span> <span class='ocrx_word' id='word_1_376' title='bbox 1621 2892 1718 2932; x_wconf 83' lang='lat' dir='ltr'><em>deus</em></span> <span class='ocrx_word' id='word_1_377' title='bbox 1740 2893 1853 2933; x_wconf 85' lang='lat' dir='ltr'><em>dedit</em></span> 
     </span>
     <span class='ocr_line' id='line_1_40' title="bbox 263 2967 639 3015; baseline 0.008 -14"><span class='ocrx_word' id='word_1_378' title='bbox 263 2967 307 3002; x_wconf 79' lang='lat'><em>25</em></span> <span class='ocrx_word' id='word_1_379' title='bbox 332 2968 411 3013; x_wconf 80' lang='lat' dir='ltr'><em>ego]</em></span> <span class='ocrx_word' id='word_1_380' title='bbox 440 2974 524 3015; x_wconf 71' lang='lat' dir='ltr'><em>orz&#39;9.</em></span> <span class='ocrx_word' id='word_1_381' title='bbox 543 2979 639 3014; x_wconf 85' lang='lat' dir='ltr'><em>ergo.</em></span> 
     </span>
    </p>
   </div>
  </div>
 </body>
</html>
