1929 3157
890 61 970 101 183

639 283 678 331 b)
729 283 830 323 Ans
874 281 1210 323 Frankreicli.

470 408 628 444 LXXX.
668 408 760 445 Coo.
787 410 917 445 Puris.
944 410 1018 445 lat.
1045 408 1144 444 6244
1161 409 1215 456 A,
1249 412 1383 454 ‹nrart-

596 480 649 514 Bl.
672 481 880 516 184-219.
920 491 950 515 0.
975 481 1074 515 1439.
1109 482 1155 515 40
1181 492 1259 525 cap.

198 574 404 630 Incipiunt
435 579 554 629 gesta
586 575 879 619 Romanorum.
936 576 1012 618 Mit
1053 577 1261 630 gemalten
1297 577 1505 631 initialem,
1548 583 1641 631 gut,
1681 578 1780 620 aber

78 645 223 688 hochst
261 646 467 689 ineorreet
497 647 780 700 geschrieben.
838 648 923 690 Der
957 648 1271 700 ‹lurehgehends
1306 662 1383 690 von
1419 648 1635 691 derselben
1668 649 1779 691 hand

76 717 370 770 geschriebene
411 718 540 760 codex
582 722 755 760 stammt
796 733 869 760 aus
912 719 1079 772 italien,
1122 720 1178 761 ist
1216 719 1315 761 aber
1355 719 1539 761 offenbar
1579 720 1782 762 abschrift

77 788 191 830 einer
224 801 302 830 von
335 788 556 831 deutselier
587 789 696 831 hand
730 789 1053 842 gesohriebenen
1082 790 1263 842 vorlage.
1313 790 1416 832 Eins
1440 790 1513 832 der
1535 790 1613 833 den
1636 795 1779 844 gesten

77 859 439 914 vorhergehenden
475 861 619 903 stiicke
652 860 793 914 endigt
828 862 901 902 auf
929 861 1035 903 blatt
1066 862 1204 903 12‘2a:
1240 861 1428 916 Explicit
1458 861 1563 904 liber
1596 862 1778 904 Tereius.

77 931 233 973 domini
266 930 543 987 Marehipauli
578 932 627 974 de
661 932 841 974 venitiis.
893 932 954 974 De
981 932 1302 974 Condicionibus
1337 937 1376 974 et
1399 933 1780 976 Consuetudinibus

78 1001 351 1044 Orientalium
386 1002 630 1057 Regionum.
687 1002 815 1053 Quem
858 1004 1007 1060 scripsi
1040 1004 1128 1057 Ego
1162 1004 1292 1046 helias
1326 1005 1375 1046 de
1407 1004 1552 1046 Bosco.
1587 1004 1781 1047 florencie

77 1086 152 1129 pro
185 1073 323 1116 Nobili
364 1078 405 1116 et
447 1074 639 1129 prudenti
680 1075 768 1116 viro
802 1074 1002 1129 Magistro
1035 1074 1190 1117 Jacobo
1225 1074 1367 1117 sinaris
1402 1080 1443 1117 et
1474 1075 1674 1130 Magistro
1709 1076 1780 1118 ho-

77 1144 222 1186 stiario
264 1144 525 1188 Sanctissimi
568 1146 722 1187 domini
765 1147 896 1189 nostri
939 1160 1045 1202 pape
1082 1146 1258 1199 Eugenii
1293 1146 1451 1196 Quarti.
1507 1146 1780 1190 pontificatus

79 1216 156 1258 sui.
206 1216 329 1258 Anno
362 1216 493 1258 Nono.
541 1218 784 1267 (zi-129.)

111 1301 146 1341 1.

109 1442 151 1484 2.

108 1585 147 1626 3.

106 1727 146 1769 4.

81 2582 147 2624 10.

81 2725 146 2766 11.

81 2866 147 2908 12.

196 1298 329 1351 (011110
360 1299 643 1353 ilbersr-hrift.)
692 1300 928 1342 Dorotheus
961 1300 1193 1356 Imperator
1215 1301 1362 1343 statuit
1384 1315 1459 1356 pro
1482 1301 1584 1355 lege.
1636 1301 1782 1353 (Vater

198 1370 298 1413 oder
329 1374 486 1413 mutter
517 1371 686 1425 folgen.)
733 1371 804 1413 lat.
832 1373 897 1413 14.

196 1441 259 1484 De
281 1441 441 1495 Regina
473 1446 513 1484 et
535 1442 694 1484 duobus
716 1443 929 1485 fratribus.
979 1442 1153 1499 Pipinus
1178 1443 1379 1497 regnavit.
1430 1443 1658 1495 (Stiefkind
1682 1444 1781 1487 oder

197 1513 358 1556 reehtes
391 1513 524 1566 kind.)
571 1514 642 1556 lat.
672 1515 766 1555 116.

196 1583 258 1627 De
291 1583 547 1640 Imperatore
581 1586 649 1639 qui
684 1585 786 1627 duos
820 1585 947 1628 Filios
981 1586 1126 1628 habuit
1159 1590 1234 1628 ete.
1284 1585 1502 1640 Rorganus
1535 1586 1778 1642 imperator.

197 1655 341 1707 (Vater
373 1656 522 1711 heilen‚
556 1660 711 1699 mutter
743 1657 888 1709 nieht.)
935 1657 1006 1699 lat.
1035 1658 1130 1699 112.

194 1726 258 1770 De
289 1740 386 1781 rege
419 1728 489 1783 qui
520 1727 626 1770 Filio
660 1741 733 1770 suo
769 1729 941 1784 pigriori
968 1728 1157 1783 Regnum
1181 1742 1299 1770 suum
1326 1728 1543 1784 disposuit.
1592 1727 1777 1771 Polinus.

198 1797 300 1850 (Der
331 1798 514 1852 faulste.)
561 1799 632 1841 lat.
658 1800 726 1841 91.

194 1868 257 1912 De
293 1869 495 1912 Basilisco
535 1874 576 1913 et
608 1869 798 1926 Speculo.
856 1870 1097 1914 Alexander
1139 1871 1209 1926 qui
1249 1871 1492 1913 dominium.
1549 1869 1777 1922 (Basilisk.)

195 1941 267 1984 lat.
294 1941 390 1983 139.

195 2011 258 2056 De
279 2012 443 2056 Arbore
476 2016 516 2055 et
548 2013 747 2055 uxoribus
773 2013 1001 2069 suspensis.
1048 2011 1191 2054 Refert
1212 2012 1405 2056 valerius.
1457 2012 1777 2066 (Hangebaum.)

194 2083 267 2126 lat.
291 2084 360 2125 33.
1301 2077 1306 2086 ’

194 2154 257 2198 De
279 2154 438 2209 Regina
470 2168 549 2209 que
571 2158 655 2198 tres
679 2155 844 2211 spurios
867 2158 943 2198 ete.
984 2154 1161 2205 Quidam
1184 2154 1270 2198 Rex
1294 2154 1469 2197 Nobilis.
1514 2153 1776 2207 (Schiessen.)

193 2225 265 2269 lat.
291 2227 360 2268 45.

193 2297 256 2340 De
289 2297 438 2347 Tribus
471 2296 618 2351 Magis.
665 2297 753 2340 Rex
787 2297 989 2340 danorum
1023 2301 1107 2339 tres
1130 2296 1288 2351 Magos.
1337 2295 1461 2349 (Heil.
1482 2296 1569 2340 drei
1591 2296 1774 2350 konige.)

195 2368 266 2410 lat.
289 2369 359 2410 47.

194 2438 259 2482 De
291 2438 471 2494 Solongo
510 2440 579 2495 qui
613 2439 728 2483 dedit
759 2438 922 2482 oculum
957 2442 1032 2482 etc.
1088 2438 1244 2482 Reffert
1275 2439 1467 2482 valerius.
1525 2438 1774 2491 (Zaleucus.)

192 2510 265 2552 lat.
289 2510 358 2552 50.

194 2581 259 2624 Ι)0
289 2582 485 2637 ymagine
517 2585 558 2624 et
589 2594 712 2636 pomo
746 2586 787 2624 et
814 2580 955 2635 Regno
979 2581 1136 2623 mundi.
1185 2580 1341 2624 Reffert
1361 2581 1601 2624 Alexander
1623 2580 1772 2636 philos.

196 2652 368 2706 (Virgils
400 2652 517 2705 bild.)
569 2666 698 2707 germ.
726 2652 790 2693 18.

194 2723 257 2766 De
297 2723 390 2766 Tito
430 2728 471 2767 et
511 2723 673 2778 virgilio
713 2728 755 2766 et
794 2723 941 2766 Statua
980 2727 1021 2765 et
1058 2722 1166 2765 Foco
1207 2723 1338 2766 fabro.
1400 2723 1531 2765 Titus·
1592 2722 1772 2776 (Focus.)

194 2794 266 2837 lat.
290 2794 359 2836 57.

195 2865 259 2908 De
279 2865 527 2908 confessore.
572 2865 829 2919 Tenogarius
852 2864 1083 2921 Imperator
1104 2865 1321 2920 Regnavit.
1364 2864 1480 2916 (Drei
1503 2865 1772 2919 wahrheiten,

196 2937 306 2989 frei.)
352 2937 424 2979 lat.
449 2937 518 2978 58.
