1954 3137
178 1553 246 1594 78.

177 1695 245 1736 79.

177 1837 245 1879 80.

177 1980 244 2021 81.

177 2121 244 2162 82.

177 2263 245 2304 83.

177 2333 245 2374 84.

177 2475 245 2516 85.

179 2616 248 2658 86.

181 2899 249 2939 88.

987 101 1070 142 172

239 240 246 248 .
298 206 360 249 De
408 207 548 248 anima
596 207 840 249 adulterata.
904 205 1008 248 Erat
1055 206 1222 261 quidam
1264 207 1505 263 imperator.
1571 206 1707 259 (Sohn
1746 208 1880 250 todtet

296 280 452 319 mutter
483 277 628 330 nicht.)
676 277 748 320 lat.
778 279 872 319 100.

297 348 425 390 Rome
458 353 686 404 patuerunt
717 348 905 404 hyancia.
955 348 1001 390 In
1033 348 1170 390 medio
1204 362 1330 392 rome.
1381 349 1597 401 (Curtius)
1645 348 1717 391 lat.
1741 349 1812 390 43.

239 452 246 460 .
295 419 358 461 De
391 420 536 472 regina
568 433 646 474 que
678 424 763 461 tres
794 418 913 461 filios.
964 418 1138 469 Quidam
1173 433 1247 461 rex
1281 423 1372 462 erat
1402 419 1566 462 nobilis.
1616 418 1878 471 (Schiessen.)

296 490 368 531 lat.
392 491 461 531 45.

298 560 360 602 De
392 560 483 603 fure
514 564 554 603 et
576 574 704 603 uxore
728 565 769 603 et
792 560 968 616 hospite.
1014 560 1189 610 Quidam
1212 561 1291 603 fur.
1336 559 1644 613 (Mondstrahl.)
1687 560 1760 603 lat.
1782 561 1878 603 136.

237 663 246 672 .
296 630 359 673 De
401 631 534 673 milite
575 633 644 686 qui
685 631 1022 674 semiambulans.
1088 631 1264 682 Quidam
1305 632 1438 675 miles.
1505 631 1629 683 (Halb
1669 632 1879 685 geritten.)

297 702 368 744 lat.
398 703 492 743 1⁶24.

295 772 358 815 De
406 773 565 816 duobus
612 773 824 816 fratribus.
888 773 1022 816 Erant
1068 773 1148 815 duo
1191 774 1356 816 fratres.
1422 774 1546 826 (Drei
1585 771 1879 825 buohstaben.)

294 858 423 897 germ.
452 845 520 886 26.

295 914 358 957 De
397 914 602 969 colloquio
644 915 764 971 petri.
828 913 1016 957 Habetur
1054 915 1096 956 in
1137 915 1315 970 quodam
1357 915 1475 958 libro.
1541 914 1670 965 (Fsmf
1697 914 1880 968 narren.)

295 985 367 1027 lat.
399 987 491 1027 164.

295 1056 359 1098 De
390 1056 524 1098 tribus
558 1057 704 1109 magis.
753 1055 841 1099 Rex
874 1056 1077 1098 danorum
1109 1060 1195 1099 tres
1228 1070 1384 1111 magOS.
1433 1056 1556 1108 (Heil.
1581 1056 1670 1099 drei
1696 1055 1880 1110 konige.)

294 1127 366 1169 lat.
390 1128 460 1168 47.

295 1197 358 1240 De
390 1198 562 1251 zelongo
594 1198 848 1253 imperatore
881 1202 958 1240 etc.
1007 1198 1149 1241 Refert
1181 1198 1372 1240 valerius.
1423 1198 1671 1252 (Zaleucus.)
1712 1196 1784 1240 lat.
1809 1197 1878 1240 50.

293 1268 356 1311 De
397 1269 638 1312 allexandro
681 1282 845 1322 magne.
903 1269 1159 1312 Allexander
1195 1283 1387 1323 magnus.
1442 1268 1656 1322 (Geschirr
1687 1268 1879 1321 stehlen.)

296 1353 393 1395 app.
419 1341 458 1381 2.

237 1443 245 1452 .
295 1410 358 1452 De
397 1414 510 1467 tyto,
551 1411 738 1465 virgilio,
782 1414 921 1453 statua.
961 1416 1002 1454 et
1032 1411 1136 1453 foco.
1201 1411 1331 1467 Tytus
1364 1412 1407 1453 in
1441 1412 1621 1454 civitate.
1687 1410 1880 1464 (Focus.)

294 1481 366 1523 lat.
391 1482 460 1524 57.

294 1552 357 1595 De
398 1557 614 1608 peccatore
647 1558 688 1595 et
719 1553 968 1595 confessore.
1024 1553 1265 1607 Benegarus
1297 1555 1538 1610 imperator.
1595 1552 1714 1605 (Drei
1746 1552 1880 1595 wahr-

295 1624 447 1678 heiten,
480 1625 589 1676 frei.)
638 1624 709 1666 lat.
735 1624 803 1665 ¹58.

294 1694 357 1737 De
391 1695 642 1750 probacione
675 1695 877 1737 bonorum
911 1698 952 1737 et
981 1695 1200 1738 malorum.
1249 1696 1436 1752 Thosyas
1459 1695 1662 1750 regnavit.
1711 1695 1879 1748 (Baum-

296 1766 422 1818 erbe.)
472 1780 601 1820 germ.
628 1767 695 1808 81.

294 1837 357 1879 De
383 1837 559 1891 jonatha
592 1838 663 1891 qui
694 1837 875 1879 habebat
900 1838 1113 1879 amasiam.
1162 1838 1316 1880 Darius
1338 1838 1580 1893 imperator.
1628 1836 1879 1890 (Jonathas.)

296 1908 367 1950 lat.
397 1909 490 1949 1⁶20.

294 1978 356 2021 De
403 1979 533 2021 nimia
582 1979 913 2034 presumpcione.
976 1979 1224 2022 <Iovinianus
1262 1980 1505 2035 imperator.
1569 1979 1877 2031 (Jovinianus.)

293 2050 365 2092 lat.
393 2050 461 2091 59.

295 2121 357 2162 De
403 2120 488 2162 filio
532 2120 741 2163 forestarii
783 2126 857 2163 etc.
924 2121 1104 2164 Hanibal
1142 2123 1372 2177 imperator
1410 2122 1613 2176 regnavit.
1677 2120 1877 2173 (Redde.)

294 2192 365 2234 lat.
391 2192 459 2233 20.

295 2263 357 2305 De
391 2263 500 2304 dulci
533 2262 724 2304 melodia.
775 2263 977 2318 Tyberius
1010 2265 1051 2306 in
1085 2265 1266 2307 civitate.
1318 2263 1496 2316 (Goldne
1517 2263 1669 2318 angel.)
1716 2263 1788 2305 lat.
1807 2262 1875 2305 85.

295 2333 357 2375 De
390 2334 552 2375 claudio
585 2334 850 2389 imperatore.
908 2334 1106 2377 Claudius
1139 2336 1342 2389 regnavit.
1398 2334 1607 2388 (Socrates
1639 2334 1877 2385 heirathet.)

293 2403 365 2446 lat.
394 2406 462 2446 61.

295 2474 358 2516 De
390 2474 612 2517 florentina
644 2489 722 2530 que
756 2476 939 2518 animam
971 2477 1120 2531 signat.
1171 2477 1311 2533 Gayus
1334 2477 1537 2531 regnavit.
1587 2475 1876 2530 (Florentina.)
1903 2496 1910 2499 ·

253 2544 259 2548 ’
294 2545 365 2588 lat.
392 2547 459 2588 62.

297 2616 359 2659 De
399 2630 604 2672 campana
643 2622 684 2659 et
723 2621 916 2673 serpente
957 2621 1032 2661 etc.
1091 2619 1346 2662 Theodosius
1386 2620 1428 2661 in
1461 2619 1642 2662 civitate.
1697 2619 1877 2673 (Riigen-

296 2688 472 2741 glocke.)
519 2688 591 2730 lat.
619 2689 714 2730 105.

208 2758 246 2798 ”’.
294 2758 357 2800 De
404 2759 522 2801 leone
570 2762 611 2801 et
655 2759 787 2801 leena.
851 2758 1024 2813 Legitur
1071 2761 1181 2815 quod
1228 2760 1396 2816 quidam
1443 2760 1601 2803 habuit.
1664 2760 1875 2814 (Lowin.)

294 2828 366 2870 lat.
394 2830 490 2871 181.

298 2898 361 2941 De
403 2904 492 2942 orto
535 2914 654 2954 quem
697 2914 797 2956 aper
836 2901 972 2955 fregit.
1029 2902 1245 2957 Trayanus
1283 2903 1326 2944 in
1368 2903 1548 2945 civit-ate.
1605 2903 1732 2956 (Eber
1769 2903 1875 2945 ohne

296 2969 425 3022 herl.)
474 2970 544 3012 lat.
570 2972 637 3013 83.
