1949 3162
996 82 1080 124 578

207 196 451 253 suspendere
483 193 786 236 Mardocheum.
845 190 1006 231 Interea
1042 190 1121 229 duo
1153 185 1338 227 volebant
1368 199 1501 240 reyem
1533 183 1731 233 occidere,
1772 194 1872 236 quos

208 266 481 310 Mardocheus
503 265 709 306 accusavit
730 271 766 304 et
780 262 972 318 proditos
994 260 1123 313 jussit
1141 272 1214 298 rex
1232 257 1416 312 perdere,
1449 253 1743 296 Mardocheum
1771 265 1873 307 pur-

206 354 317 395 pura
358 338 482 378 indui
525 344 561 377 et
605 349 798 376 coronam
839 333 1001 387 imponi
1046 324 1081 371 et
1117 330 1230 384 regio
1269 341 1370 382 equo
1403 341 1483 382 per
1521 326 1723 366 civitatem
1762 322 1871 373 duci,

208 411 348 452 Anzan
379 424 470 450 cum
498 406 696 448 militibus
721 406 877 461 preire,
912 403 1053 443 laudes
1085 402 1122 442 ei
1156 401 1374 441 concinere.
1437 397 1527 438 Hoc
1545 396 1666 451 facto
1699 393 1873 435 Mardo-

161 487 183 522 5
209 483 326 524 cheus
362 481 500 536 reqine
538 479 663 529 dixit,
704 471 815 532 q‘uod
845 474 984 515 Aman
1023 488 1111 514 eam
1151 486 1240 513 cum
1282 471 1394 511 omni
1422 468 1582 525 populo
1619 465 1770 507 scilicet
1793 478 1875 520 pa-

207 553 363 596 rentela
393 566 469 592 sua
490 550 614 591 morti
644 548 820 599 addixit,
855 559 931 601 que
963 545 1075 586 omni
1098 543 1258 599 populo
1280 540 1486 595 jejunium
1516 539 1683 589 indixit,
1715 549 1756 577 se
1786 548 1876 576 cum

210 627 266 666 eis
287 623 461 678 jejuniis
493 629 528 662 et
559 618 820 661 oracionibus
859 616 1022 672 affliyit.
1082 613 1172 666 Quo
1205 620 1371 669 peracto
1404 611 1634 652 convivium
1663 606 1874 657 instruxit,

208 683 573 752 reqem'invitans‘,
607 690 747 732 Aman
778 702 939 744 quoque
970 687 1110 728 adesse
1129 685 1268 739 jussit.
1319 683 1431 724 Inter
1462 681 1604 737 epulas
1633 692 1768 734 reyem
1792 689 1875 732 pro

210 769 277 809 sui
310 765 537 822 populique
574 764 659 803 vita
703 761 887 816 royavit,
932 773 973 800 se
1013 766 1049 799 et
1088 771 1223 798 omnes
1261 769 1355 796 suos
1395 753 1444 795 ab
1484 753 1623 793 Aman
1663 750 1877 790 damnatos

142 846 186 880 10
210 838 411 880 narravit.
471 834 600 887 Quem
629 847 702 874 rex
721 832 874 886 surore
904 829 1080 886 repletus
1103 827 1231 881 jussit
1261 826 1458 882 suspendi
1486 825 1531 864 in
1563 822 1699 864 eodem
1730 818 1876 870 eculeo,

213 924 331 967 quem
359 910 448 964 ipse
476 911 775 961 preparaverat
796 901 1057 943 Mardocheo.
1112 900 1248 940 Porro
1279 899 1416 954 ipsum
1448 893 1742 937 Blar’clocheum
1754 891 1878 946 prin-

214 984 343 1037 cipem
381 979 608 1029 constituit,
658 976 732 1030 qui
769 988 925 1015 omnem
964 973 1244 1028 coqnationem
1282 969 1421 1010 Anzan
1454 965 1663 1022 perdidit,
1709 963 1768 1004 sic
1805 961 1878 1002 deo

215 1054 451 1108 disponente
482 1048 668 1104 populus
705 1048 898 1087 innocens
936 1052 993 1084 est
1032 1042 1227 1084 liberatus
1260 1048 1295 1081 et
1325 1053 1456 1080 semen
1486 1032 1662 1092 nequam
1681 1033 1880 1089 funditus

215 1124 535 1166 eoeterminatum.

147 1202 190 1236 15
331 1192 617 1235 Moralizaoio.
696 1187 934 1239 Carissimi,
988 1200 1061 1226 rea²
1105 1186 1181 1226 iste
1227 1190 1283 1224 est
1328 1182 1517 1223 dominus
1560 1185 1696 1220 noster
1741 1176 1881 1218 Ihesus

217 1265 421 1316 Christus,
463 1264 536 1318 qui
572 1263 620 1303 de
656 1261 797 1301 radice
828 1258 942 1299 Jesse
979 1257 1168 1298 surremit.
1224 1254 1306 1295 Hic
1341 1250 1605 1308 principibus
1645 1256 1681 1290 et
1713 1246 1882 1304 populis

215 1338 334 1393 reyni
363 1337 430 1376 sui
459 1334 691 1375 convivium
710 1331 831 1386 fecit,
867 1330 968 1385 quia
996 1326 1188 1383 pluribus
1211 1325 1319 1367 orbis
1345 1322 1611 1380 principibus
1635 1328 1672 1362 et
1689 1317 1884 1373 fidelibus

216 1410 336 1464 regni
366 1421 515 1462 corpus
546 1419 665 1445 suum
696 1411 732 1444 et
762 1416 925 1443 sacram
963 1401 1214 1454 scripturam
1251 1398 1294 1437 in
1326 1395 1467 1451 epulas
1507 1393 1628 1434 dedit.
1682 1391 1885 1446 Reyinam

227 1480 342 1522 Vasti
372 1484 610 1519 coronatam
642 1475 698 1516 ad
729 1474 960 1515 convivium
990 1471 1163 1520 vocavit,
1198 1454 1301 1523 quia
1328 1480 1583 1521 synayoqam
1615 1463 1697 1518 leye
1728 1469 1765 1503 et
1788 1460 1885 1517 phi-

150 1557 195 1592 20
221 1550 400 1606 losophis
438 1549 671 1590 redimitam
707 1546 764 1586 ad
801 1544 958 1585 celestes
999 1541 1141 1597 epulas
1178 1539 1379 1580 incitavit.
1436 1536 1523 1588 Que
1557 1549 1730 1576 renuens
1759 1546 1884 1588 reyno

215 1625 431 1679 privatur,
465 1619 612 1660 Hester
642 1618 807 1673 captiva
836 1617 883 1657 in
913 1614 1014 1656 solio
1048 1611 1132 1665 ejus
1165 1611 1341 1662 locatur,
1377 1609 1477 1664 quia
1505 1606 1643 1648 Judea
1671 1603 1888 1646 incredula

221 1696 269 1736 de
290 1707 415 1749 reyno
452 1687 570 1744 [155]
606 1687 759 1730 Christi
779 1686 940 1740 ejicitur
971 1692 1008 1726 et
1038 1685 1165 1725 eciam
1196 1683 1244 1723 de
1261 1680 1449 1737 ²(sentibus
1480 1694 1506 1720 a
1527 1676 1692 1719 diabolo
1724 1676 1888 1732 captiva

220 1768 266 1807 in
296 1764 519 1806 thalamum
549 1761 658 1816 reqis
691 1773 859 1800 concors
891 1757 1043 1798 celestis
1073 1754 1192 1809 reyni
1223 1754 1396 1793 ducitur.
1451 1750 1604 1801 Aman,
1639 1749 1712 1803 qui
1741 1762 1768 1788 a
1795 1760 1889 1801 reqe

222 1836 440 1887 exaltatur,
474 1841 531 1874 est
555 1832 761 1873 Judaicus
788 1829 987 1886 populus,
1021 1828 1095 1882 qui
1124 1841 1149 1866 a
1181 1825 1254 1866 deo
1285 1825 1331 1864 in
1360 1837 1484 1878 reyno
1517 1829 1554 1862 et
1582 1819 1810 1861 sacerdotio
1842 1831 1891 1858 ac

153 1915 198 1950 25
223 1908 362 1949 divino
396 1905 505 1947 cultu
536 1903 796 1954 sublimatur,
831 1901 904 1956 qui
935 1900 1070 1955 querit
1090 1898 1229 1952 reyine
1244 1895 1486 1951 proqeniem
1516 1893 1758 1947 exstirpare,
1791 1889 1891 1944 quia

223 1979 426 2020 Judaicus
452 1975 637 2032 populus
670 1974 805 2029 querit
835 1972 996 2013 ecclesie
1020 1970 1213 2025 spiritum
1235 1967 1513 2008 eaterminare.
1561 1962 1702 2004 Aman
1732 1974 1892 2016 quoque

225 2050 403 2092 eculeum
423 2046 674 2089 Mardocheo
709 2045 845 2085 erevit.
896 2042 948 2083 In
969 2042 1138 2082 eundem
1160 2038 1338 2080 eculeum
1361 2038 1450 2092 ipse
1480 2034 1758 2090 suspenditur,
1793 2032 1892 2086 quia

226 2121 414 2163 diabolus
445 2121 491 2160 in
522 2118 654 2158 crucis
679 2115 871 2171 patibulo
904 2111 1269 2168 comprehenditur.
1326 2108 1449 2159 Duo,
1484 2107 1558 2162 qui
1588 2113 1730 2147 contra
1759 2116 1892 2158 reqem

228 2191 562 2246 conjuraverunt,
595 2195 690 2228 sunt
720 2187 800 2227 duo
831 2184 1013 2238 infideles
1038 2181 1212 2238 populi,
1245 2179 1397 2220 scilicet
1417 2178 1615 2232 judaicus
1648 2183 1684 2217 et
1711 2173 1890 2230 yentilis,

159 2273 204 2308 30
230 2266 302 2321 qui
339 2262 542 2304 Christum
580 2259 712 2300 occidi
748 2257 964 2298 consilium
1001 2254 1218 2304 dederunt,
1261 2265 1362 2306 quos
1401 2248 1674 2290 Mardocheus
1712 2251 1890 2296 accusat,

231 2337 331 2392 quia
357 2333 603 2375 christianus
619 2329 804 2386 populus
837 2342 964 2384 opera
991 2339 1130 2367 eorum
1159 2321 1378 2379 improbat.
1429 2319 1502 2361 Illi
1531 2336 1558 2361 a
1576 2333 1669 2374 reye
1697 2323 1895 2358 necantur

231 2415 267 2449 et
296 2407 368 2448 isti
396 2421 422 2446 a
442 2403 599 2445 Christo
624 2403 885 2443 damnantur.
934 2395 1209 2439 Mat-docheus
1235 2407 1432 2450 purpura
1463 2399 1500 2433 et
1530 2405 1682 2432 corona
1710 2389 1893 2439 vestitur,

233 2493 333 2534 equo
364 2477 477 2532 reqio
503 2488 583 2530 per
614 2474 817 2514 civitatem
855 2471 1040 2516 ducitur,
1082 2468 1182 2523 quia
1213 2465 1460 2506 christianus
1485 2461 1670 2518 populus
1700 2475 1727 2500 a
1757 2460 1895 2500 docto·
1948 2474 1949 2477 ¹

231 2549 347 2591 ribus
378 2562 458 2604 per
486 2545 685 2586 mundum
715 2551 842 2585 totum
882 2541 1030 2582 colitur
1039 2555 1052 2588 ,-
1092 2539 1192 2579 ordo
1231 2549 1408 2590 namque
1447 2547 1572 2589 equus
1603 2530 1756 2573 Christi
1788 2529 1897 2584 reyis'

165 2627 209 2662 35
235 2622 400 2671 dicitur,
432 2619 479 2658 in
509 2631 588 2672 quo
620 2617 709 2670 ipse
735 2629 825 2670 per,
845 2612 980 2654 orbem
1008 2610 1179 2651 vehitur.
1239 2608 1379 2648 Aman
1410 2619 1499 2646 cum
1528 2602 1726 2644 militibus
1758 2600 1898 2642 laudes

237 2693 274 2733 ei
294 2696 532 2740 consonant,
567 2687 667 2742 quia
687 2685 891 2725 Judaicus
907 2681 1093 2739 populus
1122 2694 1213 2720 cum
1229 2677 1416 2734 ¹centibus
1437 2676 1534 2717 velit
1551 2674 1657 2716 nolit
1675 2670 1902 2714 Christiani

231 2762 432 2818 preconia
456 2759 639 2815 propria
671 2755 853 2797 celebrat.
913 2754 1075 2816 Reyina
1112 2765 1246 2805 recem
1277 2749 1332 2789 ad
1363 2747 1593 2789 convivium
1621 2751 1760 2795 vocat,
1800 2742 1900 2797 quia

238 2833 406 2874 ecclesia
437 2829 640 2872 Christum
671 2828 727 2867 ad
757 2827 955 2867 solemnia
984 2825 1052 2864 sui
1079 2822 1266 2877 corporis
1295 2819 1453 2860 invitat.
1500 2820 1634 2858 Aman
1665 2816 1794 2856 eciam
1823 2813 1900 2854 ad-

238 2919 320 2945 esse
340 2902 478 2957 jubet,
512 2902 611 2956 quia
632 2898 753 2952 fideli
777 2896 936 2953 populo
972 2909 1068 2935 suas
1101 2892 1243 2948 epulas
1268 2889 1526 2947 predicando
1552 2886 1706 2943 prebet.
1761 2883 1901 2926 Aman

331 2983 374 3017 39
400 2980 536 3026 epulas]
562 2985 646 3025 oriy.
665 2977 844 3022 epistolas.
