1949 3162
985 62 1071 103 470

187 168 237 210 ab
259 167 419 210 ossibus
452 169 478 209 i.
503 182 536 209 e.
571 168 770 223 peccatis,
804 168 844 209 in
870 167 1016 222 quibus
1050 167 1169 209 deum
1204 166 1433 218 offendisti3
1467 171 1507 209 et
1538 181 1610 209 vas
1642 167 1776 209 cordis
1807 167 1867 209 tui

187 239 236 281 de
269 239 344 281 hac
371 252 477 293 aqua
509 238 632 281 debes
664 239 849 294 implere,
884 243 924 280 et
956 239 1151 292 quamdiu
1184 239 1226 279 in
1248 238 1324 280 hoc
1346 237 1511 279 mortali
1533 251 1704 294 corpore
1725 238 1866 292 fueris,

186 310 480 353 contricionem
522 310 562 351 in
605 310 726 352 corde
768 310 931 351 habeas,
995 309 1154 351 Deinde
1193 309 1364 351 ulterius
1407 309 1529 350 debes
1569 309 1790 364 procedere
1829 313 1869 350 et

186 381 362 422 fructum
414 380 572 422 arboris
618 381 844 423 comedere.
907 380 979 421 llle
1019 381 1177 422 fructus
1226 383 1288 422 est
1335 381 1588 436 penitencia,
1635 394 1708 436 per
1747 393 1868 434 quam

139 459 159 492 5
187 452 326 493 anima
373 455 627 493 sustentatur
671 455 710 493 et
751 465 899 506 corpus
939 451 1177 504 denigratur
1217 452 1355 506 sepius
1397 452 1446 492 ad
1487 452 1653 493 modum
1692 451 1867 506 leprosi3

185 523 301 564 illum
323 523 501 564 fructum
527 522 649 564 debes
682 522 874 575 colligere
907 526 947 563 et
979 536 1142 576 semper
1175 526 1307 563 tecum
1342 526 1520 577 portare.
1569 522 1670 564 Cum
1696 522 1868 564 ulterius

185 594 474 648 processisset,
517 594 629 635 venit
660 594 710 635 ad
744 593 963 635 secundam
997 606 1166 647 aquam,
1209 606 1280 646 per
1312 607 1432 647 quam
1467 607 1560 635 caro
1593 597 1682 634 erat
1712 597 1869 635 restau-

184 668 287 706 rata.
344 665 466 718 Aqua
497 665 578 706 ista
609 669 672 706 est
703 664 926 715 confessio,
961 677 1039 717 que
1070 668 1276 705 restaurat
1309 664 1480 705 virtutes
1515 664 1711 719 perditas.
1767 663 1867 706 Cum

186 749 281 777 vero
314 735 487 777 ulterius
519 740 728 791 pergeret,
761 735 810 777 de
840 735 976 776 fructu
1008 735 1185 776 secunde
1219 734 1376 776 arboris
1409 735 1600 788 comedit⁷
1634 740 1675 777 et
1705 740 1869 777 curatus

116 814 159 848 10
186 811 260 848 est.
318 806 493 848 Fructus
525 807 593 848 ille
627 809 689 848 est
718 806 876 847 fructus
909 807 1164 861 penitencie,
1207 806 1364 848 scilicet
1395 806 1618 860 oracionis,
1651 806 1798 860 jejunii
1831 810 1871 848 et

185 878 419 920 elemosine.
475 877 536 919 De
569 878 659 919 istis
691 876 826 919 fluviis
859 882 899 919 et
929 877 1132 919 fructibus
1165 878 1287 919 debes
1329 891 1492 932 semper
1523 882 1689 932 portare
1719 881 1868 930 tecum,

185 953 250 1002 ut,
284 949 317 990 si
352 962 375 990 a
407 962 503 990 casu
536 948 713 1002 aliquem
748 963 886 1002 regem
919 949 1128 1003 leprosum
1161 949 1389 1001 inveneris,
1431 949 1565 1002 ipsum
1599 961 1728 990 cures.
1783 947 1868 990 Rex

185 1020 262 1062 iste
301 1023 438 1075 potest
469 1020 550 1061 dici
585 1020 706 1061 homo
747 1033 819 1074 per
852 1024 1065 1075 peccatum
1106 1020 1302 1071 infectus,
1344 1020 1413 1073 qui
1453 1032 1526 1074 per
1557 1019 1736 1061 fructum
1775 1033 1870 1061 con-

185 1091 378 1133 fessionis
414 1094 454 1132 et
487 1104 633 1145 aquam
668 1091 931 1132 contricionis
964 1091 1097 1132 curari
1131 1091 1295 1145 poterit.
1355 1090 1467 1143 Duo,
1510 1091 1578 1144 qui
1621 1090 1699 1132 sibi
1729 1091 1771 1132 in
1804 1091 1871 1132 via

119 1169 159 1203 15
187 1166 455 1204 occurrerunt
490 1166 529 1203 et
561 1162 612 1203 ad
645 1162 871 1203 curandum
904 1166 944 1204 te
985 1162 1158 1214 ducunt,
1201 1166 1296 1204 sunt
1333 1162 1457 1203 timor
1497 1161 1560 1203 dei
1600 1165 1642 1203 et
1672 1161 1869 1215 gehenne,

186 1237 357 1288 propter
380 1247 457 1287 que
481 1233 601 1275 homo
620 1233 799 1275 declinat
820 1247 844 1275 a
861 1233 970 1275 malo
994 1237 1033 1275 et
1054 1233 1153 1274 facit
1175 1233 1338 1274 bonum.
1379 1232 1527 1285 Naves,
1554 1246 1631 1286 que
1648 1232 1870 1275 Jonatham

186 1305 394 1347 duxerunt
426 1304 477 1346 ad
500 1305 693 1360 patriam,
727 1303 824 1346 sunt
855 1305 994 1346 divina
1026 1309 1235 1359 precepta,
1269 1318 1346 1358 que
1378 1318 1452 1345 nos
1475 1304 1629 1345 ducunt
1650 1304 1700 1346 ad
1722 1304 1872 1358 gaudia

186 1379 339 1418 eterna.
405 1375 485 1417 Sed
525 1380 688 1430 oportet
727 1389 801 1417 nos
839 1376 953 1430 prius
993 1376 1133 1417 videre
1174 1375 1465 1428 concubinam,
1512 1375 1669 1417 scilicet
1707 1389 1870 1417 carnem

187 1447 354 1502 spiritui
386 1447 652 1499 contrariam,
687 1450 727 1488 et
758 1461 848 1489 eam
885 1448 927 1488 in
959 1447 1064 1488 lecto
1098 1447 1275 1488 carnalis
1309 1447 1643 1501 concupiscencie
1675 1447 1871 1489 invenies.

115 1525 160 1559 20
186 1518 252 1560 Da
285 1519 321 1560 ei
354 1518 403 1560 de
435 1519 571 1560 fructu
605 1518 835 1573 penitencie
867 1532 958 1560 cum
993 1532 1099 1573 aqua
1130 1518 1407 1571 contricionis,
1442 1532 1515 1572 per
1543 1531 1621 1572 que
1653 1518 1731 1559 duo
1764 1519 1873 1560 intu-

187 1594 345 1631 mescat
375 1589 451 1631 hoc
484 1594 546 1632 est
578 1590 758 1632 elevetur
790 1603 863 1645 per
886 1590 1032 1632 bonam
1057 1590 1320 1631 devocionem
1356 1590 1406 1631 ad
1428 1589 1709 1645 recipiendum
1728 1590 1872 1643 jugum

187 1661 433 1716 penitencie.
496 1661 553 1703 Et
599 1662 658 1703 sic
696 1665 739 1702 tu
786 1661 939 1716 poteris
981 1661 1173 1715 spiritum
1215 1661 1289 1702 deo
1330 1661 1502 1703 reddere
1540 1674 1631 1703 cum
1667 1660 1872 1714 jocalibus

186 1732 213 1773 i.
247 1745 280 1774 e.
328 1732 445 1774 bonis
494 1732 716 1774 virtutibus
765 1737 805 1774 et
851 1733 901 1774 ad
940 1733 1119 1787 patriam
1166 1732 1286 1786 regni.
1329 1732 1491 1774 celestis
1539 1732 1774 1787 pervenire,
1823 1732 1874 1774 ad

190 1816 312 1858 quam
347 1807 422 1846 etc.

121 2033 166 2066 25
840 2020 941 2062 CAP.
971 2021 1064 2062 121.
1098 2022 1230 2072 (113.)

272 2108 346 2154 De
387 2108 536 2167 yloricz
583 2109 743 2153 mundi
788 2114 828 2153 et
870 2108 1075 2159 luxuria,
1124 2123 1208 2168 que
1251 2108 1412 2153 multos
1459 2110 1622 2169 decipit
1663 2115 1702 2154 et
1745 2110 1807 2155 ad

807 2192 1030 2235 interitum
1069 2192 1252 2236 deducit.

312 2298 420 2341 Olim
453 2302 542 2340 erat
575 2298 740 2352 quidam
774 2312 867 2352 rex,
909 2300 974 2353 qui
1009 2299 1152 2341 habuit
1183 2299 1284 2340 duos
1317 2299 1469 2341 milites
1501 2299 1543 2341 in
1575 2313 1657 2342 una
1687 2300 1873 2353 civitate3

193 2383 298 2411 unus
332 2374 420 2411 erat
451 2383 590 2422 seneX,
625 2369 728 2411 alter
754 2370 932 2423 juvenis.
982 2369 1117 2412 Senex
1150 2375 1238 2412 erat
1260 2370 1373 2412 dives
1397 2375 1437 2412 et
1459 2370 1669 2425 pulchram
1693 2371 1873 2426 puellam

124 2451 169 2484 30
195 2446 364 2496 propter
403 2441 489 2495 ejus
529 2441 875 2495 pulchritudinem
924 2442 966 2482 in
1006 2454 1174 2483 uxorem
1222 2441 1351 2482 duxit.
1414 2440 1585 2483 Juvenis
1630 2441 1748 2484 miles
1787 2447 1876 2484 erat

195 2526 353 2568 pauper
375 2517 415 2554 et
437 2512 641 2566 quandam
667 2512 843 2553 vetulam
875 2512 1120 2567 locupletem
1154 2517 1324 2567 propter
1345 2512 1516 2554 divicias
1549 2513 1718 2567 accepit,
1752 2527 1874 2567 quam
1897 2548 1904 2551 ,

196 2583 314 2625 1111168
353 2597 433 2625 11011
472 2582 645 2624 multum
687 2582 843 2624 dilexit.
906 2584 1069 2624 Accidit
1110 2583 1256 2635 semel,
1297 2583 1401 2636 quod
1444 2583 1562 2625 miles
1595 2584 1760 2637 juvenis
1801 2599 1874 2640 per

197 2659 373 2696 castrum
416 2654 525 2696 senis
566 2652 707 2694 militis
749 2654 978 2696 ambularet
1018 2659 1058 2695 et
1091 2653 1210 2707 [104]
1244 2668 1348 2695 uxor
1380 2654 1488 2696 senis
1519 2654 1664 2696 militis
1700 2655 1743 2697 in
1775 2669 1874 2710 qua-

198 2725 290 2767 dam
332 2726 512 2767 fenestra
550 2726 591 2765 in
625 2723 774 2764 solacio
807 2725 975 2767 sedebat
1006 2731 1046 2767 et
1077 2725 1249 2767 dulciter
1288 2725 1490 2767 cantabat.
1545 2724 1717 2767 Juvenis
1756 2726 1874 2768 miles

128 2806 172 2839 35
198 2809 291 2837 cum
330 2810 417 2837 eam
451 2795 641 2847 vidisset,
684 2799 826 2849 captus
867 2801 928 2837 est
967 2797 1009 2837 in
1043 2810 1181 2838 amore
1213 2797 1300 2851 ejus
1333 2800 1372 2838 et
1403 2796 1446 2837 in
1479 2796 1615 2837 animo
1648 2797 1872 2850 cogitabat:

198 2865 344 2908 Melior
384 2870 491 2908 esset
529 2866 781 2907 combinacio
821 2867 928 2908 inter
959 2881 1023 2909 me
1063 2873 1103 2910 et
1134 2867 1246 2909 illam
1280 2866 1564 2921 juvenculam,
1605 2880 1725 2921 quam
1767 2869 1876 2911 inter

199 2937 332 2994 ipsam
366 2943 407 2980 et
438 2938 569 2979 virum
603 2950 736 2990 suum,
771 2937 839 2992 qui
872 2942 934 2979 est
960 2938 1080 2980 homo
1104 2952 1227 2981 senex
1251 2943 1291 2980 et
1321 2939 1538 2994 impotens,
1570 2942 1611 2980 et
1642 2939 1750 2993 quod
1771 2952 1874 2982 uxor
