1919 3157
872 73 951 114 291

78 187 283 229 exponere
321 174 572 217 confidenter
605 176 725 229 juxta
763 176 863 218 illud
894 176 957 219 Jo.
984 191 1033 219 x:
1073 177 1212 219 Bonus
1252 182 1390 232 pastor
1423 179 1600 220 animam
1635 191 1749 220 suam

77 245 194 300 ponit
223 258 298 300 pro
331 246 473 288 ovibus
505 246 602 288 suis.
653 246 752 288 ltem
785 247 920 302 prima
943 247 1057 290 Joh.:
1093 247 1280 290 Christus
1313 249 1492 290 animam
1526 262 1640 291 suam
1676 262 1749 304 pro

76 315 194 358 nobis
225 317 372 371 posuit.
421 316 481 358 Ita
503 321 542 359 et
562 330 636 358 nos
659 317 852 360 debemus
876 319 1035 361 animas
1059 332 1133 374 pro
1155 319 1350 361 fratribus
1375 333 1538 375 ponere.
1581 319 1749 374 Quarto,

76 387 181 429 sicut
219 388 332 429 canis
371 401 443 429 suo
482 387 636 430 latratu
673 389 783 431 fures
823 390 959 445 prodit
999 394 1038 432 et
1080 390 1320 432 thezaurum
1354 390 1508 432 domini
1542 391 1604 432 sui
1636 391 1748 446 ipsos

75 457 218 501 tollere
248 472 329 501 non
362 460 578 514 permittit,
610 459 668 502 sic
700 461 890 503 sacerdos
922 461 1052 503 tidelis
1089 459 1182 515 [est]
1219 462 1331 503 canis
1361 462 1509 504 summi
1533 463 1656 516 regis,
1690 461 1750 503 la—

74 533 186 572 tratu
216 530 534 585 predicacionis,
568 531 786 584 vigilancia
810 532 922 585 jugis
955 532 1172 584 oracioniS,
1205 532 1358 575 furtum
1392 533 1416 574 i.
1442 547 1474 575 e.
1506 533 1677 575 insidias
1711 537 1751 575 et

74 600 296 644 diabolicas
334 601 658 644 machinationes
697 602 746 645 (le
784 602 980 646 thezauro
1019 603 1174 645 domini
1215 603 1278 645 sui
1318 604 1344 645 i.
1369 617 1401 646 e.
1435 604 1484 646 de
1516 605 1654 646 anima
1687 604 1749 645 sui

73 672 272 728 proximi,
317 686 439 728 quam
477 686 636 715 summo
674 673 870 716 thezauro
906 675 931 716 i.
957 688 990 716 e.
1022 675 1206 730 precioso
1239 674 1437 728 sanguine
1469 688 1542 717 suo
1574 675 1750 718 redemit

73 743 262 786 dominus
294 743 434 787 Ihesus
467 743 653 787 Christus
686 745 915 801 propellere
946 759 1028 787 non
1061 745 1233 788 desistit.

1776 467 1797 502 271

813 976 914 1019 CAP.
943 978 1008 1018 13.
1776 988 1820 1023 10

625 1063 700 1109 De
736 1079 890 1108 amore
927 1064 1199 1109 inordinato.

158 1170 333 1221 Quidam
364 1171 590 1226 imperator
619 1176 719 1226 erat,
754 1172 823 1227 qui
846 1171 1058 1227 pulchram
1081 1185 1251 1214 uxorem
1275 1170 1463 1225 habebat,
1497 1183 1619 1224 quam
1643 1170 1747 1212 miro

70 1241 191 1284 modo
223 1242 380 1285 dilexit.
428 1242 522 1298 Ipsa
554 1243 687 1298 primo
715 1257 820 1285 anno
844 1243 1031 1299 concepit
1052 1247 1091 1285 et
1113 1244 1275 1299 peperit
1295 1242 1440 1296 filium,
1474 1255 1594 1296 quem
1615 1246 1748 1284 mater

69 1313 243 1356 multum
275 1313 441 1368 delexit,
474 1314 680 1357 intantum
713 1314 821 1369 quod
853 1314 1025 1368 singulis
1057 1315 1244 1357 noctibus
1276 1315 1319 1356 in
1351 1327 1430 1356 uno
1462 1313 1566 1356 lecto
1583 1312 1749 1368 jacebat

69 1388 160 1427 cum
201 1398 261 1428 eo.
317 1384 420 1427 Cum
457 1388 594 1428 autem
626 1386 669 1427 in
702 1389 809 1428 etate
841 1391 924 1428 tres
957 1398 1086 1428 annos
1118 1386 1426 1442 complevisset,
1465 1389 1652 1426 mortuus
1686 1388 1748 1427 est
1774 1396 1817 1430 15

73 1454 194 1511 [1Οό]
229 1470 315 1499 rex.
370 1455 432 1499 De
464 1458 578 1512 cujus
611 1461 742 1499 morte
773 1458 905 1500 factus
938 1461 999 1499 est
1031 1457 1146 1499 dolor
1178 1470 1363 1511 magnus.
1417 1456 1574 1510 Regina
1605 1456 1746 1498 multis

69 1527 210 1570 diebus
250 1531 425 1571 mortem
464 1529 550 1583 ejus
589 1527 762 1584 planxit.
818 1528 919 1570 Cum
963 1532 1097 1571 autem
1139 1528 1349 1584 sepulture
1381 1528 1558 1570 traditus
1589 1528 1747 1581 fuisset,

67 1599 211 1652 regina
241 1612 315 1655 per
345 1613 390 1642 se
419 1600 463 1641 in
494 1604 628 1642 castro
661 1600 838 1655 quodam
871 1599 988 1653 vixit,
1023 1600 1175 1642 habens
1205 1613 1344 1643 secum
1366 1599 1496 1642 filium
1519 1612 1651 1653 suum,
1686 1598 1748 1640 di·-

66 1668 250 1725 lexitque
287 1671 331 1712 in
369 1673 531 1713 tantum
568 1684 765 1726 puerum,
805 1671 912 1726 quod
946 1672 1031 1726 ejus
1063 1672 1279 1727 presencia
1310 1684 1449 1714 carere
1480 1685 1561 1713 non
1593 1674 1745 1727 posset.

66 1741 200 1784 Ambo
232 1741 356 1784 simul
385 1742 579 1784 continue
604 1742 811 1797 jacebant,
845 1742 974 1786 donec
1005 1756 1108 1799 puer
1140 1756 1250 1784 xvm
1282 1756 1410 1785 annos
1442 1743 1484 1784 in
1508 1746 1615 1785 etate
1638 1755 1747 1785 com·
1772 1751 1817 1786 20

65 1811 274 1868 plevisset.
318 1812 553 1869 Vidensque
583 1813 770 1856 diabolus
793 1828 976 1857 amorem
998 1818 1158 1857 tantum
1182 1815 1290 1857 inter
1311 1817 1486 1856 matrem
1511 1818 1551 1856 et
1572 1827 1746 1870 puerum

66 1884 152 1938 ejus
183 1897 252 1927 eos
285 1884 337 1927 ad
368 1898 470 1940 opus
503 1885 747 1941 nepharium
780 1885 1018 1928 sollicitavit
1048 1887 1254 1928 intantum
1289 1885 1398 1941 quod
1429 1885 1537 1927 filius
1570 1890 1746 1928 matrem

65 1956 266 2010 cognovit.
314 1955 470 2010 Regina
501 1970 598 1999 vero
630 1957 771 1999 statim
804 1958 1003 2013 concepit.
1053 1956 1155 1999 Cum
1182 1961 1318 2000 autem
1340 1957 1602 2012 impregnata
1624 1960 1744 2011 esset,

64 2025 172 2069 filius
211 2030 343 2070 totum
379 2040 550 2081 regnum
591 2041 664 2084 pre
704 2028 842 2071 dolore
884 2028 1041 2071 dimisit
1074 2033 1114 2071 et
1147 2028 1197 2070 ad
1229 2032 1369 2084 partes
1401 2028 1645 2083 longinquas
1679 2041 1745 2070 ac-

65 2098 200 2140 cessit.
248 2097 382 2141 Mater
413 2112 509 2141 vero
542 2111 632 2141 cum
663 2104 825 2156 tempus
849 2100 1038 2156 pariendi
1061 2099 1236 2154 adesset,
1268 2099 1397 2142 filium
1423 2099 1744 2155 pulcherrimum
1769 2107 1814 2142 25

63 2170 247 2225 peperit,
279 2170 502 2225 vidensque
535 2170 751 2225 parvulum
783 2175 947 2225 natum,
981 2171 1122 2213 statim
1154 2171 1271 2213 illum
1298 2170 1519 2226 jugulavit,
1553 2170 1743 2213 scindens

63 2244 206 2293 guttur
238 2241 324 2295 ejus
358 2255 430 2297 per
462 2241 654 2283 medium.
705 2240 881 2296 Sanguis
915 2256 1009 2285 vero
1042 2243 1220 2297 gutturis
1252 2243 1383 2298 ipsius
1406 2241 1568 2298 parvuli
1590 2242 1632 2283 in
1655 2240 1742 2297 pal-

62 2324 172 2353 mam
213 2312 378 2355 sinistre
410 2326 556 2354 manus
588 2313 728 2366 regine
760 2314 926 2367 cecidit,
966 2317 1007 2356 et
1036 2314 1135 2356 facti
1168 2317 1263 2355 sunt
1296 2317 1471 2368 quatuor
1503 2312 1645 2356 circuli
1676 2325 1742 2354 ro-

63 2383 180 2425 tundi
210 2383 253 2425 in
284 2383 360 2426 hac
390 2384 524 2425 forma
555 2385 726 2426 0000.
774 2384 930 2438 Regina
962 2385 1074 2427 nulla
1106 2388 1194 2427 arte
1217 2385 1352 2440 potuit
1373 2384 1546 2427 circulos
1569 2383 1742 2427 evellere

63 2453 114 2496 de
144 2467 281 2508 manu,
315 2458 356 2497 et
386 2458 555 2510 propter
586 2455 662 2497 hoc
692 2455 895 2498 intantum
932 2455 1297 2510 verecundabatur,
1337 2456 1445 2510 quod
1476 2469 1639 2511 semper
1669 2455 1740 2497 ha-
1765 2463 1811 2498 30

62 2524 152 2568 buit
180 2525 224 2567 in
254 2525 326 2568 illa
356 2539 480 2568 manu
512 2525 772 2580 cirothecam,
805 2540 857 2569 ne
881 2526 1025 2569 circuli
1052 2527 1265 2581 sanguinei
1289 2527 1538 2569 viderentur.
1585 2526 1740 2580 Regina

60 2595 142 2638 ista
171 2595 289 2639 beate
320 2597 470 2651 virgini
502 2600 591 2640 erat
621 2597 720 2639 satis
754 2597 914 2651 devota,
948 2601 988 2640 et
1019 2601 1157 2640 tamen
1188 2601 1350 2641 tantum
1372 2597 1739 2650 verecundabatur,

63 2666 171 2721 quod
208 2680 257 2709 ex
296 2669 463 2724 proprio
495 2667 578 2710 filio
611 2673 855 2724 conceperat
886 2672 926 2711 et
958 2668 1087 2711 filium
1120 2670 1334 2725 proprium
1367 2669 1590 2722 occiderat,
1632 2667 1740 2722 quod

61 2737 174 2779 nullo
204 2738 325 2781 modo
357 2739 406 2782 de
437 2739 514 2781 hoc
544 2739 729 2782 confiteri
760 2739 935 2793 volebat,
969 2743 1010 2782 et
1041 2744 1178 2782 tamen
1212 2741 1324 2782 omni
1357 2739 1562 2794 quindena
1594 2739 1643 2781 de
1673 2751 1738 2781 ce—

61 2808 160 2851 teris
192 2809 370 2864 peccatis
401 2813 491 2853 erat
521 2810 721 2853 confessa.
768 2810 926 2864 Regina
957 2811 1037 2852 ista
1063 2810 1199 2864 largas
1222 2811 1478 2866 elemosynas
1501 2823 1575 2865 pro
1598 2823 1738 2852 amore
1763 2817 1808 2852 35

154 2901 176 2935 9
200 2901 407 2947 propellere]
435 2908 520 2949 oriq.
538 2903 744 2948 perpellere.
851 2904 896 2938 33
921 2903 1147 2948 conceperat]
1173 2909 1258 2950 oriq.
1277 2903 1491 2948 conceperit.
1542 2901 1735 2946 occiderat]

26 2981 29 2983 -
62 2964 147 3006 oriy.
165 2959 307 2995 occidit.

1381 3026 1424 3061 19
1436 3025 1459 3048 ³*
