1954 3137
226 1324 290 1365 10.

227 1467 290 1507 11.

226 1680 309 1721 12.·

227 1893 291 1934 13.

228 2036 292 2077 14.

228 2177 291 2219 15.

228 2320 292 2361 16.

230 2462 293 2502 17.

230 2604 293 2645 18.

230 2746 294 2786 19.

229 2888 298 2929 20.

1031 79 1085 121 58

343 184 450 226 Olim
484 189 601 227 erant
625 189 709 227 tres
737 186 835 228 socii
859 186 927 240 qui
951 185 1001 227 ad
1023 185 1367 240 peregrinandum
1391 189 1670 240 perrexerunt.
1718 185 1892 228 Accidit.

341 256 645 308 (Traumbrod.)
693 256 762 298 lat.
790 257 883 298 106.

341 326 513 376 Quidam
548 341 621 369 rex
653 328 842 381 regnavit
874 327 943 381 qui
974 326 1187 382 pulchram
1220 325 1344 369 filiam
1378 327 1554 370 habebat
1575 340 1696 382 quam
1719 327 1894 370 multum

341 397 496 439 dilexit.
547 398 721 450 (Waffen
755 398 1019 451 aufhangen.)
1066 397 1136 439 lat.
1162 398 1229 439 (36.

339 467 576 511 Alexander
607 471 796 523 regnavit
827 470 895 524 qui
927 469 1092 511 unicum
1115 468 1246 510 filium
1267 468 1445 511 habebat
1464 469 1629 511 nomine
1652 469 1893 512 Celestinus.

342 539 479 591 (Pserd
512 541 587 582 mit
618 542 718 583 zwoi
752 541 949 592 schafen.)
996 540 1066 582 lat.
1094 541 1188 581 163.

342 610 466 652 Cesar
504 604 694 664 regnavit
732 612 774 653 in
813 612 927 665 cujus
966 611 1139 666 imperio
1180 613 1267 652 erat
1306 610 1468 664 quidam
1510 610 1628 652 miles
1659 623 1893 664 generosus.

345 681 486 733 (Krete
518 682 601 723 und
635 682 859 736 schlange.)
905 682 976 724 lat.
1001 683 1069 724 99.

343 752 574 795 Gordianus
608 754 796 807 regnavit
826 754 867 795 in
901 754 1015 807 cujus
1047 766 1172 806 regno
1206 755 1294 794 erat
1325 752 1490 806 quidam
1522 752 1639 794 miles
1662 765 1893 806 generosus.

342 824 534 876 (Hahne.)
581 824 651 866 lat.
676 825 743 866 (58.

285 929 292 937 .
340 895 472 937 Erant
504 895 582 936 duo
615 895 767 937 milites
801 908 972 950 quorum
1006 908 1110 936 unus
1142 908 1314 937 manens
1347 895 1388 936 in
1421 894 1571 950 egipto,
1605 894 1708 938 alter
1737 895 1780 936 in
1802 893 1896 937 Bal-

341 967 456 1009 dach.
505 966 713 1022 (Egypten
744 967 827 1008 und
859 966 1068 1017 Baldach.)
1115 966 1185 1008 lat.
1212 967 1306 1007 171.

341 1037 640 1094 Dyoclecianus
672 1038 862 1091 regnavit
894 1038 963 1092 qui
996 1038 1142 1080 statuit
1172 1051 1246 1093 pro
1278 1037 1366 1091 lege
1391 1037 1498 1091 quod
1521 1037 1554 1079 si
1576 1036 1724 1080 mulier
1746 1036 1893 1092 aliqua.

343 1108 471 1160 (Sohn
503 1109 635 1151 todtet
666 1113 819 1151 mutter
850 1109 993 1161 nicht.)
1040 1109 1110 1150 lat.
1138 1110 1231 1150 100.

341 1179 482 1222 Gallus
516 1181 703 1233 regnavit
734 1180 913 1236 prudens
945 1180 1065 1222 valde
1097 1180 1165 1234 qui
1192 1179 1396 1234 quoddam
1420 1178 1638 1235 pallacium
1660 1183 1896 1222 construere

339 1251 513 1294 volebat.
562 1251 1005 1303 (Keuschheitshemd.)
1052 1251 1122 1293 lat.
1148 1251 1215 1292 69.

339 1322 511 1373 Quidam
560 1322 829 1378 philosophus
876 1326 1019 1364 narrat
1066 1322 1174 1378 quod
1220 1322 1297 1364 sibi
1344 1321 1485 1363 traditi
1532 1324 1649 1364 erant
1687 1326 1771 1365 tres
1808 1321 1894 1364 filii.

340 1393 501 1446 (Gotter
533 1394 722 1445 wahlen.)
770 1407 864 1450 app.
888 1395 957 1435 47.

339 1465 505 1519 Anfang
536 1465 612 1517 (bl.
636 1466 687 1506 19
715 1465 797 1507 und
821 1466 899 1517 20)
934 1465 1286 1519 ausgeschnitten3
1319 1464 1421 1507 nach
1455 1463 1662 1518 XXXVII,
1687 1466 1759 1506 11:
1794 1464 1898 1507 Erat

340 1536 436 1578 olim
468 1537 511 1577 in
543 1536 731 1592 partibus
764 1536 979 1591 aquilonis.
1027 1536 1058 1578 F
1063 1540 1110 1578 111·
1142 1537 1207 1578 die
1239 1536 1419 1578 moralis.
1440 1535 1551 1591 platz
1578 1535 1667 1578 frei.
1716 1535 1896 1588 (Incest.)

341 1621 434 1663 app.
458 1608 527 1649 48.

339 1678 560 1734 Pompejus
599 1678 789 1732 regnavit
828 1679 942 1721 dives
984 1692 1106 1734 super
1144 1679 1282 1721 omnia
1314 1691 1360 1721 ac
1390 1681 1536 1734 potens
1568 1678 1638 1733 qui
1668 1677 1794 1720 filiam
1826 1678 1897 1720 ha-

340 1750 474 1792 bebat.
540 1750 678 1799 (Ohne
725 1750 861 1805 lampe
906 1750 989 1791 und
1036 1750 1186 1802 hund.)
1249 1750 1468 1801 (Entfiihrt
1508 1750 1592 1791 und
1634 1749 1894 1802 beschenkt.)

339 1821 408 1863 lat.
438 1822 472 1862 1.

342 1891 569 1935 Gracianus
601 1892 789 1945 regnavit
821 1892 890 1946 qui
923 1893 1068 1934 statuit
1098 1906 1172 1948 pro
1203 1892 1292 1946 lege
1323 1892 1398 1934 sub
1429 1905 1536 1948 pena
1566 1892 1723 1934 mortis.
1772 1891 1897 1944 (Zwei

341 1963 496 2019 briider
523 1964 607 2005 und
640 1963 792 2015 onkel.)
840 1963 910 2005 lat.
936 1964 974 2005 2.

340 2035 547 2077 Honorius
594 2035 782 2089 regnavit
827 2035 896 2089 qui
945 2034 1091 2076 statuit
1130 2047 1204 2089 pro
1243 2034 1332 2088 lege
1371 2033 1478 2088 quod
1516 2034 1550 2076 si
1590 2033 1736 2076 mulier
1775 2035 1894 2075 esset.

341 2105 551 2157 (Zweimal
584 2105 908 2157 hinabstiirzen.)
956 2105 1026 2147 lat.
1051 2106 1089 2146 3.

340 2177 573 2219 Fridericus
620 2177 662 2218 in
710 2177 875 2218 civitate
918 2190 1088 2218 romana
1130 2177 1318 2230 regnavit
1358 2177 1426 2231 qui
1464 2176 1534 2218 diu
1573 2176 1772 2218 remansit
1809 2175 1897 2218 sine

341 2248 469 2304 prole.
519 2248 642 2301 (Ring
674 2247 745 2289 der
777 2247 1105 2301 vergessenheit.)
1151 2248 1220 2290 lat.
1250 2249 1313 2289 10.
1802 2246 1807 2250 ’

341 2319 444 2361 Erat
482 2320 648 2374 quidam
690 2319 914 2374 imperator
952 2320 994 2360 in
1034 2319 1147 2373 cujus
1183 2320 1356 2375 imperio
1390 2322 1478 2361 erat
1509 2317 1672 2373 quidam
1706 2317 1895 2360 sacerdos

343 2390 536 2432 lubricus.
587 2389 916 2444 (Hundsquelle.)
962 2390 1033 2432 lat.
1061 2391 1126 2432 12.

340 2461 444 2503 Erat
491 2461 655 2515 quidam
699 2461 925 2516 imperator
967 2461 1035 2515 qui
1074 2461 1286 2517 pulchram
1326 2474 1497 2503 uxorem
1535 2459 1688 2502 habuit.
1742 2459 1809 2511 (C.
1842 2458 1892 2501 D.

341 2531 395 2574 M.
420 2532 483 2584 R.)
529 2532 600 2573 lat.
627 2533 692 2573 13.
1906 2575 1910 2577 .

342 2603 446 2645 Erat
485 2603 650 2657 quidam
691 2603 915 2658 imperator
957 2603 1026 2658 qui
1064 2603 1208 2645 habuit
1247 2602 1449 2657 quandam
1489 2601 1682 2644 forestam
1723 2601 1767 2643 in
1802 2615 1892 2657 qua.

344 2674 495 2725 (Nakte
521 2674 800 2728 jungfrauen.)
846 2673 916 2715 lat.
943 2675 1037 2715 115.

344 2745 516 2795 Quidam
558 2745 675 2787 miles
717 2747 805 2787 erat
846 2745 914 2799 qui
957 2748 1136 2788 castrum
1167 2745 1487 2801 pulcherrimum
1518 2744 1696 2788 habebat
1724 2744 1770 2786 In
1802 2757 1893 2799 quo.

344 2815 581 2868 (Stoi-chin.)
628 2816 697 2858 lat.
723 2817 789 2857 82.

345 2886 533 2929 Justinus
565 2888 608 2929 in
639 2887 805 2930 civitate
830 2887 1015 2929 Romana
1047 2888 1234 2942 regnavit
1266 2887 1334 2942 qui
1366 2886 1510 2929 statuit
1540 2899 1614 2942 pro
1645 2886 1746 2940 lege.
1795 2885 1894 2938 (Un-

343 2962 458 3000 treue
493 2971 620 3011 gegen
655 2959 857 3009 erretter.)
907 2958 977 3000 lat.
1006 2960 1098 3000 117.
