1919 3157
865 38 948 80 703

74 138 226 195 [1465]
261 141 371 183 Filio
403 144 470 183 dei
499 151 594 184 sunt
614 143 789 196 justicia
821 151 858 184 et
888 145 1171 186 misericordia
1203 145 1242 186 4.

73 210 211 253 Filius
242 214 310 254 dei
339 222 375 254 et
403 214 580 254 mundus
611 215 691 255 duo
711 214 874 268 fratres
895 222 990 255 sunt
1020 216 1119 270 quia
1147 215 1266 257 ambo
1299 232 1324 257 a
1341 225 1463 272 patre
1484 217 1621 259 celesti
1643 234 1747 274 pro-

161 292 364 325 cesserunt
395 283 434 324 2.

73 352 210 394 Filius
236 355 441 410 prodigus
472 355 701 396 substantia
731 363 972 411 consumpta
1003 370 1115 410 eqere
1146 359 1250 411 cepit
1287 358 1325 398 9.

72 422 179 465 Filii
207 424 382 466 Polimii
410 427 519 478 reglis
551 434 629 466 tres
663 427 764 481 quid
794 427 1020 481 siyniftcent
1051 425 1119 466 91.

72 493 210 535 Filius
242 495 454 536 Medronis
491 498 598 551 reyis
637 513 662 537 a
698 505 817 552 patre
855 498 1042 538 exulatus
1080 497 1137 537 ad
1174 511 1307 553 reyem
1346 498 1571 540 Persarum
1607 503 1747 556 patris

159 567 227 606 sui
255 568 467 607 inimicum
486 567 607 622 fuyit
641 568 734 608 138.

71 634 209 676 Filius
239 639 347 691 reqis
377 639 575 678 mundum
604 640 776 679 visitans
809 639 911 693 quid
940 638 1144 694 siynzficet
1182 637 1275 679 129.

71 705 337 760 Foret‘actum
346 716 529 748 nostrum
539 709 621 748 dim
629 710 770 755 ittz'tum
785 710 882 749 dum
899 708 1070 749 candela
1086 710 1165 750 vite
1175 717 1311 750 nostre
1322 724 1403 751 non
1414 711 1667 764 extinquitur
1677 710 1744 752 96.

71 775 286 818 Forestam
317 779 667 819 circumvallatam
702 794 776 820 rea:
808 780 978 834 quidam
1013 779 1158 820 babuit
1194 781 1466 821 diversorium
1502 781 1748 822 animalium

154 848 371 903 yeneribus
396 849 566 905 plenam
600 849 694 890 142.

71 917 233 974 Fuyere
263 920 448 961 debemus
479 920 608 961 multa
639 920 706 961 20.

72 987 284 1045 Fulyentii
311 1005 484 1046 reqnum
519 991 611 1031 141.

70 1059 311 1102 F'ridericus
340 1063 568 1116 imperator
597 1062 796 1102 secundus
822 1070 992 1116 portam
1022 1076 1296 1102 marmoream
1327 1064 1558 1103 construxit
1577 1070 1646 1104 etc.
1676 1061 1745 1103 54.

71 1129 296 1173 Fructuose
321 1133 545 1187 predicans
564 1132 749 1186 fratrem
778 1147 897 1173 suum
928 1132 1113 1173 lucratur
1148 1133 1212 1173 14.

70 1200 162 1243 Fur
190 1202 356 1244 domum
386 1204 525 1244 divitis
561 1204 781 1244 ascendens
818 1217 894 1258 per
931 1205 1126 1244 astutiam
1171 1203 1346 1258 hospitis
1376 1202 1566 1244 cruribus
1585 1203 1745 1258 fractis

159 1274 324 1328 capitur
354 1282 391 1314 et
420 1275 640 1329 suspendio
673 1274 939 1327 adjudicatur
974 1274 1068 1315 136.

75 1340 222 1386 Gallus
259 1352 524 1400 comparatur
563 1345 790 1400 prophetis.
857 1344 958 1386 Item
995 1345 1194 1400 apostolis
1234 1353 1271 1386 et
1308 1344 1578 1400 evanqelistis.
1645 1344 1747 1385 Item

152 1415 486 1470 predicatoribus
519 1415 584 1456 17.

73 1481 221 1528 Gallus
252 1487 327 1541 qui
352 1485 563 1541 pandebat
591 1486 840 1527 adulterium
869 1487 1010 1541 reqine
1040 1493 1166 1541 caput
1195 1493 1436 1541 amputatur
1467 1484 1535 1526 68.

73 1553 221 1598 Gallus
252 1558 326 1612 qui
352 1559 563 1598 veritatem
593 1559 721 1598 tacuit
750 1572 833 1598 non
865 1557 1075 1598 occiditur.
1132 1556 1303 1598 Ibidem.

73 1623 221 1669 Gallus
250 1629 439 1683 reynavit
470 1627 536 1668 69.

73 1693 206 1751 Gajus
235 1699 280 1739 in
311 1699 426 1752 cujus
456 1713 581 1754 reyno
614 1707 702 1739 erat
718 1698 999 1754 pulcherrima
1019 1699 1136 1752 virqo
1158 1699 1322 1738 nomine
1342 1696 1603 1750 Florentina‚
1630 1698 1746 1752 cujus

144 1768 394 1822 formositas
426 1771 644 1826 depinyere
675 1771 745 1810 vix
773 1771 908 1825 potuit
943 1771 1079 1824 pictor
1111 1769 1427 1824 expertissimus.
1477 1768 1534 1810 Et
1563 1770 1746 1810 animam

156 1847 342 1881 nostram
368 1840 586 1896 pulchram
616 1842 827 1898 siqnifi'cat
859 1840 910 1880 67
941 1855 1019 1895 per
1051 1847 1187 1881 totum.

73 1906 272 1952 Gladium
300 1912 533 1967 iniquitatis
565 1928 592 1952 a
619 1911 737 1952 nobis
766 1911 969 1966 projicere
1000 1909 1187 1951 debemus
1220 1908 1258 1950 9.

72 1977 278 2023 Ganterus
310 1982 442 2023 locum
468 1983 682 2038 qaudendi
711 1983 798 2023 sine
821 1983 910 2040 fine
942 1980 1110 2036 optabat
1143 1980 1238 2021 101.

73 2047 221 2094 Gladii
279 2061 456 2108 quatuor
515 2054 745 2095 acutissimi
802 2067 851 2093 ea*
911 2053 1024 2093 omni
1080 2058 1200 2106 parte
1249 2051 1379 2105 positi
1429 2050 1531 2105 quid
1580 2052 1744 2110 siqnift-

156 2130 245 2164 cent
276 2123 370 2165 143.

73 2191 250 2237 Gladius
278 2195 475 2251 pependit
503 2196 548 2235 in
570 2195 650 2253 filo
682 2196 811 2236 serico
844 2208 968 2249 super
998 2200 1123 2248 caput
1142 2192 1277 2246 fatris
1307 2193 1428 2247 reqis.
1481 2190 1651 2232 Ibidem.

73 2263 296 2309 Gervasius
326 2273 476 2306 narrat
505 2266 554 2306 de
582 2267 764 2321 imaqine
793 2265 1012 2306 salvatoris
1041 2263 1222 2305 notabile
1253 2262 1482 2317 exemplum
1515 2261 1609 2302 154.

73 2334 270 2393 Greqorii
305 2345 416 2378 ortus
455 2337 656 2392 quomodo
694 2338 811 2377 inter.
825 2335 1010 2390 fratrem
1048 2342 1085 2375 et
1114 2348 1296 2375 sororem
1335 2340 1393 2373 est
1426 2333 1588 2387 qenitus
1621 2347 1669 2373 ac
1699 2333 1747 2373 in

156 2423 310 2464 aquam
341 2423 431 2449 cum
460 2407 571 2448 dolio
601 2407 816 2463 projectus.
864 2407 947 2458 Qui
965 2413 1062 2460 post
1080 2405 1210 2446 multa
1231 2412 1418 2459 tempora
1437 2410 1608 2444 matrem
1627 2417 1747 2443 suam

155 2481 356 2535 iqnorans
377 2479 653 2534 desponsavit,
689 2492 812 2533 quam
834 2478 1039 2518 dimittens
1071 2483 1107 2517 et
1122 2476 1400 2531 penitenciam
1421 2488 1546 2529 aqens
1571 2473 1747 2514 Romam

155 2551 338 2606 perrexit
366 2549 439 2590 ubi
466 2550 512 2590 in
538 2563 699 2604 papam
729 2548 873 2589 electus
907 2554 963 2588 est
994 2545 1062 2586 81.

73 2617 276 2664 Gibbosus
316 2619 481 2662 obulum
521 2620 621 2660 dare
658 2634 743 2660 non
779 2618 909 2659 voluit
946 2631 1073 2672 quare
1105 2623 1253 2671 postea
1292 2629 1470 2670 cappam
1515 2614 1747 2669 relinquere

158 2692 341 2747 oportuit
374 2689 468 2730 157.

73 2758 186 2804 Gula
213 2763 360 2803 vitium
390 2768 448 2802 est
477 2759 709 2802 detestabile
739 2766 832 2800 teste
863 2757 1050 2799 Caesaris
1091 2756 1184 2797 179.

73 2829 186 2874 Gula
216 2833 398 2887 quinque
425 2831 583 2886 yradus
611 2830 814 2885 peccandi
840 2830 886 2870 in
917 2843 958 2870 se
987 2827 1115 2869 habet.
1165 2826 1337 2868 Ibidem.

7 2950 10 2953 ,
74 2899 213 2946 Guido
243 2902 359 2944 miles
388 2903 498 2943 socio
529 2915 602 2942 suo
640 2899 768 2956 Tyrio
791 2899 1063 2957 fidelissimus
1083 2897 1177 2952 fuit
1208 2896 1303 2937 172.
