1919 3157
859 48 937 89 601

68 147 235 202 gloriari
268 148 307 190 in
341 148 499 203 Cristo,
536 155 698 207 oportet
729 166 802 194 nos
834 153 912 196 ista
943 153 1021 196 duo
1055 154 1223 209 habere,
1267 170 1321 198 sc.
1346 157 1515 212 pallium
1549 159 1731 201 caritatis

69 223 110 261 et
139 220 352 274 capucium
386 220 492 266 tidei.
525 223 620 277 quia
652 223 739 265 sine
772 224 848 266 tide
880 225 1133 277 impossibile
1156 231 1217 268 est
1238 227 1402 270 salvari.
1441 229 1598 272 Deinde
1620 231 1732 285 equi-

67 289 183 332 tabat
213 291 253 332 in
285 290 414 333 lutum
449 297 524 335 etc.
567 293 633 336 Sic
655 295 854 350 dyabolus
887 295 936 337 ab
970 296 1038 338 illo
1071 301 1255 352 tempore
1288 313 1366 354 quo
1395 301 1542 342 cecidit
1570 315 1732 357 semper

68 361 109 403 in
146 360 231 403 luto
270 364 425 417 peccati
466 364 713 406 ambulabat.
767 366 855 407 Non
895 366 954 408 sic
994 367 1132 421 miles,
1179 369 1368 412 dominus
1416 377 1554 414 noster
1593 372 1731 414 lhesus

67 430 238 485 cristus,
271 438 311 475 et
342 434 453 487 ideo,
486 436 520 476 si
554 437 613 477 vis
646 441 686 479 te
718 450 741 478 a
771 437 856 479 luto
890 439 1044 492 peccati
1077 439 1250 493 salvare,
1283 441 1433 483 habeas
1467 448 1631 497 pontem
1664 443 1733 485 fir-

66 516 192 556 mum,
224 504 250 545 i.
275 517 307 546 e.
332 518 460 560 spem,
494 506 543 548 de
574 521 653 561 qua
686 508 914 563 apostolus:
950 508 1030 564 Spe
1062 510 1162 552 salvi
1185 511 1282 553 sacti
1305 526 1457 555 sumus.
1501 514 1580 570 Spe
1601 516 1731 557 tocius

67 573 261 616 bonitatis
292 581 403 618 caret
435 577 645 632 dyabolus.
686 578 844 621 Deinde
876 580 993 622 miles
1026 581 1201 624 habebat
1233 596 1380 638 panem
1415 589 1454 626 et
1484 585 1622 627 vinum
1655 591 1729 628 etc.

67 643 134 686 Sic
165 645 354 688 dominus
392 654 529 690 noster
562 648 700 691 lhesus
733 649 890 692 Cristus
923 651 1099 695 habebat
1129 666 1309 695 amorem
1342 655 1544 709 integrum
1579 657 1627 698 ad
1661 671 1732 712 pa-

66 720 168 758 trem
202 729 320 759 suum
354 723 393 760 et
425 719 476 761 ad
508 724 634 761 totam
669 721 824 763 curiam
857 722 1067 777 celestem,
1110 724 1184 766 hoc
1222 738 1304 766 non
1345 726 1532 768 obstante
1571 731 1731 770 tantum

65 786 270 830 hominem
301 788 457 843 dilexit,
491 791 596 844 quod
619 792 668 834 de
690 792 786 834 celis
810 793 1020 837 deseendit
1041 799 1082 837 et
1101 808 1266 837 carnem
1290 800 1470 839 nostram
1495 800 1730 854 assumpsit.

65 857 193 900 Immo
226 873 373 915 panem
407 866 446 903 et
477 862 617 904 vinum
650 863 699 905 de
730 877 899 919 corpore
932 879 1004 907 suo
1036 866 1153 908 nobis
1186 867 1447 910 ministravit.
1488 868 1640 923 Regem
1670 871 1732 912 in-

65 930 210 972 vitavit
241 931 403 985 quando
435 933 602 986 angelus
635 935 794 977 curavit
825 940 865 978 et
895 936 944 979 de
975 950 1048 978 suo
1080 937 1229 991 gaudio
1261 940 1588 982 communicavit.
1629 940 1731 984 Cum

63 1000 208 1044 lucifer
239 1001 491 1058 splendidior
523 1009 610 1047 erat
639 1005 838 1059 ingratus,
872 1007 1034 1061 quando
1066 1008 1140 1050 deo
1173 1010 1353 1051 sanctior
1384 1024 1472 1053 esse
1501 1011 1662 1055 volebat
1693 1017 1733 1055 et

63 1072 154 1115 ideo
185 1073 342 1116 cecidit.
391 1073 434 1116 Si
466 1088 561 1129 ergo
593 1077 844 1120 intendimus
876 1078 950 1121 deo
982 1079 1144 1135 placere
1166 1079 1359 1123 debemus
1381 1095 1519 1125 secum
1551 1096 1732 1126 commu-

63 1144 202 1187 nicare
233 1145 274 1186 in
307 1159 412 1201 pane
444 1151 483 1188 et
516 1147 624 1201 vino,
657 1148 682 1189 i.
708 1161 740 1189 e.
765 1149 806 1190 in
845 1162 967 1192 carne
1007 1154 1047 1192 et
1083 1152 1294 1205 sanguine.
1346 1152 1505 1195 Deinde
1537 1154 1731 1198 debemus

63 1229 233 1271 pergere
264 1216 369 1259 sicut
400 1217 517 1260 miles
549 1232 622 1274 per
654 1220 841 1262 semitam
876 1226 916 1263 et
946 1234 1027 1263 non
1059 1235 1132 1277 per
1163 1223 1271 1264 viam
1297 1224 1518 1278 publicam,
1550 1226 1576 1267 i.
1601 1240 1634 1268 e.
1659 1240 1732 1282 per

62 1287 338 1342 penitenciam
370 1288 580 1332 ambulare
611 1290 806 1333 debemus
847 1296 887 1334 et
925 1306 1008 1334 non
1048 1307 1120 1349 per
1161 1300 1347 1349 peccata,
1389 1297 1494 1338 sicut
1532 1298 1731 1353 scriptum

63 1362 158 1401 est:·
177 1357 316 1400 Strata
348 1363 410 1401 est
441 1360 520 1414 via,
554 1375 630 1415 que
663 1362 774 1404 ducit
806 1363 856 1404 ad
888 1364 1028 1418 vitam,
1060 1364 1145 1407 lata
1176 1379 1254 1420 que
1285 1366 1397 1409 ducit
1428 1368 1479 1409 ad
1509 1369 1728 1411 infernum.

61 1428 116 1472 Et
146 1430 204 1472 sic
236 1430 350 1472 rethe
384 1430 487 1474 bone
519 1432 600 1475 vite
632 1433 816 1476 invenire
857 1438 897 1476 et
936 1449 1010 1490 per
1047 1449 1299 1492 consequens
1332 1439 1382 1481 ad
1415 1443 1599 1482 eternum
1631 1454 1731 1494 gau-

61 1500 172 1543 dium
204 1502 431 1557 pervenire.

707 1681 807 1737 194,
840 1694 986 1737 germ.
1011 1684 1085 1728 62.

175 1784 356 1828 Gallicus
402 1787 444 1828 in
491 1788 657 1831 civitate
702 1802 872 1832 romana
917 1792 1105 1845 regnavit
1150 1792 1330 1848 prudens
1370 1793 1488 1837 valde
1527 1799 1567 1837 et
1606 1809 1730 1851 super

59 1856 196 1899 omnia
220 1858 371 1912 justuS,
405 1859 474 1913 qui
506 1860 652 1902 statuit
682 1873 755 1915 pro
787 1860 876 1915 lege
908 1863 1153 1918 quicumque
1182 1864 1386 1919 pectinem
1409 1865 1533 1920 piscis
1564 1867 1607 1908 in
1639 1880 1729 1909 scu-

58 1927 156 1970 tella
187 1942 262 1971 sua
292 1933 470 1972 verteret
501 1934 632 1973 morte
664 1936 893 1975 moreretur
924 1935 1012 1976 sine
1044 1934 1181 1989 aliqua
1203 1935 1500 1990 misericordia,
1532 1937 1603 1979 sed
1635 1943 1729 1981 ante

58 2004 232 2042 mortem
269 2004 428 2055 peteret
465 2002 546 2043 tria
577 2015 600 2044 a
630 2016 725 2056 rege
758 2008 798 2046 et
829 2004 1054 2060 optineret,
1094 2005 1154 2047 ita
1184 2010 1324 2048 tamen
1357 2008 1464 2062 quod
1494 2009 1609 2051 nulla
1638 2009 1728 2052 illa-

57 2084 146 2112 rum
178 2071 426 2126 peticionum
460 2077 568 2115 esset
598 2087 672 2129 pro
705 2075 789 2117 vita
820 2075 1018 2118 habenda.
1059 2075 1181 2119 Racio
1215 2082 1303 2119 erat
1333 2078 1406 2120 hec
1438 2092 1563 2134 quare
1596 2079 1728 2134 legem

57 2142 289 2196 constituit,
330 2143 426 2198 quia
456 2148 544 2186 erat
580 2148 664 2186 tam
704 2145 844 2200 largus
883 2147 990 2201 quod
1030 2148 1141 2190 nullo
1182 2149 1303 2191 modo
1346 2150 1507 2193 volebat
1547 2152 1654 2205 quod
1685 2152 1728 2194 in

57 2212 151 2255 aula
181 2227 256 2255 sua
286 2227 379 2256 ossa
418 2215 694 2270 cujuscunque
727 2217 982 2273 viderentur,
1021 2219 1092 2261 sed
1132 2233 1254 2274 quam
1294 2221 1374 2263 cito
1415 2221 1535 2264 homo
1567 2227 1726 2278 partem

57 2283 256 2327 albedinis
289 2285 338 2328 de
371 2287 532 2342 pectine
564 2288 808 2342 comederet,
840 2290 952 2332 nullo
976 2291 1096 2333 modo
1118 2295 1278 2346 partem
1301 2293 1526 2346 nigredinis
1549 2298 1728 2337 verteret

56 2355 127 2398 sed
159 2356 211 2398 ad
242 2357 456 2412 coquinam
490 2359 673 2402 mitteret
712 2364 753 2402 et
793 2361 889 2415 quia
927 2361 964 2403 ei
1001 2361 1111 2404 laute
1150 2363 1454 2406 ministraretur
1493 2369 1724 2421 appareret.

55 2426 219 2469 Accidit
248 2427 356 2482 quod
387 2428 552 2483 quidam
585 2443 719 2473 comes
758 2432 808 2474 ad
847 2433 1003 2474 curiam
1045 2433 1308 2489 imperatoris
1348 2440 1517 2478 venerat
1554 2436 1726 2478 ducens-

55 2511 134 2553 que
165 2511 302 2541 secum
334 2498 462 2540 filium
496 2513 627 2543 suum.
676 2503 811 2546 Ambo
842 2503 885 2545 in
916 2516 1101 2546 mensam
1134 2509 1251 2547 erant
1281 2506 1406 2561 positi
1443 2511 1483 2549 et
1519 2506 1568 2548 de
1598 2507 1726 2562 pecti-

55 2569 175 2611 nibus
206 2570 442 2612 ministrati.
492 2570 637 2614 Comes
669 2586 760 2616 cum
794 2578 902 2617 esset
930 2574 1142 2617 famelicus
1176 2580 1391 2631 postquam
1424 2582 1584 2633 partem
1616 2578 1726 2621 albe-

55 2639 162 2683 dinis
201 2641 452 2694 comederet,
502 2644 624 2685 vertit
662 2645 864 2699 pectinem
906 2646 955 2688 ad
996 2650 1154 2701 partem
1193 2648 1417 2701 nigredinis
1458 2653 1498 2691 et
1535 2649 1723 2691 comedit.

54 2710 143 2753 Hoc
172 2711 358 2755 videntes
389 2713 508 2754 multi
540 2727 678 2756 coram
709 2729 805 2769 rege
836 2721 1031 2759 exeuntes
1064 2731 1153 2759 eum
1188 2719 1297 2774 apud
1319 2732 1455 2772 regem
1479 2720 1726 2762 accusabant

55 2783 163 2837 quod
200 2787 373 2826 mortem
420 2785 571 2826 meruit
609 2786 705 2840 quia
742 2791 886 2829 contra
923 2787 1055 2842 legem
1094 2789 1244 2831 editam
1291 2790 1519 2844 deliquerit.
1575 2790 1724 2833 Statim

55 2867 179 2909 super
223 2854 296 2897 tali
334 2856 660 2909 transgressione
700 2862 925 2914 correptus.
985 2859 1057 2901 llle
1098 2873 1194 2902 vero
1234 2861 1330 2915 quid
1370 2861 1523 2903 diceret
1559 2862 1723 2917 penitus

6 2970 10 2974 ,
54 2924 290 2981 ignorabat,
336 2925 444 2969 filius
493 2941 587 2970 vero
629 2928 715 2983 ejus
762 2929 931 2972 audiens
971 2930 1078 2986 quod
1118 2935 1236 2988 pater
1273 2932 1450 2975 nesciret
1487 2946 1530 2976 se
1563 2933 1723 2988 juvare,
