1929 3162
928 75 1013 116 320

133 180 275 222 volunt
306 178 494 221 deificare
527 183 567 221 et
598 178 825 232 glorificare
858 180 1101 234 semetipsos
1134 179 1198 221 vel
1227 180 1328 222 alios
1350 181 1596 223 consimiles.
1644 179 1808 223 Ponunt

134 251 272 293 statim
311 249 515 304 quoddam
546 250 701 292 idolum
734 263 869 292 coram
904 250 1031 292 oculis
1063 249 1337 305 prelatorum,
1370 251 1524 294 faciens
1558 251 1720 305 signum
1753 252 1808 294 si-

132 322 267 374 lencii,
301 322 360 363 ita
392 320 594 374 videlicet,
628 325 673 362 ut
704 321 841 362 nullus
874 321 1022 363 audeat
1051 334 1119 362 eos
1143 335 1326 375 arguere,
1359 335 1434 364 nec
1455 322 1504 364 de
1527 335 1666 364 eorum
1688 323 1807 364 factis

134 393 364 448 exprimere
396 393 625 446 veritatem,
659 392 731 434 sed
762 392 893 446 magis
925 405 1067 434 eorum
1100 405 1258 435 errores
1291 393 1552 435 dissimulare
1579 393 1641 435 vel
1666 394 1807 449 pocius

87 469 108 503 5
132 462 417 517 magnificare,
458 467 503 506 ut
542 464 600 505 sic
639 467 809 518 propter
841 463 1044 505 defectum
1077 463 1419 506 contradiccionis
1452 464 1668 506 videantur
1700 465 1809 520 apud

133 534 330 590 populum
363 548 451 577 esse
478 535 593 589 justi.
640 534 695 576 Et
719 538 828 576 certe
850 534 961 576 istud
982 534 1137 576 idolum
1167 538 1229 576 est
1260 535 1384 576 timor
1406 535 1651 589 mundanus,
1684 548 1808 591 prop-

133 609 195 647 ter
227 619 347 660 quem
378 605 514 647 nullus
548 605 670 647 audet
702 606 837 647 dicere
868 605 1097 658 veritatem,
1130 619 1205 648 nec
1242 606 1346 647 mori
1379 610 1547 661 propter
1578 606 1808 660 veritatem,

132 689 208 718 nec
238 676 408 718 nimiam
442 677 775 731 persecucionem
808 677 1024 730 sustinere,
1057 677 1182 718 immo
1215 680 1383 732 propter
1415 677 1525 719 istud
1557 677 1712 719 idolum
1733 677 1808 730 illi,

135 760 307 801 quorum
347 748 633 803 principaliter
673 747 866 802 interest,
905 761 979 803 pro
1021 761 1093 790 suo
1133 761 1256 801 grege
1286 748 1411 802 mori,
1451 747 1554 790 fiunt
1584 748 1643 790 ita
1673 748 1808 790 timidi

66 822 109 856 10
135 818 240 860 sicut
270 818 450 874 lepores3
490 819 638 873 immo,
676 819 783 873 quod
816 819 933 874 pejus
966 823 1047 872 est,
1080 818 1161 874 ipsi
1192 818 1296 860 fiunt
1327 818 1418 861 aliis
1449 819 1603 861 idolum
1636 819 1808 873 silencii,

135 890 242 944 quia,
277 890 311 932 si
342 890 423 945 ipsi
454 903 537 932 non
570 893 719 944 essent,
754 889 823 932 alii
856 890 1122 933 defenderent
1153 891 1383 932 veritatem.
1432 890 1566 932 Deum
1588 891 1715 944 igitur
1740 891 1809 946 qui
1875 915 1879 917 -

135 964 196 1003 est
227 961 392 1015 veritas,
425 975 498 1017 pre
531 961 658 1003 oculis
689 961 913 1003 habeamus
945 962 988 1003 in
1020 961 1210 1003 omnibus
1243 961 1435 1017 operibus
1467 962 1619 1004 nostris
1649 965 1690 1004 et
1711 961 1809 1004 deus
1869 958 1907 1004 ’Ἥ

133 1045 206 1074 nos
237 1032 431 1075 liberabit
462 1036 502 1075 et
532 1032 654 1075 ducet
686 1032 737 1074 ad
767 1032 895 1074 vitam
930 1036 1126 1076 eternam.
1175 1032 1241 1074 Ad
1274 1046 1397 1088 quam
1431 1036 1506 1075 etc.

809 1239 910 1282 CAP.
936 1240 1004 1281 23.
1036 1240 1139 1292 (22.)

65 1334 108 1368 15
669 1320 743 1366 De
778 1320 1006 1381 spirituali
1039 1321 1273 1367 medicina.

249 1421 400 1463 Beatus
423 1422 679 1475 Augustinus
711 1423 850 1477 refert,
884 1423 991 1477 quod
1022 1436 1111 1465 mos
1144 1424 1336 1477 antiquus
1369 1425 1470 1476 erat,
1503 1421 1612 1477 quod
1640 1435 1812 1477 corpora

132 1492 427 1548 imperatorum
460 1498 555 1548 post
585 1498 761 1536 mortem
794 1508 935 1536 eorum
961 1494 1300 1536 comburerentur
1323 1497 1363 1536 et
1384 1494 1542 1535 cineres
1563 1493 1607 1535 in
1629 1493 1812 1535 eminen-

133 1564 233 1605 ciori
271 1563 358 1605 loco
398 1564 708 1607 collocarentur.
770 1564 953 1619 Contigit
993 1570 1150 1619 autem,
1191 1565 1299 1619 quod
1341 1565 1508 1619 quidam
1544 1564 1812 1617 moriebatur,

133 1635 248 1688 cujus
287 1648 356 1676 cor
391 1648 473 1676 non
504 1639 669 1690 poterat
699 1637 903 1689 comburi3
944 1636 1084 1678 multis
1118 1638 1255 1678 autem
1289 1650 1413 1691 super
1442 1635 1519 1678 hoc
1549 1635 1810 1689 mirantibus,

64 1711 109 1746 20
135 1718 275 1748 omnes
307 1706 493 1748 rhetores
525 1711 565 1749 et
597 1708 805 1762 sapientes
836 1708 947 1750 illius
979 1707 1189 1763 provincie
1221 1707 1465 1761 citaverunt,
1498 1711 1539 1749 et
1563 1707 1613 1749 ab
1636 1707 1694 1749 eis
1717 1719 1812 1749 cau-

134 1790 222 1818 sam
255 1777 557 1831 inquirentibus
589 1778 756 1820 tandem
789 1779 1001 1832 dixerunt,
1043 1779 1150 1834 quod
1181 1779 1408 1833 imperator
1438 1778 1517 1820 fuit
1546 1777 1810 1831 intoxicatus,

134 1851 174 1889 et
214 1853 384 1903 propter
420 1848 552 1890 latens
591 1861 793 1891 venenum
835 1850 1002 1892 accendi
1039 1863 1122 1892 non
1157 1853 1322 1905 poterat
1352 1863 1421 1891 cor
1453 1850 1553 1903 ejus.
1607 1849 1721 1891 Tunc
1750 1848 1812 1890 illi

135 1919 396 1961 extrahentes
429 1932 498 1961 cor
529 1920 578 1962 de
609 1921 716 1974 igne,
750 1925 1032 1976 apposuerunt
1065 1920 1186 1975 [abb]
1212 1921 1414 1975 tiriacam,
1448 1921 1587 1974 sicque
1608 1933 1810 1962 venenum

133 1989 398 2043 fugaverunt3
440 1993 480 2033 et
516 2003 609 2032 cum
640 1992 790 2034 iterum
822 2005 892 2034 cor
921 1993 966 2034 in
996 1993 1133 2046 ignem
1166 1996 1408 2048 poneretur,
1449 2005 1545 2033 mox
1577 1991 1621 2033 in
1651 1991 1809 2033 cineres

64 2068 109 2102 25
135 2064 197 2103 est
227 2061 453 2103 redactum.

255 2130 578 2186 [Moraliz‘acz'o]
633 2131 866 2187 Carissimi,
907 2134 966 2176 sio
1001 2133 1274 2188 spiritualiter
1306 2133 1356 2175 de
1387 2132 1621 2175 hominibus
1653 2145 1810 2174 veneno

133 2203 292 2258 peccati
322 2203 509 2245 mortalis
540 2203 778 2246 intoxicatis
810 2205 1066 2260 impossibile
1098 2208 1172 2258 est,
1204 2208 1250 2246 ut
1281 2217 1423 2246 eorum
1454 2203 1578 2246 corda
1607 2203 1702 2256 igne
1728 2203 1813 2258 spi-

134 2275 237 2316 ritus
276 2274 408 2316 sancti
447 2275 740 2329 accendantur,
781 2276 862 2317 nisi
893 2289 967 2331 per
998 2276 1188 2318 tiriacam
1218 2277 1245 2318 i.
1270 2290 1304 2318 e.
1336 2289 1409 2331 per
1440 2274 1739 2317 confessionem
1772 2276 1813 2315 et

134 2345 427 2387 contricionem
457 2346 573 2400 prius
604 2347 763 2401 peccati
795 2347 958 2389 macula
989 2347 1186 2390 deleatur.

67 2563 112 2597 30
810 2552 912 2595 CAP.
937 2554 1004 2595 24.
1036 2553 1138 2606 (23.)

462 2632 536 2677 De
571 2635 850 2692 suyyestione
887 2633 1059 2679 diaboli
1085 2648 1171 2693 per
1208 2632 1484 2693 temporalia.

225 2734 288 2776 De
331 2734 507 2789 quodam
538 2747 658 2788 mago
690 2738 903 2789 narratur,
944 2736 1014 2790 qui
1044 2735 1189 2776 habuit
1220 2734 1422 2789 quendam
1457 2737 1592 2776 ortum
1623 2733 1812 2790 pulcher-

138 2805 302 2860 rimum,
335 2806 378 2848 in
410 2819 489 2860 quo
521 2808 638 2848 erant
668 2808 730 2847 tot
760 2805 880 2848 fiores
911 2806 1156 2860 redolentes,
1188 2808 1251 2847 tot
1280 2805 1437 2847 fructus
1470 2819 1630 2859 suaves,
1662 2807 1724 2847 tot
1751 2805 1812 2847 di-

138 2875 241 2918 vicie
274 2879 314 2917 et
344 2876 501 2931 delicie,
535 2876 643 2932 quod
670 2876 788 2919 valde
810 2877 1050 2920 delectabile
1070 2878 1149 2919 fuit
1169 2876 1227 2919 ibi
1249 2890 1350 2919 esse.
1398 2875 1518 2918 Hunc
1537 2875 1672 2918 locum
1693 2889 1812 2918 num-

233 2957 275 2990 11
302 2957 371 3001 alii]
401 2963 486 3003 oriy.
504 2958 583 3002 ipsi.

1907 1915 1922 1960 ⁴.

1906 1970 1925 2031 ἶ

1912 2112 1929 2166 ⁴1.

1898 2235 1929 2342 ἔ
