1919 3157
853 35 938 75 515

50 137 236 178 redditus
269 134 567 192 [122J-t'11er1's,
600 154 650 179 ne
680 141 886 195 despicias
918 140 1145 181 tribunarii
1170 150 1469 197 paupertatem.
1526 142 1730 200 Appollo-

50 209 168 250 raus.-
200 207 254 251 Si
282 223 363 250 non
398 225 549 251 memor
567 210 712 264 suero,
743 213 894 252 iterum
923 211 1198 267 naufrayium
1225 215 1384 268 pat-iar,
1418 229 1491 255 nec
1523 215 1585 254 tui
1614 215 1730 254 simi-

52 279 129 321 lem
165 281 399 321 inveniam!
447 281 502 322 Et
540 281 611 321 hec
648 283 800 333 ‹lie-ens,
841 282 1121 323 demonstrata
1165 282 1246 323 sibi
1285 286 1351 324 via
1392 300 1565 340 carpens
1601 286 1731 339 ‘iqitur

44 358 194 406 portas
225 352 404 392 civitatis
434 353 679 407 inyreditur.
734 352 930 407 Dumque
961 355 1173 408 coyitaret,
1207 355 1314 395 unde
1340 364 1494 410 peteret
1525 356 1731 396 auxilium

49 422 143 473 vite,
177 423 282 463 vid-it
306 437 387 478 per
411 423 596 478 plateam
623 438 801 478 puerum
830 425 988 464 nudum
1018 432 1259 476 currentem,
1294 426 1379 467 oleo
1403 435 1527 482 caput
1549 435 1728 479 unctum,
1755 429 1777 464 5

48 491 205 533 sabano
222 495 494 548 precinctum,
521 509 614 535 voce
637 510 784 549 mayna
809 495 1051 535 clamantem
1073 503 1108 536 et
1132 496 1350 536 dicentem:
1383 497 1551 549 Audite,
1579 512 1729 550 omnes,

49 563 203 615 audite,
232 566 450 619 pere-cyrini
479 573 515 606 et
546 568 667 617 servi,
702 567 776 621 qui
805 564 921 606 ablui
944 566 1040 618 vult,
1068 574 1222 621 perqat
1249 569 1540 622 yymnasium!
1573 569 1730 610 Audito

47 633 124 676 hoc
153 634 452 691 Appollonius,
486 651 636 677 eaeuens
667 652 709 678 se
739 636 1033 688 tribunalium,
1066 638 1300 692 inqreditur
1332 639 1567 691 lavacrum,
1601 641 1732 681 utitur

48 704 231 761 liquore,
271 714 309 747 et
339 707 437 747 dum
468 708 652 762 siuyulos
683 709 878 760 intuetur,
919 710 1055 763 querit
1084 708 1166 749 sibi
1188 723 1339 764 parem
1370 725 1442 751 nec
1476 712 1654 763 invenit,
1696 719 1732 752 et

48 775 181 818 subito
214 777 460 819 Altistratus
490 793 564 819 red·
596 780 718 820 totius
751 780 931 832 ressio-nis
969 780 1178 835 inqressus
1211 788 1269 821 est
1309 796 1400 821 cum
1432 781 1554 822 turba
1579 782 1730 836 sautu·
1758 783 1801 818 10

47 847 194 889 lorum.
249 846 351 889 Cum
388 864 462 890 rea:
501 850 644 890 ludum
681 865 798 905 spere
837 866 929 891 cum
963 852 1092 891 servis
1124 852 1210 891 suis
1242 860 1456 904 exerceret,
1491 853 1661 894 admisit
1690 868 1732 894 se

46 918 329 974 Appollonius
359 922 462 976 reqi,
497 928 533 961 et
563 921 841 962 decurrentem
872 922 1038 962 sustulit
1068 937 1247 977 speram,
1282 930 1319 963 et
1349 923 1492 964 subtili
1520 925 1732 966 velocitate

39 1004 286 1046 percussam
316 991 474 1033 ludenti
503 994 594 1048 reqi
621 994 788 1033 remisit.
836 991 953 1033 Tunc
982 1008 1056 1034 rea:
1086 995 1173 1034 suis
1193 993 1376 1047 ¹famulis
1408 996 1489 1036 ait:
1524 995 1728 1049 Recedite,

45 1061 112 1102 liic
143 1063 252 1102 enim
271 1062 461 1116 juvenis,
503 1071 548 1104 ut
577 1065 790 1119 suspicor,
831 1063 936 1104 milti
973 1065 1301 1120 comparandus,
1343 1073 1401 1106 est
1431 1066 1726 1122 Appollonius.

45 1133 351 1189 Appollonius,
393 1142 438 1175 ut
468 1134 630 1175 audivit
659 1149 701 1175 se
733 1134 928 1187 laudari,
963 1143 1196 1177 constanter
1227 1138 1397 1177 accessit
1427 1138 1484 1178 acl
1512 1152 1660 1193 reyem,
1695 1146 1732 1179 et
1757 1141 1800 1176 15

45 1212 211 1260 accepto
243 1219 460 1261 cyramoco
493 1206 614 1246 docta
643 1221 771 1246 manu
803 1206 1064 1247 circumlavit
1082 1221 1172 1248 eum
1194 1222 1285 1248 cum
1305 1207 1529 1249 subtilitate
1538 1225 1552 1258 ,·
1585 1209 1731 1250 deinde

43 1276 91 1317 in
121 1275 224 1317 solio
253 1277 492 1332 qratissimo
512 1277 630 1331 J'ovit
651 1291 740 1317 eum
772 1285 808 1318 et
839 1285 1005 1318 eaeeunte
1037 1292 1080 1319 eo
1114 1277 1164 1318 ab
1198 1277 1334 1332 officio
1367 1279 1566 1332 discessit,
1601 1281 1728 1322 dixit-

46 1361 125 1402 que
151 1361 227 1388 rex
257 1348 315 1388 ad
344 1349 497 1389 amicos
529 1363 623 1389 suos
648 1356 748 1403 post
785 1349 1009 1389 discessum
1046 1349 1341 1390 adolescentis:
1380 1349 1487 1392 Juro
1529 1350 1645 1392 vobis
1683 1353 1730 1393 in

43 1419 227 1470 veritate,
260 1418 405 1460 melius
426 1433 488 1459 me
507 1433 723 1474 nunquam
745 1418 936 1472 abluisse,
961 1434 1087 1474 quam
1108 1420 1228 1461 hodie
1250 1420 1438 1474 beneficio
1461 1422 1728 1464 adolescentis

43 1491 179 1531 nescio
212 1489 338 1543 cujus.
392 1490 450 1531 Et
478 1491 703 1546 respiciens
733 1506 862 1531 unum
893 1491 942 1532 cle
968 1490 1153 1545 janiulis
1191 1493 1279 1532 ait:
1321 1491 1494 1534 Juvenis
1524 1493 1614 1545 ille,
1657 1495 1731 1548 qui
1754 1499 1799 1533 20

43 1560 148 1602 mihi
178 1561 360 1615 officium
379 1562 502 1616 fecit,
534 1562 642 1613 vide,
679 1563 770 1616 quis
802 1563 880 1602 sit!
908 1562 966 1603 Et
995 1562 1066 1603 ille
1086 1570 1246 1604 secutus
1267 1561 1473 1616 juvenem,
1506 1565 1615 1605 vidit
1637 1579 1728 1605 eum

43 1632 214 1674 sordido
246 1631 479 1674 tribunario
510 1633 716 1685 indutum,
749 1647 1015 1688 reversusque
1047 1634 1104 1674 ad
1133 1649 1267 1689 reqem
1291 1635 1422 1676 dicit:
1453 1635 1627 1677 <Iuvenis
1657 1636 1728 1677 ille

41 1703 280 1759 naufrayus
302 1711 369 1745 est.
405 1704 498 1745 Rea:
518 1706 598 1745 ait:
642 1703 756 1745 Unde
777 1704 884 1745 scis?
913 1704 972 1745 Et
990 1704 1061 1745 ille
1089 1712 1244 1746 tacente
1264 1706 1351 1758 illo,
1385 1705 1548 1748 habitus
1568 1708 1730 1749 indicat

43 1789 222 1816 causam.
275 1774 353 1816 Ait
380 1790 483 1816 reax:
526 1775 636 1817 Vade
667 1776 837 1817 celerius
869 1783 906 1816 et
937 1776 1004 1816 dic
1037 1777 1101 1817 ei:
1143 1777 1283 1832 Roqat
1312 1785 1348 1818 te
1377 1792 1473 1830 rex,
1511 1787 1557 1820 ut
1584 1781 1726 1820 venias

42 1846 100 1887 ad
129 1860 281 1887 cenam.
345 1846 652 1902 Appollonius,
692 1855 738 1888 ut
769 1848 951 1899 audivit,
993 1849 1201 1902 acquievit
1238 1856 1275 1889 et
1305 1863 1397 1889 cum
1414 1849 1585 1903 famulo
1616 1852 1728 1892 venit
1751 1857 1796 1892 25

42 1918 101 1958 ad
127 1931 275 1973 reyem.
315 1916 519 1958 Famulus
545 1919 670 1974 prius
700 1919 911 1973 inqressus
944 1919 1006 1959 ait
1035 1919 1092 1959 ad
1120 1933 1280 1974 reyem:
1312 1919 1564 1976 Naufraqus
1595 1922 1723 1975 adest,

41 1989 114 2030 sed
137 1996 316 2044 propter
345 1990 562 2030 sordidum
592 1988 777 2030 habitum
805 1991 981 2031 introire
1014 1990 1326 2031 verecundatur.
1382 1990 1615 2047 Statimque
1651 2007 1726 2034 rea:

31 2058 162 2113 jussit
193 2074 284 2101 eum
312 2059 489 2101 vestibus
520 2060 643 2101 indui
672 2061 812 2116 difsnis
845 2069 881 2102 et
911 2061 968 2101 ad
999 2075 1141 2102 cenam
1169 2063 1345 2117 inqredi.
1389 2062 1607 2118 Inqressus
1629 2063 1723 2119 Ap-

34 2131 250 2186 pollonius
282 2131 511 2172 todo-linium
540 2133 649 2187 reyis
681 2139 826 2173 contra
855 2147 993 2188 reqem
1023 2134 1235 2188 assiynato
1269 2133 1354 2174 loco
1388 2134 1615 2186 discubuit,
1655 2136 1722 2176 in-

29 2201 175 2256 sertur
200 2203 447 2258 prandium,
481 2203 627 2243 deinde
649 2217 748 2244 cena
767 2204 933 2259 requlis.
976 2203 1255 2259 Appollonius
1282 2206 1438 2246 cunctis
1461 2203 1722 2260 epulantibus
1747 2214 1793 2249 30

39 2287 125 2314 non
164 2273 432 2329 epulabatur,
478 2274 550 2314 sed
589 2289 738 2314 aurum
778 2282 816 2316 et
852 2283 1068 2330 arqentum
1106 2276 1153 2315 in
1189 2276 1464 2316 ministerium
1499 2277 1609 2331 reqis
1648 2276 1723 2316 diu

28 2343 138 2398 flens
174 2344 422 2386 intuebatur.
482 2343 598 2385 Tunc
628 2361 735 2385 unus
766 2346 815 2386 de
855 2345 1200 2386 discumbentibus
1238 2346 1296 2386 ad
1330 2361 1466 2401 reqem
1503 2348 1583 2387 ait:
1622 2346 1724 2388 Nisi

28 2414 184 2469 fallor,
205 2414 376 2469 juvenis
405 2417 482 2456 iste
500 2415 677 2469 fortune
705 2418 814 2472 reqis
846 2417 1013 2458 invidet.
1070 2417 1161 2458 Rea:
1199 2418 1280 2457 ait:
1321 2417 1437 2458 Male
1475 2418 1718 2472 suspicaris,

28 2485 206 2540 fortune
235 2501 319 2527 mee
348 2501 432 2528 non
462 2487 632 2538 invidet,
666 2488 737 2527 sed
760 2487 894 2543 plura
924 2502 966 2528 se
990 2488 1230 2543 perdidisse
1259 2489 1458 2529 tristatur.
1502 2487 1560 2529 Et
1588 2489 1721 2543 respi-

39 2557 148 2598 ciens
178 2557 486 2613 Appollonium
516 2557 645 2598 hilari
673 2558 809 2610 vultu,
851 2559 912 2599 ait
939 2573 1035 2599 rex:
1074 2558 1270 2610 Juvenis,
1311 2559 1480 2614 epulare
1508 2557 1720 2600 nobiscum
1744 2568 1790 2604 35

40 2634 78 2668 et
107 2628 156 2669 de
186 2628 260 2669 deo
290 2628 465 2670 meliora
495 2629 645 2684 spera!
674 2628 731 2669 Et
751 2629 850 2669 dum
870 2629 1106 2670 hortaretur
1126 2629 1335 2682 juvenem,
1367 2629 1500 2671 subito
1531 2630 1721 2671 introivit

14 2697 128 2751 .filia
161 2700 272 2754 reyis
309 2701 428 2756 virqo
465 2699 560 2753 jam
602 2700 767 2751 adulta,
816 2700 1008 2754 deditque
1055 2700 1238 2741 osculum
1270 2702 1392 2757 patri
1429 2715 1524 2752 suo,
1573 2700 1720 2742 deinde

40 2770 194 2811 cunctis
225 2770 570 2812 discumbentibus
601 2771 756 2811 amicis.
813 2769 902 2822 Que
932 2771 1031 2811 dum
1065 2767 1165 2823 [122
1177 2769 1218 2824 b]
1243 2772 1498 2813 oscularetur
1516 2772 1717 2827 sinqulos,

38 2853 204 2882 reversa
233 2848 291 2882 est
321 2843 379 2883 ad
402 2850 569 2897 patrem
599 2849 636 2882 et
665 2843 747 2882 ait:
787 2841 907 2883 Bone
930 2849 1075 2896 pater,
1118 2844 1210 2897 quis
1243 2851 1302 2884 est
1333 2844 1408 2884 iste
1429 2841 1611 2896 juvenis,
1646 2844 1721 2898 qui

132 2920 152 2956 ‘1
177 2921 418 2966 gymnasium]
446 2921 779 2967 oriy.gramasiu1n.
877 2921 922 2955 35
947 2921 1214 2966 Appollonium]
1241 2927 1327 2967 oriy.
1347 2922 1595 2965 Appollonius.

1360 2985 1438 3021 334‘·
