1919 3157
859 73 897 111 3(
906 73 944 110 ):·'›

58 181 232 222 dictum:
267 184 445 221 mustum
478 179 556 220 erit
588 178 761 230 bonum,
795 177 933 218 vinum
968 181 1029 217 681
1063 175 1233 227 bonum,
1268 179 1427 216 aretum
1461 175 1537 216 fuit
1570 175 1732 215 bonum.

58 251 285 306 Imperator
316 262 407 291 eum
441 248 631 293 vidisset.
670 248 777 303 quod
809 251 892 289 tarn
926 246 1149 302 prudenter
1174 245 1399 298 judicasset
1433 250 1597 301 potum,
1631 245 1737 286 dixit

56 322 113 365 ei:
145 321 379 374 Carissime,
414 320 515 362 vade
548 334 622 375 per
654 333 780 373 regna
813 323 853 361 et
883 323 1017 360 castra
1051 320 1090 358 61
1122 316 1252 357 invita
1281 330 1421 358 omnes
1445 317 1598 358 amieos
1621 329 1734 357 meos

57 393 106 434 ad
146 392 400 445 convivium,
442 392 538 446 quia
571 391 657 444 jam
699 391 826 432 instat
857 390 1004 432 festum
1040 388 1189 430 natalis
1223 387 1399 441 domini,
1440 388 1535 442 qnia
1567 387 1642 428 1106
1675 390 1736 428 681

57 471 246 518 quartum
281 462 556 505 ministerium
589 466 717 503 tuum.
766 461 839 502 Ait
870 460 960 502 ille:
995 460 1192 512 Domine,
1226 462 1364 514 presto
1398 473 1500 500 811111.
1548 458 1768 500 Perrexit:

56 535 182 587 igitur
222 548 295 590 per
333 541 469 577 eastra
509 538 548 575 et
587 547 714 587 regna
754 537 791 575 et
825 532 982 574 nullum
1016 531 1191 573 amicum
1226 530 1486 585 imperatoris
1520 530 1734 583 invitabat,

56 605 127 648 sed
159 619 300 648 omnes
333 606 520 647 inimicos
554 605 652 658 ejus.
705 604 764 646 lta
796 604 902 659 quod
935 604 975 645 in
1010 602 1151 655 vigilia
1183 601 1332 642 11313118
1366 600 1521 642 domini
1545 600 1736 642 311131111-

55 678 258 733 peratoris
291 677 340 719 de
372 676 549 718 inimicis
583 675 753 731 impleta
776 679 850 718 est.
900 674 1128 730 Imperator
1150 685 1240 714 eum
1265 685 1407 714 omnes
1430 672 1617 714 inimicos
1642 685 1736 713 suos

55 748 238 802 vidisset,
271 751 476 791 commota
508 751 603 789 sunt
635 748 774 788 omnia
809 745 898 800 [17]
932 747 1091 787 viscera
1122 744 1222 798 ejus,
1255 743 1417 785 vocavit
1439 742 1667 785 Guidonem
1698 747 1738 785 et

56 820 114 862 ait
145 821 200 862 ei:
242 819 484 872 Carissime,
523 832 657 861 nonne
691 818 814 860 miehi
848 816 1011 870 dixisti,
1045 815 1152 871 quod
1185 815 1311 857 scires
1344 815 1529 857 homines
1562 815 1738 857 invitare

57 891 108 933 ad
141 891 400 933 convivium?
446 890 503 932 At
535 890 622 932 ille:
656 890 815 943 Eciain,
849 889 1026 930 domine.
1075 886 1151 929 Cui
1182 887 1425 942 imperator:
1459 886 1514 928 Et
1545 900 1619 940 ego
1652 886 1737 928 dixi

55 962 129 1004 tibi
162 962 337 1004 invitare
370 975 512 1004 omnes
545 962 698 1003 31111608
731 974 843 1003 meos
871 964 911 1002 et
932 964 975 1002 tu
998 958 1183 1001 invitasti
1206 958 1407 1000 inimicos.
1456 957 1512 999 At
1534 957 1622 1000 ille:
1654 957 1738 1000 Do—

55 1033 178 1087 mine,
210 1033 369 1076 licitum
403 1037 465 1075 est
493 1033 617 1074 miehi
640 1032 914 1088 respondere?
961 1030 1226 1085 Quocumque
1248 1034 1433 1085 tempore
1456 1028 1520 1071 vel
1543 1042 1738 1083 quaeum—

56 1118 133 1159 que
165 1104 265 1147 hora
295 1105 337 1146 in
371 1118 477 1146 anno
511 1104 632 1146 amici
665 1104 724 1145 tui
758 1103 808 1145 ad
840 1107 880 1145 te
913 1103 1120 1156 venerint,
1163 1116 1254 1144 eum
1287 1101 1435 1155 gaudio
1467 1100 1736 1156 recipiuntur.

54 1175 146 1218 Non
184 1176 243 1218 816
281 1180 344 1218 681
383 1175 432 1218 (16
470 1175 582 1229 18118,
623 1175 718 1230 quia
758 1178 853 1216 sunt
884 1173 1040 1216 inimici
1072 1174 1145 1215 tui.
1201 1173 1318 1215 Unde
1351 1186 1419 1215 eos
1451 1172 1530 1214 huc
1562 1172 1661 1213 duxi
1692 1174 1738 1213 ut

54 1261 128 1302 per
169 1247 323 1290 bonum
355 1247 512 1289 vultum
547 1250 587 1289 et
619 1260 692 1302 per
723 1246 875 1288 bonum
909 1245 1143 1287 convivium
1177 1244 1226 1287 de
1260 1244 1437 1286 inimicis
1469 1243 1571 1285 fiant
1601 1243 1735 1285 3111161.

55 1317 111 1360 Ε1
141 1318 199 1361 816
230 1318 384 1361 factum
418 1322 500 1371 est3
534 1322 756 1373 antequam
789 1320 877 1360 erat
901 1316 1132 1359 convivium
1157 1316 1324 1369 factum,
1357 1315 1456 1357 faeti
1478 1318 1574 1356 sunt
1596 1327 1737 1356 omnes

58 1390 180 1432 amici
212 1390 311 1444 ejus.
362 1390 591 1446 Imperator
622 1390 787 1444 gavisus
820 1392 882 1431 est
913 1388 1032 1430 valde
1058 1391 1098 1430 et
1120 1388 1195 1429 ait:
1229 1386 1466 1440 Carissime,
1500 1385 1738 1428 benedictus

57 1461 266 1503 dominus!
300 1461 458 1504 inimici
490 1462 570 1504 mei
603 1462 701 1503 faeti
732 1464 829 1503 sunt
860 1459 993 1502 amici.
1043 1459 1219 1514 impleas
1252 1459 1439 1513 quintum
1464 1457 1737 1499 ministerium

56 1534 194 1575 tuum!
241 1532 324 1575 Fac
354 1533 481 1575 michi
513 1537 553 1575 et
585 1533 728 1575 amic-is
762 1532 863 1574 meis
895 1532 1031 1585 ignem
1058 1531 1146 1572 sine
1167 1530 1300 1571 fumo!
1348 1529 1406 1571 At
1427 1529 1514 1571 ille:
1548 1528 1738 1582 Domine,

58 1607 196 1660 presto
229 1617 332 1646 sum.
382 1604 487 1655 Quid
518 1605 616 1647 feeit
647 1604 717 1647 1116
739 1603 898 1646 Gnido?
946 1602 991 1644 111
1024 1605 1155 1645 681316
1184 1600 1298 1655 ligna
1327 1600 1507 1656 ponebat
1528 1600 1570 1642 in
1593 1600 1740 1642 ardore

57 1675 178 1730 solis,
219 1680 259 1718 et
289 1679 450 1718 tantum
484 1680 601 1719 erant
633 1675 858 1728 desiccata,
895 1674 1003 1729 quod
1037 1687 1158 1728 quam
1191 1673 1271 1715 cito
1306 1672 1449 1715 ardere
1481 1672 1737 1727 inceperunt,

57 1747 197 1789 statim
230 1747 383 1790 dabant
415 1747 604 1790 ardorem
636 1746 801 1788 flamme
833 1746 920 1788 sine
951 1746 1077 1799 fumo,
1109 1744 1169 1787 ita
1200 1744 1307 1799 quod
1333 1743 1554 1786 calefactus
1578 1746 1640 1785 est
1661 1743 1739 1784 im-

56 1822 223 1874 perator
254 1832 346 1861 cum
379 1819 568 1861 omnibus
591 1819 734 1860 amieis
757 1818 854 1860 81118.
903 1817 1062 1860 Deinde
1084 1817 1142 1858 ait
1164 1816 1389 1872 imperator
1411 1814 1610 1858 Guidoni:
1643 1813 1738 1856 Jam

57 1893 186 1932 restat
222 1890 412 1933 ultimum
453 1890 740 1932 ministerium.
805 1888 848 1931 Si
887 1888 963 1931 hoe
1000 1888 1225 1944 prudenter
1261 1886 1574 1943 adimpleveris,
1614 1889 1655 1928 te
1688 1885 1739 1927 ad

57 1961 230 2004 divicias
262 1967 303 2005 et
333 1962 528 2004 honorem
561 1961 823 2017 promovebo.
871 1961 929 2002 At
959 1960 1047 2002 ille:
1080 1960 1270 2013 Domine,
1304 1962 1505 2014 quotquot
1534 1957 1740 2000 voluerint

57 2032 109 2075 ad
140 2037 293 2075 terram
325 2037 509 2076 sanctam
543 2046 727 2089 pergere,
761 2032 812 2074 ad
842 2031 940 2074 litus
973 2032 1098 2073 maris
1130 2044 1196 2073 me
1228 2034 1466 2085 sequantur.
1511 2029 1613 2083 Viri,
1647 2042 1738 2070 mu-

57 2104 179 2147 lieres
211 2117 258 2147 36
289 2104 451 2160 ρ31ν1111
483 2105 558 2147 1166
589 2104 802 2146 audientes
834 2103 952 2158 quasi
982 2102 1133 2144 infiniti
1165 2101 1294 2144 secuti
1317 2105 1425 2144 suut.
1474 2100 1576 2143 Cum
1601 2103 1738 2142 autem

57 2175 142 2219 illie
169 2176 359 2230 venisset,
392 2177 451 2218 ait
471 2175 643 2232 populo:
678 2174 907 2228 Carissimi,
941 2174 1088 2216 videtis
1110 2173 1151 2215 in
1175 2173 1280 2215 mari
1303 2186 1363 2226 ea,
1398 2185 1476 2227 que
1498 2185 1572 2226 ego
1593 2171 1739 2213 video?

58 2247 115 2289 At
146 2247 225 2289 illi:
257 2247 512 2302 Ignoramus.
565 2247 622 2290 At
653 2246 741 2289 ille:
774 2246 881 2288 Ecce
912 2246 955 2287 in
987 2245 1092 2287 mari
1123 2258 1248 2300 rupes
1281 2247 1344 2286 est
1376 2256 1536 2296 magna.
1585 2241 1740 2284 Levate
1763 2251 1809 2285 30

58 2317 196 2360 oculos
228 2322 269 2361 et
299 2318 454 2361 videte!
503 2318 561 2360 At
591 2317 651 2359 illi
684 2317 897 2360 dixerunt:
930 2317 1120 2370 Domine,
1153 2329 1227 2357 nos
1259 2315 1360 2358 satis
1384 2317 1524 2370 aperte
1546 2313 1739 2367 vidimus,

58 2389 143 2443 sed,
175 2403 247 2432 eur
279 2390 355 2432 hoe
386 2389 536 2443 dicitis,
570 2389 819 2443 ignoramus.
869 2389 927 2430 At
958 2388 1048 2430 ille:
1082 2387 1127 2429 In
1152 2387 1224 2429 illa
1244 2400 1347 2442 rupe
1370 2389 1432 2428 est
1454 2385 1628 2440 quedam
1652 2385 1739 2427 avis

58 2462 250 2504 continuo
282 2462 326 2503 in
356 2461 453 2503 nido
485 2474 557 2502 suo
590 2460 788 2514 residens,
823 2446 901 2514 que
933 2472 1096 2514 semper
1128 2458 1252 2500 habet
1283 2458 1324 2499 in
1348 2457 1445 2499 nido
1467 2459 1624 2512 septem
1649 2469 1739 2510 ova,

57 2533 101 2574 in
132 2532 280 2588 quibus
312 2532 487 2574 multum
519 2531 757 2574 delectatur.
806 2531 965 2573 Natura
997 2530 1085 2572 avis
1118 2534 1180 2572 est
1209 2529 1325 2571 talis:
1360 2527 1557 2583 quamdiu
1578 2527 1620 2568 in
1642 2526 1739 2568 nido

58 2603 230 2658 residet,
277 2607 410 2646 totum
447 2616 562 2645 mare
601 2605 663 2645 est
699 2601 924 2656 tranquilla
968 2614 1090 2657 paee3
1139 2601 1211 2644 sed
1258 2601 1292 2643 si
1340 2599 1571 2652 contingat,
1622 2610 1740 2639 avem

59 2678 177 2716 extra
206 2673 351 2716 nidum
382 2674 533 2728 volare,
567 2677 697 2716 totum
730 2686 844 2715 mare
876 2672 1141 2728 perturbatur
1171 2672 1393 2725 intantum,
1426 2669 1547 2725 quod,
1580 2669 1615 2711 si
1643 2671 1740 2710 tune

61 2744 208 2800 aliquis
239 2758 352 2787 mare
383 2745 692 2801 pertransierit,
726 2745 814 2786 sine
846 2743 968 2785 dubio
1001 2743 1305 2797 submergetur3
1345 2741 1415 2784 sed
1449 2739 1645 2795 quamdiu
1676 2752 1741 2782 re-

59 2815 167 2858 sidet
196 2815 240 2857 in
270 2815 381 2870 nido,
414 2816 449 2858 si
481 2815 571 2871 quis
604 2820 702 2858 tune
733 2815 942 2869 transiret,
976 2815 1064 2858 sine
1095 2813 1277 2871 periculo
1310 2813 1389 2855 iret
1409 2815 1451 2854 et
1470 2811 1636 2854 rediret.
1684 2809 1741 2852 Et

59 2884 140 2928 illi:
179 2885 390 2937 Quomodo
429 2887 656 2943 poterimus
696 2886 821 2940 seire,
861 2886 1024 2941 quando
1065 2886 1153 2928 avis
1192 2884 1345 2927 residet
1382 2883 1424 2925 in
1464 2882 1561 2924 nido
1594 2894 1667 2924 suo
1700 2884 1742 2924 et

153 2967 197 3002 23
221 2966 375 3012 flamme]
403 2974 487 3014 oriq-
506 2968 670 3003 flammis.
767 2968 812 3003 35
835 2967 939 3013 paee]
966 2972 1051 3013 oriy.
1069 2969 1263 3012 potestate.

1764 819 1807 853 10

1765 1175 1807 1210 15

1765 1534 1810 1568 20

1764 1893 1809 1927 25

1764 2604 1810 2639 35
