1919 3157
882 38 964 80 527

77 149 217 201 Salve,
250 150 484 204 quicunque
514 162 569 199 es,
602 155 638 188 et
670 147 794 187 letare
823 147 955 194 scias3
994 146 1094 200 quia
1123 146 1320 184 innocens
1350 145 1484 198 Tityo,
1519 157 1596 198 que
1625 142 1755 196 ⁷:2⁴in-

73 222 244 262 nitatem
275 235 390 260 suam
423 221 530 259 inter
560 218 791 272 uaufraffl‘a
821 232 898 257 sua
929 224 966 256 et
987 217 1212 256 castitatem
1233 214 1475 255 inviolatam
1502 213 1757 254 conservavit

75 299 113 334 te
149 291 326 332 salutat!
380 288 497 331 Teme
535 291 581 330 ⁴in
619 287 873 330 carminibus
915 289 1021 342 cepit
1060 286 1271 327 modulata
1309 300 1404 326 voce
1441 293 1608 325 cantare
1645 291 1682 324 et
1711 284 1757 323 in

76 370 193 404 tanta
231 361 466 411 dulcedine,
509 361 622 415 quod
659 359 950 401 admirabatur
989 357 1290 413 Appollonius3
1331 365 1367 398 et
1405 358 1513 397 clia-it
1550 354 1755 396 cantando

76 448 139 487 ea,
173 447 251 489 que
281 433 347 473 hic
377 439 626 486 sequuntur:
1782 431 1805 465 5

427 546 494 581 Per
517 551 641 581 scortes
663 546 818 591 qradior,
843 545 903 580 sed
924 549 1070 579 scortum
1096 549 1230 579 conscia
1255 556 1320 577 non
1344 555 1428 584 sum,

428 605 486 640 Sic
510 611 618 651 spinis
642 617 722 639 rosa
748 609 850 639 nescit
872 605 995 637 violari
1020 607 1049 637 et
1074 604 1158 643 ullis,

430 664 569 699 Corruit
593 668 623 698 et
646 668 766 709 raptor
788 663 940 709 yladiam
953 663 1117 707 ferientis
1142 661 1184 696 ab
1211 665 1288 695 ictu.

429 723 571 757 Tradita
596 725 715 763 lenoni,
740 734 805 755 non
829 734 900 756 sum
926 722 1051 755 violata
1074 720 1213 766 pudore.

433 781 580 816 Vulnera
603 785 786 815 cessassent
810 785 925 819 animi,
949 781 1148 824 lacre'meque
1174 780 1331 813 deessent.
1787 775 1831 809 10

426 839 534 875 Nulla
560 852 639 886 erqo
664 841 790 879 melior,
815 844 845 873 si
870 851 999 873 noscem
1026 843 1116 872 certa
1139 842 1306 883 parentes.

431 899 538 934 Unica
562 900 686 944 reyalis
708 903 842 943 yeneris
865 910 938 932 sum
961 902 1066 942 stirpe
1091 902 1216 931 creata.

428 958 509 1004 Ipsa
524 957 662 1003 jubente
687 957 747 991 deo
772 958 872 990 letari
896 956 995 991 credo
1021 956 1213 1002 aliquando.

430 1017 519 1062 Fuye
542 1016 640 1051 modo
665 1018 834 1056 lacrimas,
860 1028 975 1050 curam
1000 1016 1142 1050 dissolve
1166 1013 1371 1049 modestam!

428 1075 544 1110 Redde
567 1077 643 1121 polo
656 1077 789 1122 faciem
815 1079 1014 1120 mentemque
1039 1074 1086 1107 ad
1109 1074 1223 1109 sidera
1248 1072 1344 1107 tolle!
1790 1070 1833 1105 15

427 1135 505 1170 Jam
531 1135 611 1169 deus
636 1139 684 1168 est
707 1134 876 1167 hominum
899 1135 1086 1178 plasmator
1109 1137 1218 1167 rector
1243 1137 1274 1167 et
1299 1135 1434 1173 auclor;

429 1193 513 1230 Non
537 1198 623 1228 sinet
646 1193 709 1227 lias
733 1194 892 1227 lacrimas
917 1204 1013 1226 casso
1026 1194 1135 1238 finire
1159 1191 1282 1226 labore.

198 1304 268 1345 Ad
296 1303 367 1344 hec
388 1303 668 1359 Appollonius
700 1302 850 1343 lei-avit
882 1302 1033 1353 oculos,
1068 1309 1104 1342 et
1133 1308 1179 1342 ut
1202 1300 1390 1356 puellam
1414 1301 1533 1351 vidit,
1565 1300 1767 1355 inqemuit

80 1383 119 1418 et
147 1371 228 1417 ait:
265 1375 360 1417 Heu
396 1375 502 1416 mihi
529 1376 694 1426 misero,
728 1374 930 1429 quamdiu
961 1372 1174 1413 luctabor!
1227 1369 1399 1414 Gratias
1438 1386 1516 1426 ayo
1543 1371 1767 1426 prudentie

81 1455 146 1489 tue
177 1455 215 1488 et
242 1445 478 1488 nobilitati!
527 1446 649 1487 Hanc
688 1447 816 1486 vicem
851 1444 1056 1499 rependo,
1097 1450 1143 1483 ut
1178 1456 1334 1483 memor
1365 1444 1427 1483 tui
1457 1444 1557 1492 sim5
1597 1442 1764 1497 quando
1791 1445 1837 1479 20

81 1517 204 1560 letari
233 1518 338 1570 licet,
370 1519 492 1573 requi
519 1519 600 1558 ‘mei
630 1516 789 1558 viribus
822 1514 1009 1564 amabor,-
1028 1514 1236 1569 forsitan,
1270 1521 1316 1554 ut
1335 1514 1454 1566 dicis,
1487 1515 1600 1569 reqio
1621 1527 1768 1568 ywere

82 1597 176 1632 orta
211 1604 274 1642 es,
321 1588 533 1630 natalibus
573 1596 799 1644 parentum
845 1595 1011 1628 tuorum
1054 1584 1432 1641 represe=ntaberis5
1477 1600 1588 1625 nunc
1627 1585 1768 1640 accipe

82 1669 242 1703 centum
273 1675 421 1702 aureos
453 1668 491 1701 et
519 1660 685 1701 recede!
734 1659 840 1700 Noli
868 1673 931 1699 me
962 1657 1202 1713 appella-re3
1239 1658 1394 1697 recenti
1424 1658 1532 1697 enim
1563 1656 1675 1697 luctu
1704 1669 1769 1696 re-

81 1740 235 1774 novata
266 1732 500 1773 calamitate
530 1731 702 1772 tabesco.
747 1730 899 1771 Puella
931 1730 1108 1784 acceptis
1140 1730 1279 1769 aureis
1301 1728 1416 1769 abire
1437 1729 1544 1784 cepit
1575 1735 1612 1768 et
1632 1728 1692 1768 ait
1713 1727 1771 1768 ad

83 1818 174 1846 eam
205 1803 499 1859 Athanaqora:
542 1803 632 1854 Quo
671 1802 806 1854 vadis,
845 1800 1052 1842 learsia?
1105 1799 1206 1842 Sine
1245 1799 1386 1854 effectu
1426 1798 1647 1847 laborasti‚·
1685 1812 1770 1839 non
1794 1802 1839 1836 25

77 1876 258 1932 potuisti
289 1875 439 1930 facere
484 1875 815 1915 misericordiam
863 1887 912 1913 ac
957 1872 1172 1913 subvenire
1209 1871 1368 1912 homini
1404 1871 1666 1923 interficienti
1701 1869 1770 1910 se?

83 1947 141 1989 Et
171 1948 232 1988 ait
266 1945 306 1988 T
303 1947 467 1987 harsia:
509 1945 676 1997 Omnia,
710 1958 948 2000 quecunque
973 1945 1110 1999 potui,
1132 1942 1239 1997 feci,
1273 1950 1311 1983 et
1341 1943 1446 1983 dans
1477 1941 1581 1982 mihi
1612 1948 1772 1982 centum

84 2033 232 2060 aureos
263 2017 378 2059 abire
408 2019 582 2073 royavit.
633 2016 906 2071 Attianaqooe'a
937 2017 1016 2056 ait:
1056 2013 1180 2056 Dabo
1206 2013 1284 2055 tibi
1304 2000 1498 2054 ducentos
1520 2021 1557 2054 et
1577 2012 1772 2054 descende

85 2097 123 2132 et
149 2090 275 2131 redde
305 2091 356 2141 ei,
391 2103 493 2144 quos
527 2089 653 2140 dedit,
687 2095 725 2129 et
754 2088 844 2128 dic:
886 2086 1073 2129 Salutem
1093 2094 1207 2127 tuam
1229 2100 1354 2140 quero
1377 2093 1414 2126 et
1432 2099 1518 2125 non
1532 2085 1767 2140 pecuniam.

85 2160 348 2203 Descendens
392 2159 573 2202 Tharsia
615 2161 696 2211 ait,
749 2167 786 2200 et
824 2159 929 2199 sedit
955 2158 1083 2212 juxta
1122 2172 1234 2198 eum:
1287 2156 1340 2199 Si
1376 2158 1423 2197 in
1461 2157 1540 2197 isto
1578 2155 1772 2210 squalore
1796 2158 1842 2194 30

86 2233 286 2274 esti‘masti
320 2246 506 2284 manere,
539 2232 732 2287 permitte
768 2245 832 2271 me
869 2237 1000 2271 tecum
1034 2230 1326 2270 sermocinari:
1378 2227 1430 2270 Sz‘
1459 2242 1555 2282 erqo
1583 2225 1771 2282 parabo-

88 2304 224 2345 larum
252 2318 438 2344 mearum
467 2303 638 2344 solveris
671 2303 941 2357 questionem,
978 2301 1154 2350 vadam;
1191 2302 1258 2341 sin
1288 2300 1411 2351 alias,
1444 2297 1667 2352 ‘refundam
1698 2296 1775 2338 tibi

81 2376 308 2432 pecuniam
338 2381 375 2415 et
402 2375 601 2415 recedam.
655 2371 695 2414 Τ
692 2388 772 2413 unc
802 2373 1095 2428 Appollonius,
1127 2387 1178 2412 ne
1207 2372 1408 2426 reciperet
1431 2370 1669 2425 pecuniam,
1702 2368 1775 2409 sed

88 2447 218 2488 eciam
242 2445 382 2502 puelle
406 2445 630 2501 prudentis
659 2458 710 2484 ne
739 2451 908 2499 neqaret
937 2458 1156 2495 sermones,
1190 2444 1270 2483 ait:
1314 2440 1431 2482 [sicet
1458 2442 1505 2481 in
1530 2440 1653 2480 malis
1672 2441 1773 2480 meis

87 2517 207 2558 nulla
237 2531 339 2558 eura
368 2516 473 2557 mihi
501 2523 708 2571 suppetat,
740 2516 826 2556 nisi
843 2515 981 2569 flendi
1003 2522 1041 2555 et
1062 2514 1245 2569 luyendi,
1277 2521 1426 2564 tamen,
1459 2525 1510 2552 ne
1532 2517 1772 2552 ornamento
1796 2513 1843 2548 35

83 2589 308 2644 prudentie
345 2595 410 2629 tue
451 2601 635 2638 caream,
675 2587 762 2637 dic,
803 2599 881 2640 que
917 2585 1022 2626 milii
1055 2586 1368 2640 ‘inter-›roqatura
1406 2597 1468 2634 es,
1511 2589 1547 2622 et
1582 2580 1772 2631 abscede,-

87 2667 182 2716 peto
229 2660 336 2700 enim
382 2666 427 2700 ut
453 2657 621 2713 fletibus
657 2659 757 2698 meis
797 2653 951 2709 [12822]
993 2657 1183 2711 spacium
1219 2654 1390 2697 tribuas.
1456 2655 1528 2694 Ait
1571 2651 1772 2694 Thai-sia.-

92 2731 247 2772 Audito
277 2730 365 2771 me!

442 2808 506 2844 Est
530 2808 647 2842 domus
672 2812 708 2842 in
731 2811 841 2847 terris,
867 2818 927 2852 que
951 2806 1047 2840 nobis
1072 2807 1188 2841 clausa
1211 2806 1350 2840 resultat
1358 2817 1368 2844 ;

446 2867 525 2912 Ipsa
549 2867 666 2901 donnus
688 2870 833 2906 resonat,
858 2869 980 2899 tacitus
1003 2865 1063 2899 sed
1086 2876 1150 2898 non
1175 2869 1274 2899 sonat
1298 2864 1428 2915 hospes,
1799 2862 1846 2898 40

445 2925 556 2960 Ambo
581 2938 655 2960 cum
680 2929 829 2966 currunt,
853 2924 974 2970 hospes
997 2925 1097 2958 simul
1121 2927 1152 2958 et
1175 2923 1294 2957 domus
1317 2934 1395 2956 una.
