1954 3137
176 2004 244 2045 83.

176 2152 243 2194 84.

176 2301 244 2343 85.

177 2449 245 2492 86.

178 2598 245 2639 87.

178 2746 246 2787 88.

179 2892 246 2933 89.

993 84 1048 124 94

237 218 246 227 .
295 185 469 236 Quidam
516 186 635 229 miles
679 191 767 229 erat
811 188 880 242 qui
918 189 1083 231 unicum
1124 188 1254 231 filium
1294 189 1473 233 habebat
1511 203 1630 245 quem
1672 191 1861 234 multum.

297 257 425 307 (Funf
451 257 579 300 fasser
613 259 748 309 wein.)
794 259 865 301 lat.
892 260 958 301 72.

293 328 542 370 Aurelianus
575 330 763 383 regnavit
794 331 836 371 in
868 330 1035 374 civitate
1067 345 1239 374 romana
1271 336 1416 388 potens
1449 333 1566 375 valde
1591 333 1661 388 qui
1682 333 1860 376 unicum.

295 399 615 455 (Narrenapfel.)
664 401 734 443 lat.
760 402 827 443 74.

294 469 589 514 Constantinus
629 473 818 526 regnavit
856 476 1002 528 potens
1042 487 1090 517 ac
1127 474 1241 517 dives
1274 474 1392 517 valde
1426 475 1495 530 qui
1534 479 1617 518 tres
1653 474 1759 517 filias
1792 475 1863 517 ha-

295 541 427 584 bebat.
479 542 596 594 (Drei
629 544 843 594 wittwen.)
889 544 960 586 lat.
986 545 1054 586 75.

295 612 540 656 Valerianus
587 616 778 669 regnavit
824 616 937 658 dives
986 616 1105 658 valde
1151 616 1193 658 in
1238 617 1353 671 cujus
1393 617 1568 672 imperio
1610 620 1728 659 erant
1764 630 1863 672 qua-

293 686 387 725 tuor
424 685 664 741 philozophi
705 687 921 741 (corrigirt
958 688 1001 729 in
1039 688 1223 743 phisici).
1288 688 1491 739 (Aussatz
1524 688 1862 744 vorgespiegelt.)

293 754 364 796 lat.
392 757 488 798 132.

293 825 469 875 Quidam
501 842 574 870 rex
607 833 695 871 erat
728 833 873 884 potens
908 829 1025 872 valde
1058 831 1127 885 qui
1150 830 1301 873 multas
1324 831 1497 874 virtutes
1519 830 1708 874 habebat.
1757 830 1864 883 (Zie-

292 900 510 952 genauge.)
557 899 628 942 lat.
655 901 722 941 76.

291 968 512 1012 Hainricus
544 971 586 1012 in
619 971 786 1015 civitate
815 986 986 1014 romana
1014 973 1203 1027 regnavit
1226 974 1295 1028 qui
1317 974 1463 1017 statuit
1484 987 1559 1029 pro
1580 972 1682 1027 lege.
1729 972 1863 1028 (Asyl‚

292 1040 532 1095 nachtigal.)
582 1056 676 1098 app.
702 1043 770 1085 54.

291 1111 522 1154 Aracianus
555 1114 746 1167 regnavit
774 1114 888 1157 dives
911 1115 1029 1157 valde
1052 1115 1122 1170 qui
1144 1115 1296 1158 multas
1318 1116 1493 1159 virtutes
1515 1114 1704 1158 habebat.
1755 1115 1864 1167 (Den

293 1196 435 1226 armen
468 1184 533 1227 die
565 1185 827 1238 herrschaft.)
875 1185 946 1228 lat.
974 1188 1068 1228 131.

293 1260 547 1303 Theodosius
579 1262 622 1304 in
653 1263 820 1306 civitate
842 1277 1016 1306 romana
1037 1265 1227 1318 regnavit
1248 1264 1362 1308 dives
1386 1264 1505 1307 valde
1528 1264 1597 1320 qui
1619 1264 1720 1306 duas
1742 1263 1861 1306 filias.

293 1331 446 1383 (Schon
477 1334 562 1375 und
593 1334 800 1387 hasslich.)
844 1335 916 1377 lat.
941 1336 1008 1377 77.

234 1441 242 1449 .
291 1408 499 1452 Honorius
531 1413 723 1465 regnavit
755 1412 869 1455 dives
902 1412 1021 1455 valde
1054 1413 1123 1467 qui
1156 1412 1321 1455 unicum
1343 1412 1473 1455 filium
1495 1412 1685 1455 habebat.
1735 1411 1864 1465 (Sohn

292 1494 343 1523 an
374 1481 532 1525 feindes
565 1484 755 1535 tochter.)
809 1497 903 1539 app.
928 1484 997 1525 55.

290 1557 462 1612 Legitur
501 1560 551 1602 de
592 1561 770 1615 quodam
813 1561 1016 1603 heremita
1053 1564 1195 1603 sancto
1229 1561 1299 1616 qui
1331 1574 1422 1603 cum
1456 1560 1584 1604 semel
1613 1561 1657 1603 in
1688 1560 1864 1603 heremi-

292 1631 412 1672 tario.
463 1631 611 1686 (Engel
643 1633 726 1674 und
759 1633 936 1683 eremit.)
986 1631 1056 1674 lat.
1081 1633 1148 1674 80.

234 1740 242 1748 .
293 1706 477 1757 Quedam
500 1709 650 1751 nobilis
674 1713 763 1752 erat
783 1710 953 1752 domina
975 1723 1053 1764 que
1074 1709 1317 1765 paciebatur
1339 1710 1491 1752 multas
1513 1710 1699 1764 injurias.
1745 1708 1863 1761 (Stab

290 1779 375 1820 und
406 1780 577 1831 tasche.)
626 1781 697 1823 lat.
723 1781 790 1822 25.

292 1854 339 1897 In
380 1857 548 1899 civitate
579 1857 766 1900 Romana
804 1859 995 1912 regnavit
1034 1858 1202 1913 quidam
1241 1859 1469 1914 imperator
1506 1857 1689 1914 prudens
1728 1857 1861 1901 valde.

294 1926 384 1978 (VII
416 1941 520 1984 sap.9
554 1929 758 1981 rahmen.)
807 1943 934 1983 germ.
959 1931 1029 1971 40.

291 2003 395 2046 Erat
442 2006 610 2060 quidam
656 2007 884 2062 imperator
932 2007 1001 2061 qui
1049 2007 1195 2048 statuit
1238 2020 1312 2062 pro
1351 2007 1442 2061 lege
1480 2007 1589 2062 quod
1629 2007 1863 2061 quicunque

295 2076 430 2117 sciret.
479 2077 668 2132 (Abibas,
701 2078 758 2129 5.)
805 2078 876 2120 lat.
905 2079 970 2119 17.

293 2151 430 2195 Senon
477 2155 667 2208 regnavit
711 2155 755 2196 in
794 2156 910 2209 cujus
947 2155 1123 2210 imperio
1165 2159 1255 2198 erat
1294 2158 1439 2210 captus
1480 2154 1647 2210 quidam
1682 2154 1861 2209 juvenis.

293 2223 667 2276 (Raubertochter.)
715 2226 786 2267 lat.
811 2226 850 2267 5.

292 2300 478 2344 Habetur
517 2303 560 2344 in
601 2303 779 2357 quodam
810 2303 949 2345 libello
982 2303 1032 2345 de
1063 2303 1267 2358 colloquio
1300 2303 1433 2345 sancti
1463 2303 1573 2358 petri
1605 2303 1656 2345 ad
1686 2303 1860 2345 ihesum.

295 2371 423 2423 (Fiinf
449 2376 632 2425 narren.)
680 2374 750 2415 lat.
779 2375 874 2416 164.

293 2448 468 2499 Quidam
503 2455 592 2493 erat
621 2451 805 2493 famosus
837 2451 1020 2506 phisicus
1053 2451 1219 2493 nomine
1250 2463 1439 2506 ypocras
1494 2450 1744 2506 (Hippocras
1777 2450 1862 2493 und
1900 2512 1904 2515 ἢ

294 2519 505 2575 GaHenus,
536 2521 609 2564 VII
642 2523 748 2577 sap.)

293 2597 435 2640 Refert
464 2598 618 2654 plinius
651 2598 759 2653 quod
782 2598 920 2654 aquila
940 2599 984 2640 111
1006 2598 1136 2641 altum
1158 2598 1270 2641 volat
1292 2602 1332 2641 et
1352 2598 1410 2641 ibi
1431 2597 1628 2640 nidificat.
1671 2597 1860 2650 (Perias.)

295 2669 477 2721 (Achat.)
524 2670 594 2712 lat.
620 2671 688 2711 87.

296 2744 436 2801 Gayus
467 2746 511 2787 in
542 2747 708 2789 civitate
738 2759 911 2789 romana
941 2747 1131 2801 regnavit
1162 2746 1233 2801 qui
1263 2745 1392 2788 filiam
1424 2746 1652 2802 pulchram.
1709 2745 1860 2801 (Spiel-

294 2816 391 2870 ban,
423 2816 652 2868 Atalanta.)
699 2817 770 2859 lat.
796 2819 863 2860 60.

294 2892 469 2942 Quidam
501 2908 575 2936 rex
607 2897 696 2937 erat
727 2895 797 2949 qui
828 2898 990 2937 tantum
1023 2895 1190 2937 unicum
1221 2893 1351 2936 filium
1373 2893 1563 2937 habebat.
1614 2893 1860 2946 (Freundes-

295 2963 452 3018 probe.)
500 2965 570 3007 lat.
600 2966 693 3006 129.
