1919 3157
853 72 938 113 595

65 177 220 220 dextris
253 190 324 219 nec
357 192 379 218 a
412 178 589 219 sinistris
622 183 661 219 et
693 177 847 219 videbis
879 191 902 218 a
933 177 1050 229 longe
1089 178 1289 232 quoddam
1333 178 1554 220 claustrum
1587 179 1719 231 niger-

68 248 230 290 rimum.
265 247 365 290 Cum
400 249 453 290 ibi
488 249 658 300 veneris,
691 249 853 304 precipe
886 249 966 290 illis
999 262 1048 291 ex
1079 253 1194 304 parte
1227 262 1330 301 mea,
1363 250 1430 303 qui
1464 248 1518 290 ibi
1542 253 1721 301 manent,

65 323 110 360 ut
140 318 213 360 tibi
246 318 342 361 dent
374 333 449 373 qne
483 321 587 374 petis
618 320 657 360 in
692 319 763 361 hec
797 319 938 361 verba:
979 319 1049 361 Ille
1089 320 1156 373 qui
1198 324 1259 361 est
1290 319 1420 361 baculi
1454 319 1560 361 illius
1593 319 1721 361 domi-

64 402 141 430 nus
172 388 285 431 vobis
319 391 500 445 precepit
532 395 574 432 ut
607 390 727 431 mivhi
760 390 932 431 tradatis
965 404 1109 444 equum
1151 390 1333 443 nigrum,
1375 403 1513 432 canem
1547 390 1721 443 nigrum,

64 459 263 502 falconem
302 462 484 514 nigrum,
523 475 645 503 cornu
687 461 861 514 nigrum.
925 460 1025 502 Cum
1067 464 1201 502 autem
1239 461 1309 502 illa
1344 462 1481 502 omnia
1520 461 1721 514 habueris,

64 530 175 573 nullo
207 531 347 584 modo,
389 532 482 574 licet
513 532 585 574 tibi
619 531 796 573 dixerint
839 544 987 585 equum
1027 531 1264 583 ascendere,
1304 545 1378 573 nec
1417 532 1612 574 ascendas
1650 545 1723 573 nec

64 614 155 644 cum
188 615 310 644 cornu
343 602 479 645 suffles
512 616 584 645 nec
615 616 755 645 canem
789 616 951 645 currere
980 603 1209 657 permittas,
1243 605 1282 644 et
1313 603 1449 644 omnia
1470 602 1539 644 illa
1561 602 1723 644 domino

65 677 134 715 tuo
166 673 433 728 presentabis.
486 673 680 715 Baculum
714 678 844 716 tecum
878 673 1126 728 reportabis,
1166 673 1262 727 quia
1299 673 1363 715 hic
1395 678 1434 715 te
1466 673 1722 728 exspectabo.

64 743 182 786 Miles
215 758 310 787 vero
343 744 529 787 baculum
564 745 718 799 recepit
757 749 797 786 et
837 744 942 786 viam
983 744 1107 786 trium
1150 744 1306 786 dierum
1347 744 1432 786 ivit.
1486 744 1630 786 Tereia
1660 744 1724 786 die

64 820 242 858 castrum
275 816 540 869 nigerrimum
574 815 749 866 invenit;
789 828 881 857 cum
921 819 1055 857 autem
1093 815 1482 870 appropinquasset,
1521 828 1611 858 0000
1642 819 1725 857 tres

64 886 128 929 vel
160 891 334 941 quatuor
366 887 557 940 armigeri
590 887 690 928 hene
721 886 852 928 induti
886 886 921 927 ei
953 885 1173 928 obviabant
1205 891 1245 928 et
1284 886 1494 928 dixerunt:
1536 885 1724 939 Domine,

65 957 166 1000 bene
203 958 257 999 sit
296 957 382 999 tibi.
438 958 522 1000 Rex
556 962 693 999 noster
725 957 944 999 adventum
982 961 1097 998 tuum
1136 957 1362 1011 desiderat,
1400 958 1509 999 intra
1547 962 1724 1000 castrum

64 1033 105 1071 et
135 1028 268 1071 cibum
301 1042 427 1071 sume.
461 1030 518 1070 At
549 1029 636 1070 ille:
670 1028 790 1070 Nullo
824 1028 942 1070 modo
971 1028 1147 1080 introe03
1181 1028 1252 1070 sed
1274 1029 1342 1070 ille
1364 1030 1433 1083 qui
1456 1033 1517 1070 est
1538 1029 1725 1070 dominus

64 1099 173 1141 illius
205 1099 337 1142 baculi
371 1099 483 1142 vobis
517 1100 690 1155 precipit
722 1104 766 1141 ut
796 1099 968 1141 habeam
1001 1112 1149 1153 equum
1170 1099 1346 1153 nigrum,
1379 1112 1521 1141 canem
1550 1100 1724 1153 nigrum,

33 1169 263 1228 ‚falconem
296 1171 457 1224 nigrum
495 1175 535 1213 et
573 1185 698 1213 cornu
738 1171 899 1224 nigrum
941 1184 965 1211 a
1003 1170 1130 1212 vobis.
1181 1170 1512 1226 Responderunt:
1555 1170 1727 1226 Oportet

63 1254 137 1283 nos
168 1240 228 1282 illi
260 1241 345 1283 30111
378 1242 555 1284 obedire.
590 1242 736 1284 Statim
770 1241 1027 1284 tradiderunt
1059 1241 1096 1283 ei
1128 1241 1235 1295 quod
1264 1242 1412 1296 petivit
1442 1246 1482 1284 et
1513 1241 1724 1283 dixerunt:

62 1311 221 1354 Bonum
254 1317 316 1355 est
345 1326 491 1367 equum
526 1313 744 1355 ascendere
776 1316 816 1355 et
847 1325 936 1354 011111
970 1325 1095 1354 cornu
1117 1311 1292 1355 sufflare.
1341 1312 1567 1368 Respondit
1587 1312 1724 1355 miles:

63 1383 158 1425 Nec'
179 1383 278 1425 illud
317 1397 391 1426 nec
431 1384 539 1425 aliud
578 1384 835 1439 perpetrabo.
891 1383 1053 1437 Equum
1092 1387 1133 1425 et
1170 1397 1313 1426 canem
1352 1384 1394 1425 in
1434 1397 1558 1425 manu
1595 1383 1725 1437 duxit,

62 1453 263 1496 falconem
295 1454 336 1495 in
369 1455 535 1497 sinistra
566 1468 712 1508 manu,
745 1468 870 1496 cornu
902 1455 1010 1496 circa
1041 1453 1189 1496 collum
1223 1458 1263 1496 et
1293 1455 1352 1497 sic
1383 1455 1434 1496 ad
1465 1468 1603 1497 senem
1635 1467 1726 1509 per-

62 1525 171 1567 rexit
201 1529 242 1567 et
279 1525 315 1568 ei
353 1525 539 1567 baculum
580 1526 750 1568 tradidit
788 1530 829 1567 et
866 1525 1025 1578 gracias
1066 1525 1159 1578 egit.
1214 1524 1347 1568 Senex
1386 1539 1436 1568 ex
1475 1525 1601 1568 0011113
1641 1526 1726 1579 ejus

64 1596 243 1650 evanuit,
274 1595 392 1638 miles
423 1610 519 1638 vero
552 1596 602 1638 ad
626 1596 827 1651 palacium
858 1595 1118 1651 imperatoris
1141 1596 1324 1650 perrexit
1345 1600 1386 1639 et
1407 1610 1496 1638 eum
1519 1597 1561 1638 in
1583 1596 1726 1638 balneo

63 1667 232 1709 invenit.
272 1666 359 1710 Rex
390 1680 482 1709 cum
515 1668 708 1721 audisset,
741 1667 848 1721 quod
880 1667 997 1709 miles
1029 1670 1196 1708 venerat
1227 1671 1267 1709 et
1297 1680 1433 1710 secum
1466 1668 1604 1709 omnia
1634 1681 1728 1723 por-

64 1742 184 1792 taret,
215 1739 381 1792 gavisus
413 1743 474 1781 est
504 1738 642 1791 valde;
675 1739 780 1780 infra
812 1743 974 1794 tempus
1002 1738 1138 1791 breve,
1171 1737 1266 1779 dum
1289 1738 1347 1780 sic
1369 1739 1541 1793 sederet,
1573 1739 1730 1781 audivit

64 1823 185 1852 canes
216 1809 434 1864 latrantes,
475 1810 651 1864 quesivit
682 1823 704 1851 a
736 1809 1094 1852 circumstantibus
1127 1809 1224 1864 quid
1253 1809 1329 1851 hoc
1360 1814 1486 1864 esset,
1518 1810 1728 1852 dixerunt-

65 1894 142 1936 que
175 1882 281 1924 servi
313 1881 421 1936 quod
453 1894 596 1923 cervus
628 1885 736 1923 esset
767 1885 807 1923 et
837 1894 958 1923 canes
990 1881 1032 1922 in
1063 1880 1215 1923 foresta
1247 1884 1339 1935 post
1373 1881 1489 1922 illum
1520 1885 1730 1924 currerent

64 1965 140 1995 1100
171 1953 373 2006 attingere
406 1956 582 2007 possent.
636 1952 754 1994 Dixit
792 1965 883 1994 rex:
925 1951 1160 2006 Numquam
1199 1951 1359 1993 meliori
1397 1955 1581 2007 tempore
1611 1952 1729 1994 miles

64 2023 133 2066 ille
165 2027 326 2079 poterat
356 2023 478 2065 michi
511 2023 648 2065 omnia
679 2023 758 2065 ista
789 2027 1038 2078 presentare.
1078 2021 1266 2064 Surrexit
1297 2018 1337 2064 et
1358 2023 1613 2065 vestimentis
1645 2023 1729 2065 suis

64 2108 108 2141 se
138 2094 284 2147 induit,
317 2107 465 2149 equum
497 2094 658 2147 nigrum
692 2094 895 2147 ascendit,
935 2093 1135 2136 falconem
1166 2093 1209 2135 in
1241 2107 1365 2135 manu
1397 2095 1572 2149 recepit,
1604 2107 1729 2136 cornu

64 2166 173 2208 circa
203 2164 352 2207 collum
385 2165 484 2219 ejus,
517 2169 557 2207 et
587 2165 700 2207 canis
733 2165 991 2220 sequebatur.
1044 2164 1146 2206 Cum
1180 2168 1316 2206 autem
1348 2178 1514 2206 cervum
1547 2165 1728 2219 vidisset,

63 2233 190 2279 cornu
221 2234 420 2288 sufflavit,
461 2249 608 2292 equum
642 2249 733 2279 cum
766 2235 991 2278 calcaribus
1024 2236 1238 2290 percussit.
1291 2234 1446 2278 Cervus
1487 2249 1581 2278 vero
1619 2240 1728 2278 recto

64 2307 231 2350 tramite
260 2306 313 2349 ad
343 2306 546 2349 infernum
577 2308 768 2350 cucurrit.
821 2306 907 2349 Rex
947 2306 1194 2360 sequebatur
1232 2319 1323 2348 cum
1354 2307 1512 2349 falcone
1544 2311 1584 2349 et
1615 2321 1727 2361 cane,

65 2382 182 2434 porte
213 2378 333 2420 inferi
364 2381 505 2432 aperte
537 2382 644 2420 sunt.
685 2378 838 2420 Cervus
870 2378 1054 2430 intravit,
1086 2390 1158 2419 rex
1190 2382 1284 2432 post
1305 2377 1421 2419 illum
1443 2391 1535 2420 cum
1556 2377 1727 2432 falcone,

65 2462 212 2503 cornu,
252 2462 375 2502 cane,
415 2461 490 2491 nec
531 2462 723 2503 umquam
762 2448 938 2504 amplius
977 2449 1089 2490 visus
1128 2452 1190 2490 est
1227 2452 1268 2490 et
1298 2449 1356 2491 sic
1387 2448 1503 2491 miles
1536 2449 1586 2491 ab
1618 2449 1728 2491 omni

65 2520 246 2576 periculo
277 2519 474 2562 liberatus
507 2524 579 2561 est.

183 2592 401 2633 Reduccio.
456 2589 690 2644 Karissimi,
730 2604 800 2633 rex
834 2590 911 2632 iste
943 2593 1005 2632 est
1035 2589 1234 2645 dyabolus
1272 2590 1443 2645 cupidus
1483 2590 1619 2644 valde,
1658 2592 1727 2646 qui

65 2661 132 2704 die
163 2674 210 2703 ac
240 2665 358 2704 nocte
389 2660 534 2703 circuit
565 2673 735 2714 querens
768 2661 875 2715 quod
907 2661 1096 2714 devoret,
1138 2661 1207 2714 qui
1237 2661 1350 2716 cupit
1381 2674 1404 2702 a
1434 2661 1551 2703 nobis
1584 2660 1727 2704 afferre

65 2732 333 2775 hereditatem
364 2735 545 2773 nostram
579 2744 632 2773 sc.
657 2745 827 2785 regnum
859 2731 1018 2774 celeste.
1058 2730 1176 2773 Miles
1197 2731 1275 2773 iste
1296 2734 1359 2774 est
1379 2731 1507 2774 bonus
1530 2731 1727 2774 Christia-

66 2817 142 2845 nus
168 2803 242 2845 deo
275 2803 459 2855 dilectus,
493 2803 559 2856 qui
593 2802 712 2844 debet
744 2803 779 2844 ei
811 2803 1022 2852 resistere;
1056 2805 1096 2844 et
1118 2802 1345 2856 quomodo?
1377 2806 1485 2844 certe
1516 2806 1561 2844 ut
1584 2806 1728 2858 pergat

69 2874 121 2916 ad
151 2887 319 2916 uxorem
351 2874 377 2915 i.
402 2887 435 2915 e.
459 2873 509 2914 ad
541 2873 849 2927 conscienciam,
882 2886 972 2915 cnm
1005 2886 1085 2927 qua
1116 2873 1235 2915 debet
1258 2873 1463 2914 consiliari
1493 2876 1538 2914 ut
1560 2873 1610 2915 ad
1632 2886 1727 2916 con—

14 2976 17 2979 ψ
66 2944 286 2987 sessionem
330 2945 467 3000 sepius
513 2947 651 2986 currat
693 2947 732 2985 et
769 2947 865 2986 tunc
902 2943 1083 2985 inveniet
1120 2944 1227 2986 viam
1269 2956 1322 2985 30.
1362 2943 1610 2998 penitencie,
1654 2957 1727 3000 per

1372 3017 1451 3053 384⁶
