1954 3137
240 170 307 211 41.

239 313 305 354 42.

237 455 305 496 43.

237 597 304 638 44.

236 739 305 780 45.

237 883 304 923 46.

236 1025 304 1067 47.

236 1168 304 1208 48.

235 1310 304 1350 49.

236 1452 303 1494 50.

237 1596 304 1637 51.

238 1881 305 1922 53.

238 2024 307 2065 54.

239 2166 306 2207 55.

239 2307 307 2349 56.

1046 64 1102 105 (30

356 169 496 212 Refert
530 170 752 212 alexander
784 171 833 212 de
865 170 1022 212 naturis
1055 182 1189 211 rerum
1225 170 1329 224 quod
1364 169 1560 223 virgilius.
1611 169 1779 224 (Virgils
1810 169 1908 224 hild,

356 241 495 296 apsel.)
543 255 670 295 germ.
698 244 761 283 18.

354 312 465 354 Dicit
506 313 694 367 ysidorus
732 313 835 355 libro
868 311 1107 354 Ethicorum
1141 311 1247 366 quod
1280 312 1320 353 in
1355 311 1494 354 Sicilia
1526 315 1621 354 sunt
1651 311 1730 354 duo
1761 312 1906 356 fontes.

355 382 572 436 (Quellen.)
621 397 715 439 app.
741 385 807 425 57.

353 454 485 496 Erant
523 455 602 497 duo
640 455 788 497 fratres
827 453 1010 496 carnales
1051 467 1155 495 unus
1189 452 1360 495 clericus
1394 457 1434 496 et
1465 453 1568 495 alter
1599 453 1739 496 laicus.
1794 453 1909 505 (Drei

354 525 635 571 buohstaben.)
683 539 809 579 germ.
834 527 900 567 26.

355 596 602 650 Sagittarius
635 597 801 652 quidam
834 596 1035 638 aviculam
1070 609 1238 651 parvam
1274 596 1439 651 capiens
1470 596 1635 638 nomine
1659 595 1905 651 philomena.

354 667 469 716 (Drei
503 668 771 720 weisheiten.)
818 668 889 709 lat.
918 668 1010 709 167.

352 738 542 781 Baarlam
577 743 719 781 narrat
750 739 854 793 quod
888 742 1077 794 peccator
1110 742 1171 779 est
1203 737 1349 779 similis
1380 737 1535 779 homini
1568 739 1634 793 qui
1664 751 1755 780 cum
1778 739 1906 782 timet.

354 810 538 864 (Honig.)
585 810 655 852 lat.
683 810 776 851 168.

353 881 492 924 Refert
514 881 702 924 Valerius
736 880 841 934 quod
874 880 1075 934 Zelcngus
1108 880 1248 922 consul
1272 880 1399 922 edidit
1420 893 1494 936 pro
1518 880 1619 934 lege.
1666 879 1908 933 (Zaleucus.)

352 953 421 995 lat.
447 954 513 994 50.

353 1024 493 1066 Refert
514 1023 718 1079 ‹Iosephus
751 1022 855 1077 qued
890 1022 1073 1078 tyberius
1106 1036 1221 1065 cesar
1252 1024 1472 1077 requisitus
1505 1036 1575 1065 cur
1605 1023 1908 1079 provinciarum

353 1095 550 1150 presides.
601 1094 815 1148 (Fliegen.)
863 1093 932 1135 lat.
957 1094 1024 1135 51.

354 1166 494 1208 Refert
515 1165 719 1221 Josephus
751 1165 855 1206 libro
889 1164 938 1207 de
969 1166 1103 1207 causis
1126 1179 1261 1207 rerum
1285 1165 1548 1208 naturalium.
1595 1165 1742 1220 (Wein‚
1774 1167 1910 1220 eigen-

353 1237 568 1288 schaften.)
616 1236 686 1278 lat.
714 1238 807 1278 159.

352 1308 525 1359 Quidam
557 1308 669 1350 lusor
701 1321 917 1351 occurrens
941 1307 1059 1350 beato
1081 1307 1319 1350 Bernhardo
1343 1308 1555 1362 equitanti.
1605 1307 1680 1361 (St.
1698 1307 1910 1350 Bernhard

351 1381 435 1422 und
468 1380 648 1435 spieler.)
695 1380 765 1421 lat.
795 1381 887 1421 170.

352 1452 536 1494 Adonias
565 1465 637 1493 rex
668 1451 871 1505 quendam
895 1450 1022 1492 filium
1048 1450 1262 1506 pulchrum
1286 1453 1326 1492 et
1348 1450 1698 1506 sapientissimum
1720 1450 1907 1493 habebat.

354 1523 542 1573 (Justitia
574 1547 626 1550 m
660 1524 773 1578 pax.)
822 1523 892 1565 lat.
917 1523 984 1564 55.

352 1595 438 1636 Rex
478 1595 662 1636 Asuerus
710 1594 864 1648 grande
909 1593 1141 1636 convivium
1182 1593 1337 1635 ermetis
1376 1593 1630 1649 principibus
1670 1598 1710 1636 et
1748 1593 1910 1650 populis

353 1667 469 1720 regni
501 1666 608 1708 fecit.
659 1666 855 1717 (Esther.)
903 1665 973 1706 lat.
1003 1665 1095 1705 177.

353 1737 573 1792 Pcmpejus
614 1737 759 1779 statuit
797 1750 870 1792 pro
910 1736 999 1789 lege
1040 1736 1146 1789 quod
1187 1735 1359 1790 quilibet·
1396 1736 1512 1778 miles
1552 1749 1625 1791 pos
1662 1739 1834 1779 mortem
1866 1736 1909 1778 in

354 1810 493 1851 armis.
540 1808 601 1860 (In
632 1807 777 1850 waffen
810 1807 1046 1862 begraben.)
1092 1807 1163 1849 lat.
1188 1808 1254 1848 69.

355 1881 471 1922 Titus
503 1880 545 1921 in
577 1880 743 1922 civitate
777 1892 947 1921 romana
980 1879 1168 1931 regnavit
1199 1879 1267 1933 qui
1301 1879 1445 1920 statuit
1475 1892 1549 1934 pro
1581 1878 1681 1932 lege.
1731 1878 1908 1930 (Focus.)

354 1952 424 1993 lat.
449 1951 516 1992 57.

353 2022 603 2075 Benegarius
644 2021 833 2075 regnavit
874 2022 943 2076 qui
984 2022 1128 2063 statuit
1160 2035 1233 2077 pro
1263 2021 1352 2075 lege
1385 2021 1491 2075 quod
1523 2022 1754 2077 quicunque
1784 2020 1910 2064 male-

353 2094 496 2136 factor.
545 2093 660 2143 (Drei
693 2093 958 2146 wahrheiten,
990 2092 1097 2145 frei.)
1144 2092 1214 2135 lat.
1239 2094 1306 2135 58.

354 2164 556 2207 Leuncius
603 2165 791 2218 regnavit
831 2168 976 2219 potens
1018 2163 1136 2206 valde
1175 2165 1243 2218 qui
1283 2177 1374 2206 cum
1415 2164 1539 2207 semel
1579 2177 1652 2219 per
1689 2163 1909 2219 Imperium

356 2237 590 2291 equitasset.
641 2236 844 2289 (Ingratus
876 2235 959 2276 und
992 2233 1155 2287 Guido.)
1203 2235 1273 2277 lat.
1300 2236 1394 2277 119.

356 2307 550 2349 Othozias
590 2307 779 2360 regnavit
820 2306 888 2360 qui
927 2310 1010 2348 tres
1050 2305 1154 2348 filios
1195 2306 1371 2348 habebat
1409 2320 1508 2362 quos
1545 2306 1720 2349 multum
1752 2305 1908 2348 dilexit.

357 2377 538 2420 Scutum.
588 2377 861 2429 (Baumerbe.)
911 2390 1037 2430 germ.
1063 2378 1129 2418 81.

270 2450 307 2491 7.
356 2449 507 2491 Darius
540 2450 581 2490 in
614 2449 780 2490 civitate
812 2461 982 2490 romana
1013 2449 1201 2502 regnavit
1233 2449 1411 2504 prudens
1445 2448 1562 2491 valde
1594 2448 1661 2503 qui
1695 2451 1777 2491 tres
1804 2447 1909 2490 filios

355 2520 510 2562 habuit.
560 2519 806 2572 (Jonathas.)
854 2519 923 2561 lat.
950 2520 1044 2561 120.

357 2590 601 2633 Jovinianus
632 2591 821 2644 regnavit
850 2590 1031 2646 prudens
1064 2590 1183 2633 valde
1216 2592 1284 2645 qui
1316 2604 1405 2633 cum
1430 2591 1556 2633 semel
1572 2590 1781 2644 jacuisset.
1823 2589 1909 2642 (Jo-

358 2663 578 2714 vinianus.)
630 2661 700 2703 lat.
725 2663 794 2703 59.

300 2766 307 2774 .
355 2733 534 2774 Hanibal
565 2733 753 2786 regnavit
784 2733 961 2788 prudens
994 2733 1112 2776 valde
1145 2734 1212 2788 qui
1236 2737 1395 2777 tantum
1419 2733 1580 2775 unicam
1603 2732 1729 2775 filiam
1753 2731 1906 2775 habuit.

358 2804 542 2855 (Redde.)
589 2803 659 2845 lat.
685 2805 752 2845 20.

242 2876 308 2917 60.
358 2874 606 2916 Octavianus
646 2875 832 2928 regnavit
871 2875 983 2917 dives
1020 2875 1138 2918 valde
1170 2876 1237 2930 qui
1271 2888 1394 2931 super
1424 2875 1562 2917 omnia
1592 2888 1762 2917 uxorem
1793 2887 1908 2917 suam

358 2945 513 2988 dilexit.
563 2946 858 3000 (Hildegarde.)
907 2960 1000 3002 app.
1025 2947 1092 2987 53.
