1919 3157
875 75 960 118 553

78 182 266 232 animus,
307 182 378 222 sed
408 190 637 238 corruptor.
694 181 865 224 Solinus
897 183 1023 233 dicit,
1067 184 1178 238 quod
1215 191 1352 238 preter
1389 184 1579 225 mulieres
1618 198 1756 235 pauca

76 253 279 294 animalia
312 254 461 293 coitum
494 261 652 294 movent
680 254 874 308 gyrat-ida,
907 255 1071 309 nifsram
1090 254 1253 308 faciem
1284 256 1340 296 ad
1369 257 1551 296 omnium
1571 256 1756 295 virorum

78 324 316 379 adspectum
348 324 491 365 debent
521 324 687 375 habere,
721 339 771 365 ne
801 324 852 365 ab
885 325 982 366 aliis
1014 325 1230 366 sollicitate
1261 326 1309 367 de
1340 327 1636 368 incontinentia
1667 325 1753 380 dif-

63 394 298 449 sumentur.
350 395 547 437 Ovidius:

407 474 479 516 Qne
504 476 586 508 dant
609 487 708 520 queve
732 480 863 521 neyant,
886 476 1034 521 qaudent
1059 481 1167 510 tamen
1193 488 1262 510 esse
1291 480 1426 521 ’Ὅροις
1803 475 1825 510 5

405 533 540 567 Ludunt
552 535 728 579 sormose;
754 539 847 568 casta
874 539 932 574 est,
957 547 1055 581 quam
1082 547 1174 568 nemo
1199 539 1341 580 royavit.

79 604 218 658 Sexti,
259 608 334 662 qui
369 607 477 648 hunc
516 607 658 647 ludum
697 615 902 658 exercent,
950 622 1063 663 reyes
1108 616 1204 649 sunt
1248 617 1285 650 et
1319 617 1638 664 nuncupantur;
1683 624 1756 651 rea:

77 678 185 718 enim
216 693 342 733 super
373 693 510 719 omnes
549 679 655 719 alios
694 686 772 729 est,
814 679 926 733 quod
959 681 1152 720 motionis
1191 688 1228 721 et
1257 682 1566 736 prom-essionis
1604 689 1757 722 natura

77 748 340 802 manifestam
379 764 466 790 cunc
502 751 609 790 enim
639 750 816 790 resideat
845 751 888 790 in
923 758 1070 804 quarto
1111 751 1272 806 quadro
1305 752 1417 804 albo,
1459 767 1550 792 cum
1585 754 1675 808 ipse
1705 754 1759 794 sit

75 820 217 875 niqer,
265 820 383 861 habet
414 836 439 860 a
472 821 626 861 deoetris
656 822 698 861 in
731 820 824 861 albo
856 820 1046 873 militem,
1090 822 1286 877 alphilem
1322 838 1415 864 vero
1448 831 1484 864 et
1513 824 1682 865 rochum
1712 825 1757 865 in
1783 829 1826 864 10

75 891 213 945 niyro,
245 892 292 931 in
322 893 495 932 sinistra
524 907 618 932 vero
652 899 756 932 tenet
785 892 874 932 loca
907 894 1123 948 opposita;
1157 895 1258 948 quia
1286 908 1380 935 vero
1411 909 1498 947 rev,
1532 903 1577 936 ut
1604 895 1758 936 dictum

78 968 150 1013 est,
183 976 309 1017 super
346 977 483 1004 omnes
524 962 675 1003 obtinet
713 963 954 1018 diynitatem
994 971 1031 1004 et
1068 965 1297 1005 dominium
1333 967 1494 1007 ratione
1525 966 1756 1021 diynitatis,

76 1047 160 1074 non
202 1033 338 1075 decuit
376 1049 466 1075 eum
506 1034 633 1075 multo
671 1036 815 1090 spacio
854 1050 881 1075 a
918 1037 1038 1090 reqni
1074 1037 1142 1076 sui
1177 1036 1280 1077 solio
1319 1036 1549 1089 absentari,
1593 1045 1630 1078 et
1664 1038 1756 1079 ideo

76 1119 169 1145 cum
197 1107 354 1146 moveri
380 1107 531 1161 incipit
563 1106 611 1146 de
642 1120 715 1147 suo
750 1107 910 1160 quadro
943 1106 1060 1159 albo,
1099 1115 1292 1148 naturam
1324 1110 1510 1163 sequitur
1540 1109 1758 1150 roehorum

75 1191 104 1216 a
142 1176 297 1217 deaetris
336 1185 373 1218 et
411 1193 437 1218 a
475 1178 680 1228 sinistris,
721 1178 781 1217 ita
821 1185 956 1218 tamen
996 1179 1108 1233 quod
1146 1194 1173 1219 a
1210 1181 1391 1221 sinistris
1429 1195 1514 1221 non
1548 1188 1683 1236 potest
1717 1195 1758 1222 se
1783 1184 1827 1219 15

69 1261 228 1302 ponere
265 1249 310 1288 in
351 1248 437 1289 loco
468 1250 590 1301 niqro
618 1247 746 1301 juxta
782 1248 953 1289 rochum
993 1250 1190 1290 situatum
1219 1252 1265 1291 in
1297 1250 1412 1303 albo,
1455 1252 1527 1292 sed
1551 1259 1687 1307 potest
1717 1266 1758 1293 se

68 1333 229 1374 ponere
272 1321 318 1360 in
363 1319 455 1361 albo
503 1320 591 1360 loco
625 1320 754 1373 juxta
793 1321 947 1360 dictum
986 1321 1156 1362 rochum
1193 1322 1250 1362 ad
1293 1322 1496 1377 anqulare
1533 1324 1755 1378 quadrum,

74 1382 155 1431 ubi'
178 1391 324 1431 situati
351 1398 448 1432 sunt
477 1393 656 1432 cii-itatis
688 1392 872 1432 custodes
905 1388 1024 1444 [142]
1061 1400 1097 1433 et
1133 1391 1194 1433 ihi
1229 1401 1426 1434 naturam
1465 1393 1584 1434 habet
1612 1393 1757 1436 militis

74 1462 122 1501 in
151 1461 229 1502 tali
255 1476 504 1517 proyressu5
542 1464 641 1504 istos
680 1471 815 1503 autem
855 1463 958 1503 duos
989 1477 1240 1518 proqressus
1279 1466 1451 1506 sortitur
1486 1467 1574 1506 vice
1604 1467 1754 1520 reyine.

76 1530 316 1584 Carissime,
356 1548 429 1574 rea·
464 1535 540 1575 iste
580 1542 638 1575 est
667 1535 858 1575 dominus
898 1541 1035 1574 noster
1066 1533 1208 1575 Iliesus
1241 1534 1446 1588 Christus,
1489 1539 1563 1592 qui
1598 1545 1657 1578 est
1684 1552 1758 1578 rex
1782 1545 1827 1579 20

75 1618 218 1659 reyum
249 1619 375 1660 super
406 1620 542 1646 omnes
573 1607 618 1646 in
649 1606 731 1646 celo
764 1613 800 1646 et
828 1607 874 1645 in
906 1613 1030 1657 terra,
1069 1607 1180 1660 quod
1204 1610 1512 1663 proyressionis
1544 1617 1581 1650 et
1609 1610 1756 1650 motio-

74 1676 140 1715 nis
171 1690 242 1716 sue
270 1684 423 1717 natura
453 1677 704 1731 manifestat.
753 1676 870 1717 Dum
902 1678 1008 1717 enim
1033 1679 1319 1733 prom-editur,
1355 1694 1491 1720 omnes
1522 1688 1758 1721 sanctorum

76 1747 316 1802 anqelorum
348 1747 465 1788 chori
492 1749 632 1803 ipsum
659 1756 859 1803 tanquam
889 1748 1101 1789 dominum
1134 1758 1367 1791 venerantes
1389 1753 1650 1804 comitantur,
1685 1753 1760 1807 qui

76 1825 114 1859 et
142 1832 276 1859 secum
307 1818 426 1860 habet
454 1819 625 1860 rochum
656 1827 692 1860 et
723 1819 919 1875 alphilem
950 1819 1118 1875 aliaque
1156 1820 1385 1874 selme-alia,
1427 1830 1464 1863 et
1501 1823 1633 1864 locum
1664 1824 1757 1864 uni-

74 1903 287 1931 versorum
323 1898 431 1931 recto
471 1893 633 1931 tramite
672 1898 846 1946 occupat
883 1892 1038 1931 circum
1077 1905 1260 1946 quaque,
1303 1900 1398 1934 teste
1428 1893 1651 1946 Psalmita‚
1686 1896 1760 1950 qui
1782 1901 1827 1936 25

76 1961 157 2002 ait:
199 1959 252 2003 Si
282 1962 502 2009 ascendero
533 1963 578 2002 in
611 1962 759 2013 celum,
801 1969 843 2002 tu
874 1962 963 2003 illic
995 1977 1057 2011 es,·
1095 1964 1134 2003 si
1169 1963 1411 2018 descendero
1444 1965 1501 2006 ad
1528 1965 1755 2020 infernum,

75 2032 185 2073 ades.
239 2031 432 2088 Denique
461 2034 651 2087 reyinam
680 2047 816 2074 secum
847 2033 959 2074 ducit
987 2034 1015 2074 i.
1041 2047 1071 2074 e.
1105 2035 1488 2076 misericordiarum
1521 2038 1640 2092 piam
1668 2052 1757 2078 ma-

77 2110 178 2144 trem
223 2111 261 2144 et
307 2104 518 2144 dominam
554 2111 741 2145 nostram
778 2104 975 2145 Mariam.
1040 2102 1165 2157 Cujus
1200 2107 1288 2146 vice
1329 2122 1457 2148 unum
1491 2122 1758 2163 proqressum

74 2175 354 2216 miserationis
385 2175 442 2214 ad
467 2175 740 2230 popularium
772 2176 979 2230 quadrum
1007 2176 1035 2215 i.
1062 2190 1091 2216 e.
1115 2176 1327 2218 hominum
1356 2179 1401 2218 in
1431 2180 1585 2220 oriundo
1616 2181 1756 2220 viven-

75 2247 178 2287 tium
200 2245 327 2300 facit‚
359 2246 468 2286 unde
497 2248 640 2288 merito
671 2260 817 2287 nomen
838 2247 946 2287 illud
963 2246 1191 2301 yloriosum
1216 2262 1298 2304 per
1318 2249 1569 2305 prophetam
1589 2252 1757 2292 sortitus
1781 2258 1827 2292 30

76 2324 154 2368 est,
194 2315 267 2357 uhi
305 2330 395 2357 eum
427 2325 594 2372 patrem
634 2318 1017 2358 misericordiarum
1064 2326 1100 2359 et
1145 2319 1265 2359 deum
1303 2322 1426 2361 totius
1464 2321 1756 2362 consolationis

76 2402 159 2429 esse
183 2395 464 2443 protestatur;
503 2388 601 2428 dum
639 2390 746 2429 enim
775 2391 949 2430 meroris
981 2397 1017 2430 et
1051 2391 1301 2444 perditionis
1333 2399 1469 2432 nostre
1502 2407 1581 2448 per
1606 2407 1754 2448 pecca-

76 2466 162 2499 tum
186 2458 446 2514 protoplasti
475 2459 614 2499 nullus
644 2468 880 2500 sanctorum
901 2469 974 2501 aut
995 2461 1211 2502 electorum
1231 2464 1589 2517 recuperacionem
1608 2463 1757 2517 facere

74 2536 260 2585 poterat,
307 2531 398 2586 ipse
442 2531 676 2571 misericors
721 2545 796 2572 rea
832 2532 889 2572 ad
920 2532 1194 2587 popularium
1231 2548 1399 2574 suorum
1437 2535 1756 2576 restaurandum

74 2615 239 2656 qreyem
271 2608 308 2641 et
337 2615 551 2641 numerum
582 2601 631 2642 de
662 2601 871 2643 celestibus
902 2603 1065 2644 sedibus
1097 2604 1154 2644 ad
1173 2604 1294 2657 liujus
1314 2606 1462 2646 mundi
1481 2605 1756 2647 miserabilem
1780 2613 1825 2649 35

78 2672 285 2727 quadrum
314 2672 482 2727 inyredi
509 2673 703 2727 diynatus
735 2681 805 2726 est,
839 2682 876 2715 et
907 2689 932 2714 a
963 2675 1154 2716 servitute
1175 2675 1381 2717 diabolica
1404 2675 1606 2728 liberavit,
1640 2676 1755 2730 cujus

75 2741 161 2784 sibi
185 2744 348 2798 qratias
372 2757 453 2798 per
481 2743 645 2795 infinita
676 2744 812 2785 secula
841 2745 1074 2786 reddamus.
