1929 3162
151 444 171 477 cx

130 800 171 834 10

130 1153 169 1188 15

125 1512 170 1546 20

126 1865 170 1900 25

126 2224 170 2257 30

124 2579 169 2613 35

994 48 1078 89 316

197 154 316 197 nibus
358 154 441 195 suis
481 153 656 209 scriptas
696 154 813 195 uxori
854 153 995 207 dirigit
1031 154 1072 195 in
1104 153 1212 196 hunc
1242 154 1428 196 modum:
1472 153 1560 209 [23]
1594 155 1640 197 In
1671 159 1869 210 quantum

198 229 260 268 est
290 225 365 267 tibi
398 238 493 267 cara
524 225 610 266 vita
642 228 731 278 tua,
771 237 880 278 mOX,
913 228 960 266 ut
990 224 1089 266 istas
1120 224 1280 267 litteras
1312 225 1528 280 receperis,
1560 239 1732 281 puerum
1762 227 1870 270 hunc

197 296 374 338 necabis.
432 295 542 337 Dum
575 309 669 337 vero
703 309 876 351 pergens
909 296 949 337 in
983 296 1190 349 quandam
1222 295 1434 338 ecclesiam
1465 296 1695 352 hospitatus
1725 297 1871 339 fuisset

198 371 237 409 et
268 380 391 422 super
420 366 622 408 banchum
647 367 886 421 quiesceret,
921 370 961 409 et
982 366 1119 420 bursa,
1152 367 1194 408 in
1216 381 1296 422 qua
1317 370 1404 409 erat
1424 367 1575 421 littera,
1608 368 1868 423 dependeret,

197 438 385 480 sacerdos
419 437 655 479 curiositate
689 438 847 491 ductus,
881 437 1046 479 bursam
1081 439 1242 493 aperuit
1270 442 1310 480 et
1330 438 1469 491 legens
1492 437 1622 480 scelus
1645 438 1868 493 abhorruit,

198 512 237 550 et
274 509 423 550 radens
465 508 691 562 subtiliter,
730 509 797 549 ubi
840 508 1071 550 dicebatur:
1112 508 1289 551 Puerum
1322 509 1428 550 hunc
1459 509 1643 563 necabis,
1683 510 1868 565 scripsit:

196 579 344 621 Filiam
383 583 565 621 nostram
606 580 648 620 in
687 592 857 620 uxorem
894 579 974 634 ipsi
1008 579 1135 621 dabis.
1193 579 1376 634 Cumque
1407 580 1549 632 regina
1580 581 1679 622 istas
1711 580 1869 623 litteras

196 650 363 704 legisset
395 654 434 692 et
466 650 573 703 regis
606 650 740 703 sigillo
774 650 952 692 munitas
985 651 1143 692 videret
1175 654 1215 692 et
1235 651 1284 692 de
1309 664 1432 692 manu
1454 651 1716 706 imperatoris
1742 652 1870 707 scrip-

197 725 259 763 tas
298 735 386 764 esse
424 725 706 775 cognosceret,
753 722 986 763 convocatis
1025 722 1282 776 principibus
1328 722 1498 777 nupcias
1543 722 1783 776 celebravit,
1831 727 1871 765 et

197 806 312 834 suam
345 792 470 834 filiam
504 793 636 835 eidem
670 793 711 834 in
743 806 912 835 uxorem
946 793 1078 845 dedit3
1113 806 1190 847 que
1221 793 1368 848 nupcie
1393 793 1641 847 Aquisgrani
1668 793 1870 837 celebrate

196 868 302 906 sunt.
352 863 461 906 Dum
489 868 624 906 autem
649 864 789 906 Cesari
812 863 999 906 Conrado
1022 866 1274 917 narraretur,
1308 864 1414 918 quod
1437 864 1703 920 solempniter
1723 865 1871 920 nupcie

195 934 276 977 filie
308 948 379 977 sue
412 939 549 977 essent
580 935 805 989 celebrate,
846 935 914 977 ille
946 935 1179 990 obstupuit,
1218 938 1258 977 et
1289 948 1379 976 cum
1413 949 1436 976 a
1469 935 1625 977 duobus
1657 935 1871 989 armigeris

196 1009 235 1048 et
272 1006 373 1048 duce
406 1009 445 1048 et
476 1007 687 1049 sacerdote
720 1007 934 1049 veritatem
969 1006 1256 1061 comperisset,
1297 1006 1549 1048 ordinacioni
1581 1007 1646 1049 dei
1676 1007 1870 1049 resisten-

197 1077 293 1119 dum
324 1091 406 1119 non
439 1091 527 1119 esse
559 1078 676 1131 vidit,
710 1081 750 1120 et
781 1078 872 1120 ideo
903 1091 978 1133 pro
1012 1091 1138 1132 puero
1171 1078 1338 1119 mittens
1371 1091 1463 1120 eum
1496 1091 1584 1120 esse
1608 1091 1726 1120 suum
1749 1091 1870 1132 gene-

194 1162 285 1190 rum
320 1148 566 1204 approbavit
598 1153 638 1191 et
669 1155 764 1204 post
796 1149 837 1190 in
869 1149 1043 1204 imperio
1076 1162 1247 1202 regnare
1280 1149 1469 1191 instituit.

312 1218 634 1274 [Moralizaetoj
702 1220 939 1274 Carissimi,
987 1220 1064 1262 iste
1112 1220 1338 1275 imperator
1379 1223 1441 1262 est
1478 1220 1576 1262 deus
1615 1223 1754 1275 pater,
1801 1220 1871 1275 qui

194 1293 364 1345 propter
402 1294 615 1346 peccatum
657 1292 781 1346 primi
821 1291 1004 1346 parentis
1041 1292 1171 1333 iratus
1205 1295 1293 1333 erat
1325 1294 1365 1333 et
1397 1305 1488 1334 eum
1522 1305 1544 1333 a
1576 1291 1768 1346 paradiso
1801 1304 1870 1334 ex-

194 1361 313 1416 pulit,
347 1362 416 1416 qui
448 1362 608 1416 fugiens
640 1363 682 1404 in
715 1362 861 1404 silvam
894 1362 1012 1404 istius
1045 1363 1187 1404 mundi
1220 1362 1433 1404 habitavit.
1489 1361 1573 1420 Sed·
1600 1362 1698 1404 deus
1730 1362 1871 1405 volens

196 1433 336 1475 venari
368 1433 477 1475 circa
509 1434 681 1487 animas,
715 1434 829 1475 misit
853 1433 980 1475 filium
1006 1448 1125 1475 suum
1147 1435 1190 1475 in
1213 1434 1357 1476 silvam
1380 1434 1498 1475 istius
1520 1433 1676 1487 mundi,
1709 1434 1871 1488 quando

195 1517 360 1546 carnem
394 1506 618 1560 assumpsit
650 1505 699 1546 de
733 1505 890 1558 virgine
922 1505 1120 1559 gloriosa,
1155 1506 1222 1559 qui
1254 1506 1296 1547 in
1329 1507 1446 1546 nocte
1478 1508 1611 1546 natus.
1661 1504 1768 1559 Rex,
1802 1505 1871 1560 qui

196 1576 353 1618 audivit
384 1589 524 1618 vocem
557 1576 760 1618 dicentem
794 1576 891 1617 sibi:
930 1576 1102 1631 Accipe,
1136 1577 1289 1632 accipe,
1323 1576 1474 1631 accipe,
1507 1579 1643 1631 potest
1672 1575 1751 1618 dici
1784 1576 1872 1630 qui-

193 1646 294 1689 libet
325 1647 469 1701 homo,
513 1648 581 1702 qui
614 1647 781 1690 deberet
814 1660 901 1689 esse
934 1661 1006 1689 rex
1039 1648 1101 1689 sui
1132 1648 1262 1703 ipsius
1296 1648 1477 1703 seipsum
1508 1647 1707 1700 regendo,
1745 1660 1872 1701 quan-

194 1721 282 1759 tum
315 1718 365 1759 ad
397 1718 572 1761 salutem
605 1719 788 1774 corporis
822 1722 861 1760 et
894 1718 1028 1760 anime
1052 1732 1134 1761 sue.
1182 1718 1299 1761 Unde
1321 1718 1489 1760 cuilibet
1509 1721 1695 1760 nostrum
1718 1717 1870 1760 dictum

196 1791 277 1831 est:
311 1789 464 1844 Accipe
490 1792 564 1831 etc.
613 1789 691 1832 Per
713 1790 893 1844 primum
915 1789 1070 1845 Accipe
1093 1789 1287 1832 debemus
1310 1790 1552 1843 intelligere,
1585 1789 1733 1845 primo,
1765 1789 1873 1844 quod

197 1860 391 1915 accepisti
431 1861 611 1902 animam
652 1860 701 1902 ad
735 1861 800 1902 dei
832 1861 1146 1903 similitudinem
1179 1865 1372 1903 creatam.
1427 1860 1506 1903 Per
1538 1860 1758 1903 secundum
1793 1860 1873 1902 Ac-

197 1930 286 1985 cipe
318 1944 465 1986 corpus
498 1945 589 1974 cum
624 1932 804 1986 quinque
836 1932 1022 1975 sensibus
1056 1936 1096 1975 et
1127 1933 1265 1974 omnia
1296 1935 1470 1987 quatuor
1502 1932 1703 1974 elementa
1727 1935 1873 1987 parata

196 2002 271 2044 tibi
304 2002 355 2044 ad
387 2002 717 2044 ministrandum.
764 2003 843 2045 Per
874 2004 1047 2045 tercium
1074 2004 1240 2059 Accipe,
1274 2004 1381 2058 quod
1403 2003 1437 2045 si
1459 2002 1633 2045 fideliter
1654 2003 1728 2045 deo
1750 2002 1872 2044 mini-

197 2074 412 2128 straveris,
446 2074 572 2115 vitam
607 2077 790 2116 eternam
824 2075 1012 2130 accipies.
1067 2075 1302 2128 Carissimi,
1341 2074 1540 2117 attendite
1571 2074 1789 2127 diligenter
1821 2074 1872 2116 ad

196 2145 277 2187 ista
308 2145 389 2186 tria
419 2144 584 2200 Accipe.
634 2145 750 2187 Unde
782 2145 913 2187 celum
947 2146 1054 2188 dicet
1085 2147 1173 2200 tibi,
1207 2160 1284 2200 que
1313 2149 1374 2188 est
1396 2145 1532 2200 prima
1551 2158 1650 2187 vox:
1682 2144 1871 2187 Ministro

198 2216 271 2258 tibi
303 2216 435 2258 lucem
468 2230 541 2271 per
573 2216 701 2270 diem,
736 2222 781 2258 ut
811 2217 976 2271 vigiles,
1010 2217 1202 2260 tenebras
1234 2231 1307 2273 per
1339 2220 1498 2258 noctem
1531 2220 1577 2258 ut
1606 2230 1773 2272 pauses;
1813 2216 1870 2259 al-

197 2291 313 2330 terno
346 2287 420 2329 tibi
450 2291 650 2342 tempora,
685 2291 728 2329 ut
750 2288 970 2330 varietates
993 2289 1149 2331 tedium
1172 2288 1301 2331 tollat.
1350 2287 1477 2329 Terra
1499 2287 1625 2330 dicet:
1659 2287 1715 2330 Te
1737 2291 1870 2343 porto,

196 2362 237 2401 te
268 2359 420 2412 nutrio,
453 2362 493 2400 te
525 2372 630 2413 pane
653 2359 835 2401 conforto
859 2363 899 2402 et
920 2363 960 2402 te
983 2360 1077 2401 vino
1099 2359 1262 2413 letifico,
1296 2358 1468 2401 diversis
1491 2358 1735 2401 animalibus
1756 2372 1870 2401 men-

197 2444 284 2472 sam
324 2433 438 2472 tuam
479 2429 629 2484 repleo.
681 2431 802 2484 Aqua
838 2431 913 2472 tibi
945 2431 1070 2473 dicet:
1109 2430 1256 2472 Potum
1289 2429 1363 2472 tibi
1396 2429 1567 2485 prebeo,
1607 2430 1747 2472 sordes
1777 2433 1870 2472 tuas

195 2501 287 2543 lavo
327 2504 368 2543 et
404 2501 568 2543 diversa
598 2514 749 2554 genera
782 2502 957 2556 piscium
991 2503 1042 2544 ad
1073 2515 1192 2543 usum
1224 2505 1339 2543 tuum
1372 2501 1573 2542 ministro.
1626 2501 1710 2543 Aer
1740 2501 1891 2560 dicet:-

195 2572 374 2614 Vitalem
405 2571 546 2613 flatum
580 2571 654 2613 tibi
686 2572 836 2627 prebeo
874 2571 996 2627 [2332]
1031 2576 1071 2615 et
1102 2586 1222 2615 omne
1253 2586 1379 2626 genus
1412 2572 1549 2613 avium
1581 2571 1656 2614 tibi
1677 2571 1795 2613 mitto
1819 2572 1870 2614 ad

196 2647 312 2685 tuum
336 2643 589 2697 obsequium.
630 2643 721 2684 Vox
745 2644 1002 2686 admonentis
1026 2647 1088 2686 est
1108 2644 1298 2697 mundus,
1329 2656 1419 2685 cum
1443 2643 1562 2684 dicit:
1593 2642 1708 2697 Vide,
1733 2643 1868 2697 homo,

198 2714 399 2768 quomodo
432 2714 587 2756 amavit
618 2718 670 2768 te,
703 2715 771 2768 qui
805 2719 973 2771 propter
1004 2719 1044 2757 te
1075 2715 1172 2757 fecit
1202 2728 1278 2756 me.
1333 2713 1473 2756 Servio
1505 2713 1581 2756 tibi
1613 2714 1708 2768 quia
1737 2714 1869 2756 factus

197 2788 364 2841 propter
396 2788 448 2827 te.
499 2784 650 2840 Accipe
682 2785 991 2840 benignitatem,
1024 2786 1149 2829 redde
1181 2786 1415 2828 caritatem!
1463 2784 1553 2826 Vox
1581 2785 1869 2827 comminantis

199 2860 280 2909 est,
321 2869 412 2898 cum
452 2856 551 2898 dicit
588 2856 716 2909 ignis:
756 2857 793 2898 A
833 2871 897 2899 me
936 2858 1207 2911 combureris,
1249 2869 1373 2911 aqua:
1414 2856 1451 2897 A
1482 2870 1548 2899 me
1580 2856 1868 2910 submergeris,

287 2936 310 2970 4
334 2935 455 2982 bursa]
481 2943 565 2983 oriy.
582 2937 739 2973 bursam.
