1929 3157
113 162 182 202 44.

111 303 180 344 45.

109 445 177 486 46.

106 586 175 628 47.

104 728 173 770 48.

102 871 170 912 49.

99 1012 167 1055 50.

98 1154 166 1196 51.

95 1296 164 1346 52.

95 1438 162 1481 53.

92 1581 160 1623 54.

90 1724 159 1766 55.

88 1867 156 1909 56.

87 2009 154 2052 57.

84 2150 152 2193 58.

82 2364 150 2406 59.

81 2506 148 2548 60.

78 2647 146 2689 61.

78 2789 144 2832 62.

910 67 990 108 115

232 161 291 204 ΒΘ
323 163 542 208 dileccione
574 166 650 209 dei.
705 168 842 225 Gayus
875 174 1061 225 regnavit
1093 175 1131 215 in
1164 176 1328 219 civitate
1360 192 1540 222 romana.
1594 181 1776 229 <Floren-

229 233 345 282 tina.)
393 235 461 277 lat.
487 237 553 279 «32.

228 303 289 346 De
321 306 585 350 confessione.
635 309 884 354 Theodosius
909 314 951 355 iu
973 314 1138 358 civitate
1161 330 1330 360 romana
1351 322 1549 374 regnavit.
1600 322 1776 377 (Rfigen-

225 374 398 428 glocke.)
446 377 513 419 lat.
543 381 634 421 105.

226 444 287 488 De
319 447 545 491 animabus.
592 450 804 506 Trayanus
837 454 877 495 in
900 456 1063 499 civitate
1086 471 1255 500 romana
1278 462 1475 514 regnavit.
1525 463 1650 515 (Eber
1671 465 1775 509 ohne

223 516 352 569 herz.)
399 518 466 561 lat.
493 522 559 562 83.

223 587 285 630 De
314 591 633 635 annunciacione
655 594 837 648 virginis.
879 597 1111 641 Anthonius
1133 600 1174 641 in
1196 601 1363 644 civitate
1385 616 1566 647 romana.
1609 606 1772 661 (Hemd.

221 658 309 701 drei
340 660 449 708 zoll.)
497 662 565 705 lat.
594 665 661 706 ⁴34.

221 728 283 772 De
305 730 525 776 dileccione
549 734 626 776 dei.
674 735 891 792 Pompejus
914 739 955 781 in
977 740 1142 784 civitate
1163 755 1333 786 romana
1356 747 1556 799 regnavit.
1597 746 1771 802 (Falke.)

220 800 290 842 lat.
316 803 382 844 84.

218 871 295 922 Qui
334 873 445 928 digni
484 881 578 918 sunt
617 878 770 921 intrare
801 893 970 934 regnum
1003 883 1192 926 celorum.
1250 886 1356 929 Olim
1391 892 1508 930 erant
1538 893 1621 932 tres
1655 891 1768 933 socii.

218 943 521 997 (Traumbrod.)
568 947 638 989 lat.
666 950 759 991 106.

215 1012 276 1056 De
315 1017 563 1061 contricione
603 1024 643 1062 et
680 1022 922 1076 penitencia.
976 1023 1126 1068 Lucius
1165 1029 1353 1081 regnavit
1391 1043 1516 1073 rome.
1576 1030 1766 1084 (Gnade.)

215 1084 286 1127 lat.
311 1087 379 1128 34.

213 1155 275 1198 De
308 1156 427 1200 beata
458 1160 627 1214 virgine.
685 1163 891 1207 Adrianus
923 1168 1110 1221 regnavit
1139 1169 1182 1211 in
1213 1170 1379 1213 civitate
1411 1185 1592 1216 romana.
1647 1174 1766 1221 (Ker-

213 1227 519 1284 kergesprach.)
565 1232 635 1274 lat.
665 1234 730 1276 86.

211 1296 420 1348 Quomodo
453 1302 506 1344 sit
537 1303 822 1347 abstinendum
853 1320 878 1348 a
909 1309 1139 1352 carnalibus
1171 1310 1396 1356 desideriis.
1445 1313 1585 1358 Gelius
1617 1329 1765 1370 regna-

212 1370 284 1412 vit.
333 1371 482 1422 (Kreuz
516 1374 592 1416 mit
621 1375 890 1429 inschriften.)
937 1378 1008 1421 lat.
1033 1381 1100 1422 65.

211 1439 273 1483 De
305 1447 447 1485 sancta
477 1457 606 1487 cruce.
662 1446 887 1502 Symachus
918 1452 1106 1504 regnavit
1136 1453 1178 1494 in
1210 1454 1375 1498 civitate
1406 1468 1588 1499 romana.
1639 1457 1763 1510 (Lau-

208 1513 401 1565 rencius.)
450 1513 688 1568 (Schwarz.)
736 1532 862 1572 germ.
887 1521 954 1562 35.

206 1581 269 1626 De
301 1589 443 1627 sancta
470 1599 600 1630 cruce.
649 1588 822 1632 Severus
843 1593 1042 1644 regnavit.
1091 1593 1177 1636 Nur
1199 1596 1362 1651 anfang‚
1395 1597 1524 1641 dann:
1558 1599 1613 1642 Ut
1634 1613 1761 1656 supra

207 1654 257 1697 de
289 1656 426 1698 anima
455 1660 693 1712 peccatrice.
745 1660 918 1713 (Waffen
950 1663 1197 1718 bewahren.)
1244 1667 1314 1710 lat.
1341 1669 1408 1710 66.

207 1724 268 1768 De
307 1726 386 1769 hiis
419 1729 488 1783 qui
519 1730 661 1773 volunt
691 1732 816 1774 vitam
851 1737 1033 1777 eternam
1064 1737 1236 1791 ingredi.
1289 1739 1524 1784 Anthonius
1556 1744 1756 1797 regnavit.

205 1796 396 1850 (Wiiste.)
444 1813 538 1856 app.
563 1802 601 1843 3.

204 1868 267 1911 De
306 1870 642 1924 predicatoribus.
699 1873 928 1928 Gorgonius
966 1879 1154 1932 regnavit
1190 1883 1335 1934 potens
1375 1882 1504 1926 valde.
1562 1883 1755 1938 (Hahne.)

203 1939 274 1982 lat.
299 1941 366 1982 68.

202 2010 265 2053 De
297 2016 437 2054 sancta
469 2026 598 2057 cruce.
647 2015 848 2060 Narratur
872 2018 921 2061 de
943 2020 1119 2073 quodam
1141 2021 1304 2065 homine
1324 2024 1490 2067 nomine
1511 2026 1750 2079 guntherus.

201 2081 376 2132 (Freude
408 2084 512 2127 ohne
544 2086 676 2139 ende.)
723 2087 792 2130 lat.
821 2090 915 2130 101.

200 2151 332 2196 Homo
370 2155 644 2210 impossibilia
680 2171 761 2200 non
800 2163 976 2216 temptat
1012 2162 1221 2217 indagare.
1285 2164 1532 2219 Sagittarius
1571 2169 1750 2223 quidam.

199 2222 286 2265 Nur
330 2225 500 2280 anfang,
547 2227 676 2270 dann:
724 2230 899 2286 Require
938 2246 1063 2288 supra
1104 2234 1146 2276 in
1184 2234 1375 2278 Barlaam
1414 2237 1463 2280 de
1503 2238 1748 2294 philomena.

199 2293 315 2346 (Drei
347 2297 613 2351 weisheiten.)
660 2300 729 2342 lat.
758 2303 852 2344 167.

196 2364 259 2408 De
297 2367 561 2412 confessione.
616 2369 718 2414 Erat
749 2373 914 2428 quidam
946 2387 1016 2417 rex
1051 2376 1119 2430 qui
1150 2376 1294 2419 habuit
1323 2377 1462 2421 filiam.
1519 2379 1635 2433 (Drei
1666 2382 1748 2425 fra-

196 2439 305 2490 gen.)
350 2438 421 2480 lat.
446 2440 513 2481 70.

195 2507 258 2550 De
290 2509 516 2552 animabus
564 2511 738 2562 Quidam
768 2528 841 2557 rex
873 2519 961 2558 erat
992 2517 1059 2571 qui
1091 2521 1250 2560 tantum
1282 2533 1409 2562 unum
1437 2519 1566 2564 filium
1588 2522 1743 2566 habuit.

196 2578 579 2637 (Freundesprobe.)
625 2583 696 2626 lat.
723 2586 817 2627 129.

193 2648 256 2692 ΒΘ
276 2654 591 2706 septuagesima.
629 2654 732 2698 Erat
753 2657 916 2711 quidam
940 2670 1088 2701 avarus
1110 2659 1254 2702 sedens
1269 2661 1392 2715 juxta
1413 2676 1537 2706 mare.
1576 2663 1741 2715 (Schatz

193 2720 249 2762 im
281 2721 459 2775 haume.)
505 2724 575 2767 lat.
603 2727 697 2767 109.

191 2790 254 2834 ΒΘ
292 2793 518 2837 animabus.
581 2795 752 2846 Quidam
792 2812 863 2840 rex
904 2813 928 2842 a
961 2801 1137 2855 quodam
1175 2802 1417 2858 philosopho
1449 2803 1483 2846 V
1507 2806 1739 2860 questiones

191 2863 377 2916 quesivit.
427 2865 539 2917 (Was
571 2867 626 2909 ist
657 2866 729 2910 der
759 2870 959 2922 mensch.)
1007 2872 1077 2914 lat.
1102 2874 1169 2915 36.

1405 3021 1458 3056 84·
