1919 3157
864 50 942 92 031

77 164 167 193 eum
206 165 309 194 unus
349 153 414 206 qui
455 153 648 196 indicavit
688 156 722 196 ei
767 169 916 197 morem
958 161 1064 199 terre
1107 161 1143 198 et
1193 159 1368 200 civitatis
1408 160 1537 213 illius,
1585 165 1624 202 et
1670 160 1738 203 ille

77 222 118 263 in
151 222 322 265 insulam
356 223 466 265 illam
500 225 670 267 multum
701 239 840 267 aurum
875 231 913 268 et
946 232 1157 280 argentum
1192 231 1379 284 premisit
1409 236 1450 273 et
1481 231 1621 273 domos
1654 232 1738 274 edi-

76 291 212 335 ficavit
243 298 282 335 et
313 296 541 337 construxit
574 296 627 337 ibi
661 310 849 350 magnam
880 298 1085 340 civitatem
1119 299 1213 353 quia
1245 301 1352 343 cives
1384 302 1452 344 illo
1476 316 1580 344 anno
1611 291 1736 345 nichil

75 362 153 405 sibi
193 363 406 417 negabant.
462 365 557 408 Post
590 381 738 409 annum
781 369 927 410 missus
965 373 1026 411 est
1056 370 1096 411 in
1130 370 1296 412 exilium
1331 376 1370 414 et
1401 373 1557 415 invenit
1588 374 1643 415 ibi
1676 373 1736 416 di-

74 435 218 478 tiorem
251 435 382 477 locum
416 436 628 492 plusquam
662 442 754 494 post
786 453 828 481 se
860 439 1089 494 reliquerat.

190 505 326 548 Insula
357 506 427 548 illa
466 508 506 549 in
540 523 618 563 qua
650 509 819 564 quilibet
858 514 920 552 est
949 524 1021 553 rex
1054 524 1126 566 per
1158 524 1322 565 annum,
1360 513 1436 556 iste
1470 518 1531 556 est
1561 515 1735 558 mundus

72 577 114 619 in
146 590 224 631 quo
254 582 427 631 regnant
460 579 554 620 mali
589 594 660 634 per
699 594 847 622 annum
883 581 906 622 i.
932 595 964 623 e.
999 596 1070 636 per
1101 582 1240 623 horam
1271 589 1459 638 respectu
1492 586 1732 628 eternitatis.

72 647 126 690 Et
157 652 249 703 post
272 649 373 691 hanc
397 650 520 692 vitam
554 651 684 692 nudus
708 652 884 694 mittitur
916 653 954 693 in
978 653 1142 695 sudario
1174 653 1215 694 in
1237 653 1396 696 foveam
1429 660 1469 698 et
1497 656 1575 698 nisi
1598 656 1735 712 aliqua

73 719 178 762 bona
211 721 456 775 premiserit,
490 721 543 764 ibi
578 722 616 763 in
651 722 772 764 exilio
805 723 829 763 i.
855 736 886 764 e.
921 724 960 764 in
994 727 1135 766 eterna
1165 737 1271 780 pena
1302 725 1389 767 erit.

729 974 829 1028 225,
862 987 965 1029 app.
989 975 1062 1018 29.

182 1074 320 1118 Refert
364 1074 544 1117 romulus
590 1075 632 1116 in
669 1075 882 1117 annalibus
915 1076 1146 1130 judeorum,
1195 1077 1300 1132 quod
1347 1078 1522 1133 quedam
1564 1078 1730 1122 domina

65 1151 263 1203 preventa
293 1147 442 1188 amoris
474 1146 752 1200 magnitudine
784 1147 993 1188 dominum
1025 1161 1142 1189 suum
1176 1149 1386 1204 proprium
1426 1149 1658 1205 repudiavit
1690 1153 1730 1192 et

66 1218 184 1261 alteri
215 1218 470 1272 conglaciata
500 1223 561 1259 est
592 1231 665 1273 per
695 1231 888 1260 amorem.
937 1217 1016 1260 Sed
1048 1219 1211 1261 tandem
1244 1219 1409 1261 domina
1433 1220 1504 1262 illa
1535 1221 1729 1263 miseram

66 1290 190 1332 vitam
213 1303 328 1332 suam
360 1302 606 1342 cognoscens
638 1289 688 1330 ad
711 1277 954 1344 captandam
977 1289 1300 1332 benevolentiam
1335 1291 1489 1332 domini
1521 1292 1584 1333 sui
1616 1292 1730 1334 misit

65 1355 148 1403 sibi'
180 1365 354 1416 quatuor
391 1360 560 1402 annulos
601 1364 640 1402 et
672 1373 792 1401 unam
824 1360 996 1402 literam.
1051 1360 1263 1416 Scriptura
1301 1362 1423 1417 primi
1463 1362 1602 1404 annuli
1633 1363 1726 1406 talis

66 1436 174 1474 crat:
227 1432 380 1474 Amore
430 1431 626 1485 langweo.
689 1430 901 1486 Scriptura
946 1432 1112 1474 secundi
1164 1436 1270 1474 erat:
1325 1432 1508 1486 langweo
1554 1447 1628 1489 pro
1673 1438 1725 1477 te.

67 1503 278 1559 Scriptura
315 1503 430 1545 tercii
469 1506 573 1544 erat:
615 1503 820 1558 pereundo
859 1516 989 1558 spero.
1049 1502 1191 1553 Quarti
1237 1504 1442 1559 scriptura
1481 1509 1589 1547 erat:
1636 1519 1727 1561 spe-

65 1575 191 1617 rando
221 1574 425 1616 renuncio.
474 1574 606 1616 Tenor
627 1587 721 1615 vero
753 1573 869 1615 litere
901 1577 988 1616 erat
1019 1574 1134 1616 talis:
1169 1588 1287 1629 quem
1319 1575 1404 1628 fugi
1436 1575 1574 1630 diligo,
1607 1589 1725 1630 quem

64 1645 188 1688 dilexi
218 1637 342 1699 fugio,
376 1645 483 1699 quod
513 1645 589 1687 feci
622 1646 782 1700 peniteo
815 1650 855 1687 et
884 1645 1103 1700 penitendo
1135 1645 1293 1688 resileo.

179 1717 250 1758 Acl
273 1719 545 1773 propositum.
596 1716 677 1758 Ista
699 1717 864 1758 <lomina
889 1720 950 1758 est
970 1717 1176 1771 peccatrix
1200 1717 1358 1769 anima;
1391 1722 1590 1772 preventa
1612 1731 1724 1760 amo-

65 1787 122 1829 ris
154 1787 434 1841 magnitudine
465 1792 687 1829 creatorem
723 1787 796 1830 celi
829 1791 868 1829 et
899 1790 1006 1829 terre
1037 1788 1120 1829 suis
1142 1788 1256 1830 viciis
1289 1788 1522 1843 repudiavit
1548 1793 1588 1831 et
1608 1789 1727 1832 alteri

63 1857 313 1912 conglutiata
335 1863 397 1900 est
417 1858 458 1899 in
481 1871 618 1900 amore
648 1858 673 1899 i.
699 1871 730 1900 e.
765 1859 938 1914 principi
970 1858 1131 1900 luxurie
1163 1863 1203 1901 et
1237 1859 1471 1914 voluptatis.
1525 1859 1604 1903 Sed
1635 1865 1725 1903 tan-

62 1929 152 1972 dem
191 1933 435 1985 compuncta
473 1929 521 1970 de
553 1928 705 1970 offenso
746 1929 808 1970 sui
846 1928 984 1984 sponsi
1023 1933 1063 1971 et
1095 1928 1245 1972 Christi
1279 1930 1472 1972 annulum
1504 1931 1579 1974 sibi
1611 1932 1725 1974 misit

59 2001 102 2042 in
141 2013 219 2054 quo
259 2000 455 2055 scriptum
502 1999 599 2041 fuit:
647 2000 799 2042 Amore
840 2000 1043 2054 langweo,
1087 2015 1134 2043 ex
1175 2000 1293 2044 lhesu
1332 2002 1471 2057 sponsi
1510 2002 1722 2046 dulcedine

60 2070 243 2124 langweo
265 2083 338 2126 pro
362 2083 408 2112 eo
430 2083 477 2112 ex
499 2070 716 2112 formidine
748 2071 912 2126 proprie
934 2071 1064 2126 culpe,
1097 2072 1302 2128 pereundo
1325 2086 1443 2129 spero
1467 2074 1572 2128 quod
1594 2074 1722 2116 cecidi

59 2142 101 2183 in
140 2147 326 2196 peccatos
364 2146 500 2183 tamen
541 2155 659 2196 spero
698 2142 746 2185 de
778 2146 848 2184 tua
878 2143 1158 2184 misericordia
1198 2144 1293 2198 quia
1332 2147 1403 2186 tua
1440 2144 1722 2188 misericordia

59 2213 188 2267 major
219 2216 282 2254 est
311 2212 411 2254 meis
450 2214 641 2268 peccatis,
683 2218 723 2255 et
761 2214 962 2268 sperando
1001 2214 1188 2255 renuntio
1229 2227 1277 2256 ex
1310 2215 1552 2258 rectitudine
1585 2215 1720 2259 future

58 2283 198 2337 glorie.
235 2282 291 2325 Et
326 2283 416 2325 ideo
449 2297 565 2338 quem
588 2284 674 2337 fugi
706 2284 843 2338 diligo,
876 2285 971 2339 quia
1002 2284 1160 2327 Ihesum
1195 2285 1368 2340 deserui,
1401 2300 1519 2341 quem
1553 2287 1720 2342 despexi

58 2354 168 2408 fugio
201 2353 417 2410 dyabolum
441 2354 504 2395 cui
531 2354 681 2397 adhesi.
723 2354 816 2397 Jam
839 2368 946 2397 nunc
967 2355 1128 2410 peniteo
1152 2360 1192 2398 et
1212 2357 1429 2412 penitendo
1452 2370 1524 2413 per
1545 2358 1717 2412 gratiam

54 2425 140 2479 jam
174 2438 280 2467 nunc
310 2425 447 2468 resilio
479 2426 691 2479 cogitando
725 2430 901 2468 erratum
935 2431 1096 2482 tempus
1129 2427 1323 2469 amissum
1355 2428 1474 2470 deum
1508 2427 1716 2471 offensum.

716 2678 819 2732 226,
852 2690 954 2733 app.
976 2678 1053 2721 30.

172 2776 341 2832 Legitur
373 2777 478 2832 quod
511 2777 674 2831 quidam
702 2779 823 2832 juxta
842 2790 998 2820 romam
1033 2779 1172 2822 volens
1194 2780 1357 2822 domum
1383 2793 1497 2822 suam
1521 2780 1718 2836 ampliare

57 2848 215 2891 fodiens
248 2862 342 2891 vero
375 2849 414 2889 in
439 2848 564 2890 altum
599 2849 755 2891 invenit
786 2854 958 2903 quatuor
980 2849 1138 2892 tabulas
1169 2852 1417 2905 conjunctas.
1469 2850 1513 2893 In
1545 2864 1714 2905 quarum

61 2919 194 2974 prima
226 2920 422 2975 scriptum
456 2923 560 2962 erat:
592 2918 654 2962 Ex
688 2920 828 2975 paucis
860 2919 979 2975 pluri.
1027 2920 1069 2962 In
1098 2920 1275 2964 secunda
1306 2922 1364 2963 sic
1394 2922 1590 2978 scriptum
1620 2921 1715 2965 fuit:
