<?xml version="1.0" encoding="UTF-8"?>
<!DOCTYPE html PUBLIC "-//W3C//DTD XHTML 1.0 Transitional//EN"
    "http://www.w3.org/TR/xhtml1/DTD/xhtml1-transitional.dtd">
<html xmlns="http://www.w3.org/1999/xhtml" xml:lang="en" lang="en">
 <head>
  <title>
</title>
<meta http-equiv="Content-Type" content="text/html;charset=utf-8" />
  <meta name='ocr-system' content='tesseract 3.04.00' />
  <meta name='ocr-capabilities' content='ocr_page ocr_carea ocr_par ocr_line ocrx_word'/>
</head>
<body>
  <div class='ocr_page' id='page_1' title='image "./gestaromanorum00oestuoft_0323.png"; bbox 0 0 1919 3157; ppageno 0'>
   <div class='ocr_carea' id='block_1_1' title="bbox 855 100 939 142">
    <p class='ocr_par' dir='ltr' id='par_1_1' title="bbox 855 100 939 142">
     <span class='ocr_line' id='line_1_1' title="bbox 855 100 939 142; baseline 0.012 -1"><span class='ocrx_word' id='word_1_1' title='bbox 855 100 939 142; x_wconf 79' lang='lat'>305</span> 
     </span>
    </p>
   </div>
   <div class='ocr_carea' id='block_1_2' title="bbox 46 203 1728 2885">
    <p class='ocr_par' dir='ltr' id='par_1_2' title="bbox 46 203 1728 2885">
     <span class='ocr_line' id='line_1_2' title="bbox 51 203 1726 260; baseline 0.001 -14"><span class='ocrx_word' id='word_1_2' title='bbox 51 203 164 247; x_wconf 81' lang='lat' dir='ltr'><strong>Istud</strong></span> <span class='ocrx_word' id='word_1_3' title='bbox 194 208 257 246; x_wconf 88' lang='lat' dir='ltr'>est</span> <span class='ocrx_word' id='word_1_4' title='bbox 288 204 466 259; x_wconf 89' lang='lat' dir='ltr'>primum</span> <span class='ocrx_word' id='word_1_5' title='bbox 501 204 793 258; x_wconf 84' lang='lat' dir='ltr'>ministerium,</span> <span class='ocrx_word' id='word_1_6' title='bbox 826 205 932 259; x_wconf 91' lang='lat' dir='ltr'>quod</span> <span class='ocrx_word' id='word_1_7' title='bbox 967 206 1171 260; x_wconf 89' lang='lat' dir='ltr'>promittit</span> <span class='ocrx_word' id='word_1_8' title='bbox 1203 206 1374 259; x_wconf 86' lang='lat' dir='ltr'>quilibet</span> <span class='ocrx_word' id='word_1_9' title='bbox 1404 206 1651 248; x_wconf 86' lang='lat' dir='ltr'>christianus</span> <span class='ocrx_word' id='word_1_10' title='bbox 1684 207 1726 248; x_wconf 92' lang='lat' dir='ltr'>in</span> 
     </span>
     <span class='ocr_line' id='line_1_3' title="bbox 50 274 1726 330; baseline 0.001 -13"><span class='ocrx_word' id='word_1_11' title='bbox 50 274 255 330; x_wconf 91' lang='lat' dir='ltr'>baptismo</span> <span class='ocrx_word' id='word_1_12' title='bbox 293 274 447 316; x_wconf 90' lang='lat' dir='ltr'>domini</span> <span class='ocrx_word' id='word_1_13' title='bbox 488 288 626 317; x_wconf 88' lang='lat' dir='ltr'>secum</span> <span class='ocrx_word' id='word_1_14' title='bbox 665 275 815 317; x_wconf 87' lang='lat' dir='ltr'>munde</span> <span class='ocrx_word' id='word_1_15' title='bbox 854 275 1070 318; x_wconf 86' lang='lat' dir='ltr'>custodire.</span> <span class='ocrx_word' id='word_1_16' title='bbox 1127 275 1207 318; x_wconf 88' lang='lat' dir='ltr'>Sed</span> <span class='ocrx_word' id='word_1_17' title='bbox 1247 280 1309 319; x_wconf 87' lang='lat' dir='ltr'>est</span> <span class='ocrx_word' id='word_1_18' title='bbox 1349 277 1643 319; x_wconf 86' lang='lat' dir='ltr'>advertendum</span> <span class='ocrx_word' id='word_1_19' title='bbox 1677 277 1726 318; x_wconf 90' lang='lat' dir='ltr'>de</span> 
     </span>
     <span class='ocr_line' id='line_1_4' title="bbox 50 345 1726 403; baseline 0.002 -16"><span class='ocrx_word' id='word_1_20' title='bbox 50 357 220 401; x_wconf 88' lang='lat' dir='ltr'>corpore</span> <span class='ocrx_word' id='word_1_21' title='bbox 252 345 370 387; x_wconf 89' lang='lat' dir='ltr'>istius</span> <span class='ocrx_word' id='word_1_22' title='bbox 402 345 601 400; x_wconf 84' lang='lat' dir='ltr'>principis</span> <span class='ocrx_word' id='word_1_23' title='bbox 634 345 719 387; x_wconf 84' lang='lat' dir='ltr'>scil.</span> <span class='ocrx_word' id='word_1_24' title='bbox 744 346 897 388; x_wconf 86' lang='lat' dir='ltr'>domini</span> <span class='ocrx_word' id='word_1_25' title='bbox 932 347 1037 401; x_wconf 89' lang='lat' dir='ltr'>quod</span> <span class='ocrx_word' id='word_1_26' title='bbox 1077 346 1150 389; x_wconf 88' lang='lat' dir='ltr'>sub</span> <span class='ocrx_word' id='word_1_27' title='bbox 1184 348 1319 402; x_wconf 87' lang='lat' dir='ltr'>specie</span> <span class='ocrx_word' id='word_1_28' title='bbox 1352 349 1470 403; x_wconf 87' lang='lat' dir='ltr'>panis</span> <span class='ocrx_word' id='word_1_29' title='bbox 1503 348 1624 401; x_wconf 82' lang='lat' dir='ltr'>digne</span> <span class='ocrx_word' id='word_1_30' title='bbox 1657 347 1726 390; x_wconf 87' lang='lat' dir='ltr'>de·</span> 
     </span>
     <span class='ocr_line' id='line_1_5' title="bbox 50 415 1726 472; baseline 0.002 -15"><span class='ocrx_word' id='word_1_31' title='bbox 50 415 147 458; x_wconf 90' lang='lat' dir='ltr'>bent</span> <span class='ocrx_word' id='word_1_32' title='bbox 177 429 338 458; x_wconf 90' lang='lat' dir='ltr'>sumere</span> <span class='ocrx_word' id='word_1_33' title='bbox 370 420 409 458; x_wconf 87' lang='lat' dir='ltr'>et</span> <span class='ocrx_word' id='word_1_34' title='bbox 440 416 645 458; x_wconf 88' lang='lat' dir='ltr'>custodire</span> <span class='ocrx_word' id='word_1_35' title='bbox 685 430 733 458; x_wconf 81' lang='lat' dir='ltr'>ex</span> <span class='ocrx_word' id='word_1_36' title='bbox 771 417 1094 472; x_wconf 85' lang='lat' dir='ltr'>proprietatibus</span> <span class='ocrx_word' id='word_1_37' title='bbox 1128 418 1246 472; x_wconf 85' lang='lat' dir='ltr'>panis</span> <span class='ocrx_word' id='word_1_38' title='bbox 1281 418 1453 460; x_wconf 78' lang='lat' dir='ltr'>visibilis</span> <span class='ocrx_word' id='word_1_39' title='bbox 1487 419 1561 460; x_wconf 90' lang='lat' dir='ltr'>hec</span> <span class='ocrx_word' id='word_1_40' title='bbox 1593 422 1726 460; x_wconf 87' lang='lat' dir='ltr'>atten-</span> 
     </span>
     <span class='ocr_line' id='line_1_6' title="bbox 50 486 1727 543; baseline 0.001 -15"><span class='ocrx_word' id='word_1_41' title='bbox 50 486 161 528; x_wconf 83' lang='lat' dir='ltr'><strong>dant.</strong></span> <span class='ocrx_word' id='word_1_42' title='bbox 213 486 290 529; x_wconf 88' lang='lat' dir='ltr'>Est</span> <span class='ocrx_word' id='word_1_43' title='bbox 319 487 445 540; x_wconf 86' lang='lat' dir='ltr'>igitur</span> <span class='ocrx_word' id='word_1_44' title='bbox 476 487 610 529; x_wconf 86' lang='lat' dir='ltr'>hostia</span> <span class='ocrx_word' id='word_1_45' title='bbox 642 488 853 543; x_wconf 87' lang='lat' dir='ltr'>inscripta,</span> <span class='ocrx_word' id='word_1_46' title='bbox 887 492 932 529; x_wconf 94' lang='lat' dir='ltr'>ut</span> <span class='ocrx_word' id='word_1_47' title='bbox 964 488 1022 530; x_wconf 89' lang='lat' dir='ltr'>sic</span> <span class='ocrx_word' id='word_1_48' title='bbox 1053 492 1230 542; x_wconf 76' lang='lat' dir='ltr'>notetur,</span> <span class='ocrx_word' id='word_1_49' title='bbox 1265 489 1373 543; x_wconf 88' lang='lat' dir='ltr'>quod</span> <span class='ocrx_word' id='word_1_50' title='bbox 1405 502 1545 531; x_wconf 85' lang='lat' dir='ltr'>omnes</span> <span class='ocrx_word' id='word_1_51' title='bbox 1578 489 1727 532; x_wconf 86' lang='lat' dir='ltr'>debent</span> 
     </span>
     <span class='ocr_line' id='line_1_7' title="bbox 50 557 1725 615; baseline 0.001 -16"><span class='ocrx_word' id='word_1_52' title='bbox 50 570 138 600; x_wconf 88' lang='lat' dir='ltr'>esse</span> <span class='ocrx_word' id='word_1_53' title='bbox 168 557 371 612; x_wconf 89' lang='lat' dir='ltr'>inscripti,</span> <span class='ocrx_word' id='word_1_54' title='bbox 405 558 474 612; x_wconf 92' lang='lat' dir='ltr'>qui</span> <span class='ocrx_word' id='word_1_55' title='bbox 504 557 752 600; x_wconf 80' lang='lat' dir='ltr'>eucharistia</span> <span class='ocrx_word' id='word_1_56' title='bbox 774 562 869 600; x_wconf 88' lang='lat' dir='ltr'>sunt</span> <span class='ocrx_word' id='word_1_57' title='bbox 892 558 1112 601; x_wconf 86' lang='lat' dir='ltr'>reficiendi.</span> <span class='ocrx_word' id='word_1_58' title='bbox 1163 558 1225 600; x_wconf 91' lang='lat' dir='ltr'>Illi</span> <span class='ocrx_word' id='word_1_59' title='bbox 1248 562 1382 600; x_wconf 88' lang='lat' dir='ltr'>autem</span> <span class='ocrx_word' id='word_1_60' title='bbox 1407 564 1503 601; x_wconf 93' lang='lat' dir='ltr'>sunt</span> <span class='ocrx_word' id='word_1_61' title='bbox 1524 560 1725 615; x_wconf 88' lang='lat' dir='ltr'>inscripti,</span> 
     </span>
     <span class='ocr_line' id='line_1_8' title="bbox 48 628 1726 685; baseline 0.002 -16"><span class='ocrx_word' id='word_1_62' title='bbox 48 628 91 669; x_wconf 92' lang='lat' dir='ltr'>in</span> <span class='ocrx_word' id='word_1_63' title='bbox 124 641 295 682; x_wconf 89' lang='lat' dir='ltr'>quorum</span> <span class='ocrx_word' id='word_1_64' title='bbox 328 628 517 671; x_wconf 83' lang='lat' dir='ltr'>cordibus</span> <span class='ocrx_word' id='word_1_65' title='bbox 549 642 623 684; x_wconf 91' lang='lat' dir='ltr'>per</span> <span class='ocrx_word' id='word_1_66' title='bbox 655 642 793 671; x_wconf 82' lang='lat' dir='ltr'>veram</span> <span class='ocrx_word' id='word_1_67' title='bbox 833 628 953 672; x_wconf 88' lang='lat' dir='ltr'>fidem</span> <span class='ocrx_word' id='word_1_68' title='bbox 994 630 1239 685; x_wconf 89' lang='lat' dir='ltr'>inscriptum</span> <span class='ocrx_word' id='word_1_69' title='bbox 1280 632 1341 671; x_wconf 87' lang='lat' dir='ltr'>est</span> <span class='ocrx_word' id='word_1_70' title='bbox 1378 643 1525 672; x_wconf 90' lang='lat' dir='ltr'>nomen</span> <span class='ocrx_word' id='word_1_71' title='bbox 1558 630 1726 684; x_wconf 84' lang='lat' dir='ltr'>Christi,</span> 
     </span>
     <span class='ocr_line' id='line_1_9' title="bbox 48 698 1725 756; baseline 0.001 -16"><span class='ocrx_word' id='word_1_72' title='bbox 48 703 95 741; x_wconf 91' lang='lat' dir='ltr'>ut</span> <span class='ocrx_word' id='word_1_73' title='bbox 125 711 149 740; x_wconf 89' lang='lat' dir='ltr'>a</span> <span class='ocrx_word' id='word_1_74' title='bbox 169 698 332 741; x_wconf 87' lang='lat' dir='ltr'>Christo</span> <span class='ocrx_word' id='word_1_75' title='bbox 365 699 553 741; x_wconf 91' lang='lat' dir='ltr'>dicantur</span> <span class='ocrx_word' id='word_1_76' title='bbox 585 699 810 742; x_wconf 85' lang='lat' dir='ltr'>christiani.</span> <span class='ocrx_word' id='word_1_77' title='bbox 859 699 975 742; x_wconf 83' lang='lat' dir='ltr'>Unde</span> <span class='ocrx_word' id='word_1_78' title='bbox 1007 700 1107 743; x_wconf 89' lang='lat' dir='ltr'>dicit</span> <span class='ocrx_word' id='word_1_79' title='bbox 1138 700 1328 742; x_wconf 87' lang='lat' dir='ltr'>domiuus</span> <span class='ocrx_word' id='word_1_80' title='bbox 1360 714 1432 756; x_wconf 88' lang='lat' dir='ltr'>per</span> <span class='ocrx_word' id='word_1_81' title='bbox 1458 700 1725 743; x_wconf 85' lang='lat' dir='ltr'>Iheremiam:</span> 
     </span>
     <span class='ocr_line' id='line_1_10' title="bbox 50 768 1726 826; baseline 0.001 -14"><span class='ocrx_word' id='word_1_82' title='bbox 50 768 236 812; x_wconf 86' lang='lat' dir='ltr'>Scribam</span> <span class='ocrx_word' id='word_1_83' title='bbox 268 770 398 824; x_wconf 86' lang='lat' dir='ltr'>legem</span> <span class='ocrx_word' id='word_1_84' title='bbox 432 784 566 812; x_wconf 88' lang='lat' dir='ltr'>meam</span> <span class='ocrx_word' id='word_1_85' title='bbox 598 771 640 812; x_wconf 90' lang='lat' dir='ltr'>in</span> <span class='ocrx_word' id='word_1_86' title='bbox 672 771 862 813; x_wconf 81' lang='lat' dir='ltr'>cordibus</span> <span class='ocrx_word' id='word_1_87' title='bbox 894 785 1047 814; x_wconf 89' lang='lat' dir='ltr'>eorum.</span> <span class='ocrx_word' id='word_1_88' title='bbox 1095 771 1237 813; x_wconf 87' lang='lat' dir='ltr'>Prima</span> <span class='ocrx_word' id='word_1_89' title='bbox 1259 775 1395 813; x_wconf 88' lang='lat' dir='ltr'>autem</span> <span class='ocrx_word' id='word_1_90' title='bbox 1417 771 1497 826; x_wconf 85' lang='lat' dir='ltr'>lex,</span> <span class='ocrx_word' id='word_1_91' title='bbox 1532 785 1612 826; x_wconf 86' lang='lat' dir='ltr'>qua</span> <span class='ocrx_word' id='word_1_92' title='bbox 1634 786 1726 814; x_wconf 91' lang='lat' dir='ltr'>cum</span> 
     </span>
     <span class='ocr_line' id='line_1_11' title="bbox 49 840 1728 897; baseline 0.001 -15"><span class='ocrx_word' id='word_1_93' title='bbox 49 840 123 883; x_wconf 90' lang='lat' dir='ltr'>deo</span> <span class='ocrx_word' id='word_1_94' title='bbox 155 840 351 895; x_wconf 78' lang='lat' dir='ltr'>ligamur,</span> <span class='ocrx_word' id='word_1_95' title='bbox 385 845 446 883; x_wconf 85' lang='lat' dir='ltr'>est</span> <span class='ocrx_word' id='word_1_96' title='bbox 484 840 604 895; x_wconf 89' lang='lat' dir='ltr'>fides,</span> <span class='ocrx_word' id='word_1_97' title='bbox 645 842 825 884; x_wconf 86' lang='lat' dir='ltr'>secunda</span> <span class='ocrx_word' id='word_1_98' title='bbox 864 856 957 897; x_wconf 89' lang='lat' dir='ltr'>spes</span> <span class='ocrx_word' id='word_1_99' title='bbox 1002 846 1042 884; x_wconf 96' lang='lat' dir='ltr'>et</span> <span class='ocrx_word' id='word_1_100' title='bbox 1080 842 1209 884; x_wconf 86' lang='lat' dir='ltr'>tercia</span> <span class='ocrx_word' id='word_1_101' title='bbox 1241 843 1404 885; x_wconf 87' lang='lat' dir='ltr'>caritas.</span> <span class='ocrx_word' id='word_1_102' title='bbox 1458 842 1559 885; x_wconf 87' lang='lat' dir='ltr'>Item</span> <span class='ocrx_word' id='word_1_103' title='bbox 1594 843 1728 885; x_wconf 88' lang='lat' dir='ltr'>hostia</span> 
     </span>
     <span class='ocr_line' id='line_1_12' title="bbox 48 911 1726 969; baseline 0.001 -15"><span class='ocrx_word' id='word_1_104' title='bbox 48 916 143 967; x_wconf 91' lang='lat' dir='ltr'>post</span> <span class='ocrx_word' id='word_1_105' title='bbox 172 912 314 955; x_wconf 83' lang='lat' dir='ltr'>literas</span> <span class='ocrx_word' id='word_1_106' title='bbox 345 911 543 954; x_wconf 88' lang='lat' dir='ltr'>circulum</span> <span class='ocrx_word' id='word_1_107' title='bbox 575 913 770 967; x_wconf 89' lang='lat' dir='ltr'>continet,</span> <span class='ocrx_word' id='word_1_108' title='bbox 805 914 846 955; x_wconf 90' lang='lat' dir='ltr'>in</span> <span class='ocrx_word' id='word_1_109' title='bbox 871 927 949 969; x_wconf 89' lang='lat' dir='ltr'>quo</span> <span class='ocrx_word' id='word_1_110' title='bbox 972 917 1139 955; x_wconf 90' lang='lat' dir='ltr'>notatur</span> <span class='ocrx_word' id='word_1_111' title='bbox 1163 913 1372 967; x_wconf 88' lang='lat' dir='ltr'>eternitas,</span> <span class='ocrx_word' id='word_1_112' title='bbox 1408 926 1484 967; x_wconf 87' lang='lat' dir='ltr'>que</span> <span class='ocrx_word' id='word_1_113' title='bbox 1506 927 1581 956; x_wconf 91' lang='lat' dir='ltr'>nec</span> <span class='ocrx_word' id='word_1_114' title='bbox 1614 914 1726 969; x_wconf 88' lang='lat' dir='ltr'>prin-</span> 
     </span>
     <span class='ocr_line' id='line_1_13' title="bbox 48 982 1725 1040; baseline 0.001 -15"><span class='ocrx_word' id='word_1_115' title='bbox 48 983 202 1038; x_wconf 86' lang='lat' dir='ltr'>cipium</span> <span class='ocrx_word' id='word_1_116' title='bbox 232 997 307 1026; x_wconf 92' lang='lat' dir='ltr'>nec</span> <span class='ocrx_word' id='word_1_117' title='bbox 327 982 451 1026; x_wconf 90' lang='lat' dir='ltr'>finem</span> <span class='ocrx_word' id='word_1_118' title='bbox 476 983 599 1026; x_wconf 87' lang='lat' dir='ltr'>habet</span> <span class='ocrx_word' id='word_1_119' title='bbox 623 984 674 1025; x_wconf 90' lang='lat' dir='ltr'>ad</span> <span class='ocrx_word' id='word_1_120' title='bbox 697 998 818 1039; x_wconf 90' lang='lat' dir='ltr'>quam</span> <span class='ocrx_word' id='word_1_121' title='bbox 846 985 1106 1040; x_wconf 83' lang='lat' dir='ltr'>pervenimus</span> <span class='ocrx_word' id='word_1_122' title='bbox 1138 998 1212 1040; x_wconf 90' lang='lat' dir='ltr'>per</span> <span class='ocrx_word' id='word_1_123' title='bbox 1238 984 1404 1038; x_wconf 84' lang='lat' dir='ltr'>dignam</span> <span class='ocrx_word' id='word_1_124' title='bbox 1431 985 1725 1040; x_wconf 88' lang='lat' dir='ltr'>sumpcionem.</span> 
     </span>
     <span class='ocr_line' id='line_1_14' title="bbox 47 1053 1726 1110; baseline 0.001 -13"><span class='ocrx_word' id='word_1_125' title='bbox 47 1053 148 1097; x_wconf 85' lang='lat' dir='ltr'>Item</span> <span class='ocrx_word' id='word_1_126' title='bbox 171 1055 306 1097; x_wconf 89' lang='lat' dir='ltr'>hostia</span> <span class='ocrx_word' id='word_1_127' title='bbox 327 1054 588 1097; x_wconf 89' lang='lat' dir='ltr'>latitudinem</span> <span class='ocrx_word' id='word_1_128' title='bbox 610 1055 746 1109; x_wconf 89' lang='lat' dir='ltr'>habet,</span> <span class='ocrx_word' id='word_1_129' title='bbox 779 1069 857 1110; x_wconf 88' lang='lat' dir='ltr'>que</span> <span class='ocrx_word' id='word_1_130' title='bbox 879 1055 1091 1098; x_wconf 88' lang='lat' dir='ltr'>caritatem</span> <span class='ocrx_word' id='word_1_131' title='bbox 1114 1055 1277 1109; x_wconf 85' lang='lat' dir='ltr'>figurat,</span> <span class='ocrx_word' id='word_1_132' title='bbox 1308 1055 1726 1110; x_wconf 85' lang='lat' dir='ltr'>que&#39;circumquaque</span> 
     </span>
     <span class='ocr_line' id='line_1_15' title="bbox 48 1125 1726 1183; baseline 0 -15"><span class='ocrx_word' id='word_1_133' title='bbox 48 1125 258 1168; x_wconf 90' lang='lat' dir='ltr'>dilatatur.</span> <span class='ocrx_word' id='word_1_134' title='bbox 310 1125 411 1169; x_wconf 89' lang='lat' dir='ltr'>Item</span> <span class='ocrx_word' id='word_1_135' title='bbox 444 1125 579 1168; x_wconf 91' lang='lat' dir='ltr'>hostia</span> <span class='ocrx_word' id='word_1_136' title='bbox 610 1130 673 1168; x_wconf 90' lang='lat' dir='ltr'>est</span> <span class='ocrx_word' id='word_1_137' title='bbox 700 1127 836 1169; x_wconf 91' lang='lat' dir='ltr'>tenuis</span> <span class='ocrx_word' id='word_1_138' title='bbox 859 1130 899 1169; x_wconf 90' lang='lat' dir='ltr'>et</span> <span class='ocrx_word' id='word_1_139' title='bbox 920 1127 1041 1181; x_wconf 88' lang='lat' dir='ltr'>sicca,</span> <span class='ocrx_word' id='word_1_140' title='bbox 1074 1140 1148 1183; x_wconf 91' lang='lat' dir='ltr'>per</span> <span class='ocrx_word' id='word_1_141' title='bbox 1169 1140 1246 1182; x_wconf 90' lang='lat' dir='ltr'>que</span> <span class='ocrx_word' id='word_1_142' title='bbox 1268 1129 1435 1168; x_wconf 89' lang='lat' dir='ltr'>notatur</span> <span class='ocrx_word' id='word_1_143' title='bbox 1457 1126 1610 1182; x_wconf 79' lang='lat' dir='ltr'>duplex</span> <span class='ocrx_word' id='word_1_144' title='bbox 1633 1126 1726 1168; x_wconf 89' lang='lat' dir='ltr'>abs-</span> 
     </span>
     <span class='ocr_line' id='line_1_16' title="bbox 47 1197 1725 1254; baseline -0.001 -15"><span class='ocrx_word' id='word_1_145' title='bbox 47 1197 246 1251; x_wconf 90' lang='lat' dir='ltr'>tinencia,</span> <span class='ocrx_word' id='word_1_146' title='bbox 279 1210 353 1254; x_wconf 92' lang='lat' dir='ltr'>per</span> <span class='ocrx_word' id='word_1_147' title='bbox 383 1197 625 1239; x_wconf 84' lang='lat' dir='ltr'>tenuitatem</span> <span class='ocrx_word' id='word_1_148' title='bbox 659 1197 842 1240; x_wconf 89' lang='lat' dir='ltr'>ciborum</span> <span class='ocrx_word' id='word_1_149' title='bbox 875 1198 1075 1253; x_wconf 89' lang='lat' dir='ltr'>parcitas,</span> <span class='ocrx_word' id='word_1_150' title='bbox 1108 1210 1181 1253; x_wconf 91' lang='lat' dir='ltr'>per</span> <span class='ocrx_word' id='word_1_151' title='bbox 1216 1197 1443 1239; x_wconf 89' lang='lat' dir='ltr'>siccitatem</span> <span class='ocrx_word' id='word_1_152' title='bbox 1475 1201 1620 1240; x_wconf 89' lang='lat' dir='ltr'>contra</span> <span class='ocrx_word' id='word_1_153' title='bbox 1650 1197 1725 1239; x_wconf 93' lang='lat' dir='ltr'>hu-</span> 
     </span>
     <span class='ocr_line' id='line_1_17' title="bbox 47 1267 1727 1324; baseline 0.001 -14"><span class='ocrx_word' id='word_1_154' title='bbox 47 1267 253 1310; x_wconf 88' lang='lat' dir='ltr'>midorum</span> <span class='ocrx_word' id='word_1_155' title='bbox 294 1267 618 1324; x_wconf 87' lang='lat' dir='ltr'>superfluitatem</span> <span class='ocrx_word' id='word_1_156' title='bbox 658 1268 871 1311; x_wconf 81' lang='lat' dir='ltr'>sobrietas.</span> <span class='ocrx_word' id='word_1_157' title='bbox 934 1268 1012 1319; x_wconf 86' lang='lat' dir='ltr'>Qui</span> <span class='ocrx_word' id='word_1_158' title='bbox 1049 1268 1175 1322; x_wconf 87' lang='lat' dir='ltr'>igitur</span> <span class='ocrx_word' id='word_1_159' title='bbox 1212 1281 1319 1323; x_wconf 88' lang='lat' dir='ltr'>pane</span> <span class='ocrx_word' id='word_1_160' title='bbox 1358 1268 1541 1324; x_wconf 88' lang='lat' dir='ltr'>predicto</span> <span class='ocrx_word' id='word_1_161' title='bbox 1583 1268 1727 1311; x_wconf 90' lang='lat' dir='ltr'>volunt</span> 
     </span>
     <span class='ocr_line' id='line_1_18' title="bbox 47 1337 1726 1394; baseline 0.001 -13"><span class='ocrx_word' id='word_1_162' title='bbox 47 1337 171 1393; x_wconf 88' lang='lat' dir='ltr'>refici,</span> <span class='ocrx_word' id='word_1_163' title='bbox 204 1340 288 1381; x_wconf 90' lang='lat' dir='ltr'>sint</span> <span class='ocrx_word' id='word_1_164' title='bbox 316 1339 506 1394; x_wconf 88' lang='lat' dir='ltr'>inscripti</span> <span class='ocrx_word' id='word_1_165' title='bbox 538 1352 612 1394; x_wconf 90' lang='lat' dir='ltr'>per</span> <span class='ocrx_word' id='word_1_166' title='bbox 642 1337 777 1394; x_wconf 89' lang='lat' dir='ltr'>fidem,</span> <span class='ocrx_word' id='word_1_167' title='bbox 811 1338 1009 1382; x_wconf 89' lang='lat' dir='ltr'>circulum</span> <span class='ocrx_word' id='word_1_168' title='bbox 1039 1339 1237 1381; x_wconf 85' lang='lat' dir='ltr'>habentes</span> <span class='ocrx_word' id='word_1_169' title='bbox 1267 1352 1341 1394; x_wconf 92' lang='lat' dir='ltr'>per</span> <span class='ocrx_word' id='word_1_170' title='bbox 1363 1343 1597 1382; x_wconf 90' lang='lat' dir='ltr'>eternorum</span> <span class='ocrx_word' id='word_1_171' title='bbox 1631 1352 1726 1382; x_wconf 90' lang='lat' dir='ltr'>con-</span> 
     </span>
     <span class='ocr_line' id='line_1_19' title="bbox 46 1409 1725 1466; baseline 0.001 -14"><span class='ocrx_word' id='word_1_172' title='bbox 46 1409 377 1466; x_wconf 78' lang='lat' dir='ltr'>templacionem,</span> <span class='ocrx_word' id='word_1_173' title='bbox 410 1410 572 1452; x_wconf 86' lang='lat' dir='ltr'>dilatati</span> <span class='ocrx_word' id='word_1_174' title='bbox 602 1423 677 1465; x_wconf 90' lang='lat' dir='ltr'>per</span> <span class='ocrx_word' id='word_1_175' title='bbox 708 1411 936 1453; x_wconf 91' lang='lat' dir='ltr'>caritatem.</span> <span class='ocrx_word' id='word_1_176' title='bbox 989 1410 1091 1453; x_wconf 89' lang='lat' dir='ltr'>Item</span> <span class='ocrx_word' id='word_1_177' title='bbox 1123 1410 1259 1453; x_wconf 88' lang='lat' dir='ltr'>hostia</span> <span class='ocrx_word' id='word_1_178' title='bbox 1281 1415 1343 1453; x_wconf 90' lang='lat' dir='ltr'>est</span> <span class='ocrx_word' id='word_1_179' title='bbox 1364 1410 1477 1453; x_wconf 87' lang='lat' dir='ltr'>alba:</span> <span class='ocrx_word' id='word_1_180' title='bbox 1509 1411 1568 1454; x_wconf 91' lang='lat' dir='ltr'>sic</span> <span class='ocrx_word' id='word_1_181' title='bbox 1589 1414 1630 1454; x_wconf 91' lang='lat' dir='ltr'>et</span> <span class='ocrx_word' id='word_1_182' title='bbox 1651 1425 1725 1454; x_wconf 90' lang='lat' dir='ltr'>nos</span> 
     </span>
     <span class='ocr_line' id='line_1_20' title="bbox 47 1481 1724 1524; baseline 0 -1"><span class='ocrx_word' id='word_1_183' title='bbox 47 1485 191 1524; x_wconf 89' lang='lat' dir='ltr'>contra</span> <span class='ocrx_word' id='word_1_184' title='bbox 220 1481 441 1523; x_wconf 78' lang='lat' dir='ltr'>luxuriam.</span> <span class='ocrx_word' id='word_1_185' title='bbox 493 1481 595 1524; x_wconf 90' lang='lat' dir='ltr'>Item</span> <span class='ocrx_word' id='word_1_186' title='bbox 636 1485 698 1523; x_wconf 87' lang='lat' dir='ltr'>est</span> <span class='ocrx_word' id='word_1_187' title='bbox 735 1481 858 1524; x_wconf 91' lang='lat' dir='ltr'>levis:</span> <span class='ocrx_word' id='word_1_188' title='bbox 899 1481 957 1524; x_wconf 90' lang='lat' dir='ltr'>sic</span> <span class='ocrx_word' id='word_1_189' title='bbox 996 1485 1036 1524; x_wconf 91' lang='lat' dir='ltr'>et</span> <span class='ocrx_word' id='word_1_190' title='bbox 1074 1495 1148 1523; x_wconf 87' lang='lat' dir='ltr'>nos</span> <span class='ocrx_word' id='word_1_191' title='bbox 1180 1485 1323 1523; x_wconf 89' lang='lat' dir='ltr'>contra</span> <span class='ocrx_word' id='word_1_192' title='bbox 1355 1481 1566 1524; x_wconf 82' lang='lat' dir='ltr'>accidiam.</span> <span class='ocrx_word' id='word_1_193' title='bbox 1622 1481 1724 1524; x_wconf 92' lang='lat' dir='ltr'>Item</span> 
     </span>
     <span class='ocr_line' id='line_1_21' title="bbox 46 1551 1725 1607; baseline 0.001 -13"><span class='ocrx_word' id='word_1_194' title='bbox 46 1552 209 1594; x_wconf 89' lang='lat' dir='ltr'>modica</span> <span class='ocrx_word' id='word_1_195' title='bbox 238 1552 282 1594; x_wconf 87' lang='lat' dir='ltr'>id</span> <span class='ocrx_word' id='word_1_196' title='bbox 313 1556 376 1595; x_wconf 91' lang='lat' dir='ltr'>est</span> <span class='ocrx_word' id='word_1_197' title='bbox 405 1552 571 1594; x_wconf 86' lang='lat' dir='ltr'>humilis</span> <span class='ocrx_word' id='word_1_198' title='bbox 603 1556 746 1594; x_wconf 89' lang='lat' dir='ltr'>contra</span> <span class='ocrx_word' id='word_1_199' title='bbox 777 1552 1026 1607; x_wconf 87' lang='lat' dir='ltr'>superbiam.</span> <span class='ocrx_word' id='word_1_200' title='bbox 1076 1551 1120 1593; x_wconf 86' lang='lat' dir='ltr'>Si</span> <span class='ocrx_word' id='word_1_201' title='bbox 1146 1556 1283 1594; x_wconf 87' lang='lat' dir='ltr'>autem</span> <span class='ocrx_word' id='word_1_202' title='bbox 1304 1553 1408 1595; x_wconf 86' lang='lat' dir='ltr'>tales</span> <span class='ocrx_word' id='word_1_203' title='bbox 1441 1566 1596 1607; x_wconf 81' lang='lat' dir='ltr'>sumuS,</span> <span class='ocrx_word' id='word_1_204' title='bbox 1628 1556 1725 1596; x_wconf 90' lang='lat' dir='ltr'>tunc</span> 
     </span>
     <span class='ocr_line' id='line_1_22' title="bbox 46 1623 1724 1679; baseline 0.001 -15"><span class='ocrx_word' id='word_1_205' title='bbox 46 1635 196 1678; x_wconf 90' lang='lat' dir='ltr'>panem</span> <span class='ocrx_word' id='word_1_206' title='bbox 227 1626 414 1666; x_wconf 92' lang='lat' dir='ltr'>nostrum</span> <span class='ocrx_word' id='word_1_207' title='bbox 446 1624 699 1666; x_wconf 88' lang='lat' dir='ltr'>cotidianum</span> <span class='ocrx_word' id='word_1_208' title='bbox 731 1623 850 1665; x_wconf 82' lang='lat' dir='ltr'>nobis</span> <span class='ocrx_word' id='word_1_209' title='bbox 883 1623 933 1665; x_wconf 88' lang='lat' dir='ltr'>ad</span> <span class='ocrx_word' id='word_1_210' title='bbox 955 1623 1177 1665; x_wconf 83' lang='lat' dir='ltr'>utilitatem</span> <span class='ocrx_word' id='word_1_211' title='bbox 1200 1627 1384 1666; x_wconf 87' lang='lat' dir='ltr'>nostram</span> <span class='ocrx_word' id='word_1_212' title='bbox 1411 1624 1501 1666; x_wconf 91' lang='lat' dir='ltr'>dari</span> <span class='ocrx_word' id='word_1_213' title='bbox 1523 1624 1724 1679; x_wconf 81' lang='lat' dir='ltr'>petimus3</span> 
     </span>
     <span class='ocr_line' id='line_1_23' title="bbox 47 1693 1725 1750; baseline 0.001 -14"><span class='ocrx_word' id='word_1_214' title='bbox 47 1693 228 1749; x_wconf 87' lang='lat' dir='ltr'>alioquin</span> <span class='ocrx_word' id='word_1_215' title='bbox 259 1707 342 1736; x_wconf 89' lang='lat' dir='ltr'>non</span> <span class='ocrx_word' id='word_1_216' title='bbox 372 1707 448 1750; x_wconf 90' lang='lat' dir='ltr'>pro</span> <span class='ocrx_word' id='word_1_217' title='bbox 479 1695 619 1749; x_wconf 87' lang='lat' dir='ltr'>nobis,</span> <span class='ocrx_word' id='word_1_218' title='bbox 653 1694 726 1738; x_wconf 89' lang='lat' dir='ltr'>sed</span> <span class='ocrx_word' id='word_1_219' title='bbox 757 1698 901 1737; x_wconf 90' lang='lat' dir='ltr'>contra</span> <span class='ocrx_word' id='word_1_220' title='bbox 930 1707 1005 1737; x_wconf 85' lang='lat' dir='ltr'>nos</span> <span class='ocrx_word' id='word_1_221' title='bbox 1038 1698 1120 1748; x_wconf 90' lang='lat' dir='ltr'>est,</span> <span class='ocrx_word' id='word_1_222' title='bbox 1155 1695 1347 1750; x_wconf 88' lang='lat' dir='ltr'>quoniam</span> <span class='ocrx_word' id='word_1_223' title='bbox 1382 1695 1481 1737; x_wconf 89' lang='lat' dir='ltr'>dicit</span> <span class='ocrx_word' id='word_1_224' title='bbox 1513 1695 1725 1750; x_wconf 85' lang='lat' dir='ltr'>apostolus</span> 
     </span>
     <span class='ocr_line' id='line_1_24' title="bbox 47 1764 1723 1820; baseline 0.001 -14"><span class='ocrx_word' id='word_1_225' title='bbox 47 1765 182 1820; x_wconf 91' lang='lat' dir='ltr'>prima</span> <span class='ocrx_word' id='word_1_226' title='bbox 214 1765 265 1807; x_wconf 89' lang='lat' dir='ltr'>ad</span> <span class='ocrx_word' id='word_1_227' title='bbox 296 1764 479 1808; x_wconf 90' lang='lat' dir='ltr'>Corinth.</span> <span class='ocrx_word' id='word_1_228' title='bbox 503 1779 570 1808; x_wconf 77' lang='lat' dir='ltr'>XI:</span> <span class='ocrx_word' id='word_1_229' title='bbox 603 1765 680 1816; x_wconf 85' lang='lat' dir='ltr'>Qui</span> <span class='ocrx_word' id='word_1_230' title='bbox 711 1765 933 1808; x_wconf 86' lang='lat' dir='ltr'>manducat</span> <span class='ocrx_word' id='word_1_231' title='bbox 954 1765 1134 1820; x_wconf 82' lang='lat' dir='ltr'>indigne,</span> <span class='ocrx_word' id='word_1_232' title='bbox 1161 1766 1364 1820; x_wconf 89' lang='lat' dir='ltr'>judicium</span> <span class='ocrx_word' id='word_1_233' title='bbox 1387 1766 1466 1808; x_wconf 87' lang='lat' dir='ltr'>sibi</span> <span class='ocrx_word' id='word_1_234' title='bbox 1489 1765 1723 1808; x_wconf 88' lang='lat' dir='ltr'>manducat.</span> 
     </span>
     <span class='ocr_line' id='line_1_25' title="bbox 46 1835 1726 1892; baseline 0.001 -14"><span class='ocrx_word' id='word_1_235' title='bbox 46 1835 149 1878; x_wconf 92' lang='lat' dir='ltr'>Item</span> <span class='ocrx_word' id='word_1_236' title='bbox 181 1836 314 1879; x_wconf 89' lang='lat' dir='ltr'>hostia</span> <span class='ocrx_word' id='word_1_237' title='bbox 345 1841 407 1879; x_wconf 89' lang='lat' dir='ltr'>est</span> <span class='ocrx_word' id='word_1_238' title='bbox 439 1837 573 1879; x_wconf 86' lang='lat' dir='ltr'>azima</span> <span class='ocrx_word' id='word_1_239' title='bbox 604 1837 691 1879; x_wconf 91' lang='lat' dir='ltr'>sine</span> <span class='ocrx_word' id='word_1_240' title='bbox 712 1837 914 1879; x_wconf 87' lang='lat' dir='ltr'>fermento</span> <span class='ocrx_word' id='word_1_241' title='bbox 938 1840 1081 1879; x_wconf 86' lang='lat' dir='ltr'>contra</span> <span class='ocrx_word' id='word_1_242' title='bbox 1103 1837 1422 1879; x_wconf 82' lang='lat' dir='ltr'>amaritudinem</span> <span class='ocrx_word' id='word_1_243' title='bbox 1445 1837 1613 1891; x_wconf 85' lang='lat' dir='ltr'>invidie,</span> <span class='ocrx_word' id='word_1_244' title='bbox 1648 1850 1726 1892; x_wconf 88' lang='lat' dir='ltr'>que</span> 
     </span>
     <span class='ocr_line' id='line_1_26' title="bbox 48 1907 1727 1963; baseline 0.001 -15"><span class='ocrx_word' id='word_1_245' title='bbox 48 1907 319 1962; x_wconf 87' lang='lat' dir='ltr'>spiritualiter</span> <span class='ocrx_word' id='word_1_246' title='bbox 348 1908 538 1963; x_wconf 89' lang='lat' dir='ltr'>nequicia</span> <span class='ocrx_word' id='word_1_247' title='bbox 568 1908 729 1950; x_wconf 91' lang='lat' dir='ltr'>dicitur.</span> <span class='ocrx_word' id='word_1_248' title='bbox 777 1907 894 1950; x_wconf 91' lang='lat' dir='ltr'>Unde</span> <span class='ocrx_word' id='word_1_249' title='bbox 919 1908 1129 1963; x_wconf 89' lang='lat' dir='ltr'>apostolus</span> <span class='ocrx_word' id='word_1_250' title='bbox 1152 1921 1168 1950; x_wconf 92' lang='lat'>1</span> <span class='ocrx_word' id='word_1_251' title='bbox 1189 1907 1372 1950; x_wconf 87' lang='lat' dir='ltr'>Corinth.</span> <span class='ocrx_word' id='word_1_252' title='bbox 1398 1921 1465 1950; x_wconf 83' lang='lat' dir='ltr'>XI:</span> <span class='ocrx_word' id='word_1_253' title='bbox 1497 1907 1727 1963; x_wconf 90' lang='lat' dir='ltr'>Epulemur</span> 
     </span>
     <span class='ocr_line' id='line_1_27' title="bbox 46 1978 1727 2033; baseline 0.001 -13"><span class='ocrx_word' id='word_1_254' title='bbox 46 1991 128 2020; x_wconf 91' lang='lat' dir='ltr'>non</span> <span class='ocrx_word' id='word_1_255' title='bbox 159 1979 202 2020; x_wconf 90' lang='lat' dir='ltr'>in</span> <span class='ocrx_word' id='word_1_256' title='bbox 232 1978 434 2021; x_wconf 90' lang='lat' dir='ltr'>fermento</span> <span class='ocrx_word' id='word_1_257' title='bbox 465 1979 628 2021; x_wconf 88' lang='lat' dir='ltr'>malicie</span> <span class='ocrx_word' id='word_1_258' title='bbox 660 1982 701 2021; x_wconf 91' lang='lat' dir='ltr'>et</span> <span class='ocrx_word' id='word_1_259' title='bbox 730 1979 930 2033; x_wconf 90' lang='lat' dir='ltr'>nequicie,</span> <span class='ocrx_word' id='word_1_260' title='bbox 964 1979 1035 2022; x_wconf 89' lang='lat' dir='ltr'>sed</span> <span class='ocrx_word' id='word_1_261' title='bbox 1064 1979 1108 2021; x_wconf 91' lang='lat' dir='ltr'>in</span> <span class='ocrx_word' id='word_1_262' title='bbox 1141 1979 1286 2021; x_wconf 85' lang='lat' dir='ltr'>azimis</span> <span class='ocrx_word' id='word_1_263' title='bbox 1318 1979 1568 2021; x_wconf 88' lang='lat' dir='ltr'>sinceritatis</span> <span class='ocrx_word' id='word_1_264' title='bbox 1599 1983 1638 2022; x_wconf 89' lang='lat' dir='ltr'>et</span> <span class='ocrx_word' id='word_1_265' title='bbox 1658 1992 1727 2021; x_wconf 86' lang='lat' dir='ltr'>ve-</span> 
     </span>
     <span class='ocr_line' id='line_1_28' title="bbox 47 2038 1727 2093; baseline 0 -2"><span class='ocrx_word' id='word_1_266' title='bbox 47 2049 194 2092; x_wconf 87' lang='lat' dir='ltr'>ritatis.</span> <span class='ocrx_word' id='word_1_267' title='bbox 247 2049 351 2092; x_wconf 89' lang='lat' dir='ltr'>Item</span> <span class='ocrx_word' id='word_1_268' title='bbox 382 2050 646 2093; x_wconf 85' lang='lat' dir='ltr'>frumenticia</span> <span class='ocrx_word' id='word_1_269' title='bbox 677 2053 740 2092; x_wconf 88' lang='lat' dir='ltr'>est</span> <span class='ocrx_word' id='word_1_270' title='bbox 771 2053 811 2092; x_wconf 90' lang='lat' dir='ltr'>et</span> <span class='ocrx_word' id='word_1_271' title='bbox 841 2049 918 2092; x_wconf 91' lang='lat' dir='ltr'>hoc</span> <span class='ocrx_word' id='word_1_272' title='bbox 948 2053 1092 2093; x_wconf 88' lang='lat' dir='ltr'>contra</span> <span class='ocrx_word' id='word_1_273' title='bbox 1112 2050 1231 2092; x_wconf 91' lang='lat' dir='ltr'>iram.</span> <span class='ocrx_word' id='word_1_274' title='bbox 1280 2038 1465 2092; x_wconf 83' lang='lat' dir='ltr'>Granum</span> <span class='ocrx_word' id='word_1_275' title='bbox 1498 2049 1608 2092; x_wconf 91' lang='lat' dir='ltr'>enim</span> <span class='ocrx_word' id='word_1_276' title='bbox 1640 2049 1727 2091; x_wconf 89' lang='lat' dir='ltr'>fru-</span> 
     </span>
     <span class='ocr_line' id='line_1_29' title="bbox 46 2120 1727 2177; baseline 0 -15"><span class='ocrx_word' id='word_1_277' title='bbox 46 2120 176 2163; x_wconf 90' lang='lat' dir='ltr'>menti</span> <span class='ocrx_word' id='word_1_278' title='bbox 205 2120 298 2163; x_wconf 91' lang='lat' dir='ltr'>lene</span> <span class='ocrx_word' id='word_1_279' title='bbox 329 2125 391 2163; x_wconf 90' lang='lat' dir='ltr'>est</span> <span class='ocrx_word' id='word_1_280' title='bbox 422 2125 462 2163; x_wconf 91' lang='lat' dir='ltr'>et</span> <span class='ocrx_word' id='word_1_281' title='bbox 482 2121 652 2177; x_wconf 87' lang='lat' dir='ltr'>planum</span> <span class='ocrx_word' id='word_1_282' title='bbox 675 2122 763 2164; x_wconf 90' lang='lat' dir='ltr'>sine</span> <span class='ocrx_word' id='word_1_283' title='bbox 784 2121 1022 2177; x_wconf 86' lang='lat' dir='ltr'>asperitate,</span> <span class='ocrx_word' id='word_1_284' title='bbox 1055 2120 1128 2163; x_wconf 88' lang='lat' dir='ltr'>sed</span> <span class='ocrx_word' id='word_1_285' title='bbox 1149 2121 1212 2163; x_wconf 89' lang='lat' dir='ltr'>ira</span> <span class='ocrx_word' id='word_1_286' title='bbox 1232 2121 1441 2164; x_wconf 91' lang='lat' dir='ltr'>hominem</span> <span class='ocrx_word' id='word_1_287' title='bbox 1465 2121 1727 2163; x_wconf 90' lang='lat' dir='ltr'>vehementer</span> 
     </span>
     <span class='ocr_line' id='line_1_30' title="bbox 49 2192 1726 2248; baseline 0 -14"><span class='ocrx_word' id='word_1_288' title='bbox 49 2194 279 2246; x_wconf 86' lang='lat' dir='ltr'>exasperat,</span> <span class='ocrx_word' id='word_1_289' title='bbox 312 2192 369 2234; x_wconf 86' lang='lat' dir='ltr'>ita</span> <span class='ocrx_word' id='word_1_290' title='bbox 401 2192 509 2246; x_wconf 92' lang='lat' dir='ltr'>quod</span> <span class='ocrx_word' id='word_1_291' title='bbox 540 2196 710 2248; x_wconf 87' lang='lat' dir='ltr'>propter</span> <span class='ocrx_word' id='word_1_292' title='bbox 741 2206 858 2234; x_wconf 88' lang='lat' dir='ltr'>suam</span> <span class='ocrx_word' id='word_1_293' title='bbox 891 2192 1158 2247; x_wconf 87' lang='lat' dir='ltr'>asperitatem</span> <span class='ocrx_word' id='word_1_294' title='bbox 1181 2192 1248 2234; x_wconf 76' lang='lat' dir='ltr'>vix</span> <span class='ocrx_word' id='word_1_295' title='bbox 1273 2192 1420 2246; x_wconf 89' lang='lat' dir='ltr'>aliquis</span> <span class='ocrx_word' id='word_1_296' title='bbox 1444 2205 1534 2234; x_wconf 90' lang='lat' dir='ltr'>eum</span> <span class='ocrx_word' id='word_1_297' title='bbox 1560 2195 1726 2245; x_wconf 87' lang='lat' dir='ltr'>tangere</span> 
     </span>
     <span class='ocr_line' id='line_1_31' title="bbox 49 2261 1726 2319; baseline 0 -15"><span class='ocrx_word' id='word_1_298' title='bbox 49 2261 209 2304; x_wconf 87' lang='lat' dir='ltr'>audeat.</span> <span class='ocrx_word' id='word_1_299' title='bbox 261 2261 362 2305; x_wconf 91' lang='lat' dir='ltr'>Item</span> <span class='ocrx_word' id='word_1_300' title='bbox 395 2263 530 2305; x_wconf 88' lang='lat' dir='ltr'>hostia</span> <span class='ocrx_word' id='word_1_301' title='bbox 562 2266 624 2305; x_wconf 89' lang='lat' dir='ltr'>est</span> <span class='ocrx_word' id='word_1_302' title='bbox 653 2263 920 2319; x_wconf 85' lang='lat' dir='ltr'>impermixta</span> <span class='ocrx_word' id='word_1_303' title='bbox 952 2266 992 2305; x_wconf 93' lang='lat' dir='ltr'>et</span> <span class='ocrx_word' id='word_1_304' title='bbox 1022 2263 1240 2305; x_wconf 86' lang='lat' dir='ltr'>uniformis</span> <span class='ocrx_word' id='word_1_305' title='bbox 1273 2266 1313 2306; x_wconf 91' lang='lat' dir='ltr'>et</span> <span class='ocrx_word' id='word_1_306' title='bbox 1340 2263 1417 2305; x_wconf 89' lang='lat' dir='ltr'>hoc</span> <span class='ocrx_word' id='word_1_307' title='bbox 1439 2266 1581 2305; x_wconf 87' lang='lat' dir='ltr'>contra</span> <span class='ocrx_word' id='word_1_308' title='bbox 1612 2263 1726 2318; x_wconf 89' lang='lat' dir='ltr'>cupi-</span> 
     </span>
     <span class='ocr_line' id='line_1_32' title="bbox 49 2332 1726 2376; baseline -0.001 -1"><span class='ocrx_word' id='word_1_309' title='bbox 49 2332 230 2375; x_wconf 88' lang='lat' dir='ltr'>didatem</span> <span class='ocrx_word' id='word_1_310' title='bbox 261 2336 302 2375; x_wconf 94' lang='lat' dir='ltr'>et</span> <span class='ocrx_word' id='word_1_311' title='bbox 333 2334 568 2376; x_wconf 86' lang='lat' dir='ltr'>avariciam.</span> <span class='ocrx_word' id='word_1_312' title='bbox 617 2333 718 2376; x_wconf 88' lang='lat' dir='ltr'>Item</span> <span class='ocrx_word' id='word_1_313' title='bbox 750 2334 928 2376; x_wconf 86' lang='lat' dir='ltr'>rotunda</span> <span class='ocrx_word' id='word_1_314' title='bbox 959 2338 1022 2376; x_wconf 86' lang='lat' dir='ltr'>est</span> <span class='ocrx_word' id='word_1_315' title='bbox 1043 2338 1187 2376; x_wconf 88' lang='lat' dir='ltr'>contra</span> <span class='ocrx_word' id='word_1_316' title='bbox 1209 2334 1420 2376; x_wconf 88' lang='lat' dir='ltr'>accidiam.</span> <span class='ocrx_word' id='word_1_317' title='bbox 1471 2333 1585 2376; x_wconf 86' lang='lat' dir='ltr'>Sicut</span> <span class='ocrx_word' id='word_1_318' title='bbox 1616 2334 1726 2376; x_wconf 89' lang='lat' dir='ltr'>enim</span> 
     </span>
     <span class='ocr_line' id='line_1_33' title="bbox 47 2403 1727 2460; baseline 0.001 -15"><span class='ocrx_word' id='word_1_319' title='bbox 47 2403 167 2459; x_wconf 88' lang='lat' dir='ltr'>panis</span> <span class='ocrx_word' id='word_1_320' title='bbox 198 2404 401 2446; x_wconf 87' lang='lat' dir='ltr'>naturalis</span> <span class='ocrx_word' id='word_1_321' title='bbox 432 2418 506 2460; x_wconf 90' lang='lat' dir='ltr'>pre</span> <span class='ocrx_word' id='word_1_322' title='bbox 538 2405 685 2447; x_wconf 90' lang='lat' dir='ltr'>ceteris</span> <span class='ocrx_word' id='word_1_323' title='bbox 720 2403 840 2459; x_wconf 70' lang='lat' dir='ltr'>[lssh]</span> <span class='ocrx_word' id='word_1_324' title='bbox 876 2405 978 2447; x_wconf 89' lang='lat' dir='ltr'>cibis</span> <span class='ocrx_word' id='word_1_325' title='bbox 1010 2417 1158 2460; x_wconf 89' lang='lat' dir='ltr'>corpus</span> <span class='ocrx_word' id='word_1_326' title='bbox 1198 2404 1331 2447; x_wconf 89' lang='lat' dir='ltr'>reficit</span> <span class='ocrx_word' id='word_1_327' title='bbox 1369 2409 1409 2447; x_wconf 88' lang='lat' dir='ltr'>et</span> <span class='ocrx_word' id='word_1_328' title='bbox 1450 2408 1654 2447; x_wconf 87' lang='lat' dir='ltr'>sustentat</span> <span class='ocrx_word' id='word_1_329' title='bbox 1687 2407 1727 2447; x_wconf 91' lang='lat' dir='ltr'>et</span> 
     </span>
     <span class='ocr_line' id='line_1_34' title="bbox 49 2474 1726 2530; baseline 0.001 -14"><span class='ocrx_word' id='word_1_330' title='bbox 49 2474 189 2516; x_wconf 86' lang='lat' dir='ltr'>vinum</span> <span class='ocrx_word' id='word_1_331' title='bbox 221 2488 295 2530; x_wconf 92' lang='lat' dir='ltr'>pre</span> <span class='ocrx_word' id='word_1_332' title='bbox 315 2475 462 2518; x_wconf 87' lang='lat' dir='ltr'>ceteris</span> <span class='ocrx_word' id='word_1_333' title='bbox 483 2475 649 2530; x_wconf 90' lang='lat' dir='ltr'>potibus</span> <span class='ocrx_word' id='word_1_334' title='bbox 670 2475 876 2518; x_wconf 88' lang='lat' dir='ltr'>hominem</span> <span class='ocrx_word' id='word_1_335' title='bbox 899 2474 1069 2518; x_wconf 87' lang='lat' dir='ltr'>letificat</span> <span class='ocrx_word' id='word_1_336' title='bbox 1090 2479 1131 2517; x_wconf 90' lang='lat' dir='ltr'>et</span> <span class='ocrx_word' id='word_1_337' title='bbox 1151 2475 1342 2530; x_wconf 89' lang='lat' dir='ltr'>inebriat,</span> <span class='ocrx_word' id='word_1_338' title='bbox 1375 2476 1434 2518; x_wconf 90' lang='lat' dir='ltr'>sic</span> <span class='ocrx_word' id='word_1_339' title='bbox 1455 2488 1549 2518; x_wconf 88' lang='lat' dir='ltr'>caro</span> <span class='ocrx_word' id='word_1_340' title='bbox 1573 2474 1726 2518; x_wconf 90' lang='lat' dir='ltr'>Christi</span> 
     </span>
     <span class='ocr_line' id='line_1_35' title="bbox 49 2545 1726 2602; baseline 0.001 -14"><span class='ocrx_word' id='word_1_341' title='bbox 49 2558 125 2600; x_wconf 89' lang='lat' dir='ltr'>pre</span> <span class='ocrx_word' id='word_1_342' title='bbox 155 2546 302 2588; x_wconf 89' lang='lat' dir='ltr'>ceteris</span> <span class='ocrx_word' id='word_1_343' title='bbox 332 2546 573 2589; x_wconf 90' lang='lat' dir='ltr'>interiorem</span> <span class='ocrx_word' id='word_1_344' title='bbox 603 2546 810 2590; x_wconf 90' lang='lat' dir='ltr'>hominem</span> <span class='ocrx_word' id='word_1_345' title='bbox 843 2545 975 2588; x_wconf 89' lang='lat' dir='ltr'>reficit</span> <span class='ocrx_word' id='word_1_346' title='bbox 1014 2550 1055 2588; x_wconf 91' lang='lat' dir='ltr'>et</span> <span class='ocrx_word' id='word_1_347' title='bbox 1094 2547 1257 2600; x_wconf 86' lang='lat' dir='ltr'>saginat</span> <span class='ocrx_word' id='word_1_348' title='bbox 1287 2550 1328 2589; x_wconf 89' lang='lat' dir='ltr'>et</span> <span class='ocrx_word' id='word_1_349' title='bbox 1359 2547 1526 2600; x_wconf 86' lang='lat' dir='ltr'>sanguis</span> <span class='ocrx_word' id='word_1_350' title='bbox 1558 2560 1630 2602; x_wconf 88' lang='lat' dir='ltr'>pre</span> <span class='ocrx_word' id='word_1_351' title='bbox 1661 2559 1726 2589; x_wconf 89' lang='lat' dir='ltr'>ce-</span> 
     </span>
     <span class='ocr_line' id='line_1_36' title="bbox 50 2616 1725 2673; baseline 0.001 -15"><span class='ocrx_word' id='word_1_352' title='bbox 50 2616 149 2658; x_wconf 86' lang='lat' dir='ltr'>teris</span> <span class='ocrx_word' id='word_1_353' title='bbox 179 2616 350 2660; x_wconf 88' lang='lat' dir='ltr'>letificat</span> <span class='ocrx_word' id='word_1_354' title='bbox 381 2621 421 2660; x_wconf 85' lang='lat' dir='ltr'>et</span> <span class='ocrx_word' id='word_1_355' title='bbox 443 2618 501 2660; x_wconf 88' lang='lat' dir='ltr'>sic</span> <span class='ocrx_word' id='word_1_356' title='bbox 521 2617 712 2670; x_wconf 89' lang='lat' dir='ltr'>inebriat,</span> <span class='ocrx_word' id='word_1_357' title='bbox 744 2620 791 2659; x_wconf 94' lang='lat' dir='ltr'>ut</span> <span class='ocrx_word' id='word_1_358' title='bbox 819 2617 999 2659; x_wconf 90' lang='lat' dir='ltr'>sobrium</span> <span class='ocrx_word' id='word_1_359' title='bbox 1025 2616 1182 2659; x_wconf 88' lang='lat' dir='ltr'>reddat.</span> <span class='ocrx_word' id='word_1_360' title='bbox 1229 2616 1348 2659; x_wconf 89' lang='lat' dir='ltr'>Unde</span> <span class='ocrx_word' id='word_1_361' title='bbox 1370 2617 1573 2673; x_wconf 88' lang='lat' dir='ltr'>psalmus:</span> <span class='ocrx_word' id='word_1_362' title='bbox 1607 2616 1725 2659; x_wconf 83' lang='lat' dir='ltr'>Calix</span> 
     </span>
     <span class='ocr_line' id='line_1_37' title="bbox 50 2686 1724 2744; baseline 0.001 -15"><span class='ocrx_word' id='word_1_363' title='bbox 50 2699 165 2729; x_wconf 88' lang='lat' dir='ltr'>meus</span> <span class='ocrx_word' id='word_1_364' title='bbox 197 2687 426 2742; x_wconf 88' lang='lat' dir='ltr'>inebrians,</span> <span class='ocrx_word' id='word_1_365' title='bbox 466 2701 589 2743; x_wconf 90' lang='lat' dir='ltr'>quam</span> <span class='ocrx_word' id='word_1_366' title='bbox 620 2687 830 2744; x_wconf 89' lang='lat' dir='ltr'>preclarus</span> <span class='ocrx_word' id='word_1_367' title='bbox 863 2691 937 2730; x_wconf 87' lang='lat' dir='ltr'>est.</span> <span class='ocrx_word' id='word_1_368' title='bbox 991 2686 1092 2730; x_wconf 90' lang='lat' dir='ltr'>Item</span> <span class='ocrx_word' id='word_1_369' title='bbox 1130 2688 1250 2744; x_wconf 86' lang='lat' dir='ltr'>panis</span> <span class='ocrx_word' id='word_1_370' title='bbox 1283 2691 1346 2730; x_wconf 86' lang='lat' dir='ltr'>est</span> <span class='ocrx_word' id='word_1_371' title='bbox 1375 2688 1490 2730; x_wconf 89' lang='lat' dir='ltr'>cibus</span> <span class='ocrx_word' id='word_1_372' title='bbox 1521 2688 1724 2741; x_wconf 87' lang='lat' dir='ltr'>generalis</span> 
     </span>
     <span class='ocr_line' id='line_1_38' title="bbox 52 2757 1724 2815; baseline 0.002 -17"><span class='ocrx_word' id='word_1_373' title='bbox 52 2760 94 2799; x_wconf 89' lang='lat' dir='ltr'>et</span> <span class='ocrx_word' id='word_1_374' title='bbox 122 2758 263 2800; x_wconf 91' lang='lat' dir='ltr'>vinum</span> <span class='ocrx_word' id='word_1_375' title='bbox 301 2762 423 2814; x_wconf 82' lang='lat' dir='ltr'>potus</span> <span class='ocrx_word' id='word_1_376' title='bbox 461 2759 617 2801; x_wconf 88' lang='lat' dir='ltr'>usualis</span> <span class='ocrx_word' id='word_1_377' title='bbox 656 2758 845 2800; x_wconf 87' lang='lat' dir='ltr'>omnibus</span> <span class='ocrx_word' id='word_1_378' title='bbox 885 2762 925 2800; x_wconf 92' lang='lat' dir='ltr'>et</span> <span class='ocrx_word' id='word_1_379' title='bbox 960 2758 1070 2800; x_wconf 91' lang='lat' dir='ltr'>omni</span> <span class='ocrx_word' id='word_1_380' title='bbox 1109 2762 1308 2815; x_wconf 88' lang='lat' dir='ltr'>tempore.</span> <span class='ocrx_word' id='word_1_381' title='bbox 1363 2758 1431 2801; x_wconf 86' lang='lat' dir='ltr'>Sic</span> <span class='ocrx_word' id='word_1_382' title='bbox 1463 2757 1650 2801; x_wconf 87' lang='lat' dir='ltr'>Christus</span> <span class='ocrx_word' id='word_1_383' title='bbox 1680 2773 1724 2802; x_wconf 90' lang='lat' dir='ltr'>se</span> 
     </span>
     <span class='ocr_line' id='line_1_39' title="bbox 51 2827 1726 2885; baseline 0.001 -15"><span class='ocrx_word' id='word_1_384' title='bbox 51 2827 95 2869; x_wconf 90' lang='lat' dir='ltr'>in</span> <span class='ocrx_word' id='word_1_385' title='bbox 125 2828 260 2871; x_wconf 90' lang='lat' dir='ltr'>cibum</span> <span class='ocrx_word' id='word_1_386' title='bbox 299 2829 488 2872; x_wconf 90' lang='lat' dir='ltr'>omnibus</span> <span class='ocrx_word' id='word_1_387' title='bbox 526 2829 715 2872; x_wconf 90' lang='lat' dir='ltr'>fidelibus</span> <span class='ocrx_word' id='word_1_388' title='bbox 754 2833 796 2871; x_wconf 90' lang='lat' dir='ltr'>et</span> <span class='ocrx_word' id='word_1_389' title='bbox 834 2829 945 2871; x_wconf 91' lang='lat' dir='ltr'>omni</span> <span class='ocrx_word' id='word_1_390' title='bbox 983 2832 1167 2885; x_wconf 83' lang='lat' dir='ltr'>tempore</span> <span class='ocrx_word' id='word_1_391' title='bbox 1205 2829 1371 2872; x_wconf 81' lang='lat' dir='ltr'>exhibet</span> <span class='ocrx_word' id='word_1_392' title='bbox 1401 2829 1652 2885; x_wconf 89' lang='lat' dir='ltr'>pauperibus</span> <span class='ocrx_word' id='word_1_393' title='bbox 1685 2834 1726 2872; x_wconf 87' lang='lat' dir='ltr'>et</span> 
     </span>
    </p>
   </div>
   <div class='ocr_carea' id='block_1_3' title="bbox 42 2920 1724 3014">
    <p class='ocr_par' dir='ltr' id='par_1_3' title="bbox 42 2920 1724 3014">
     <span class='ocr_line' id='line_1_40' title="bbox 146 2920 1724 2968; baseline 0.001 -13"><span class='ocrx_word' id='word_1_394' title='bbox 146 2920 190 2955; x_wconf 85' lang='lat'>14</span> <span class='ocrx_word' id='word_1_395' title='bbox 215 2920 396 2966; x_wconf 87' lang='lat' dir='ltr'>dilatatur]</span> <span class='ocrx_word' id='word_1_396' title='bbox 423 2928 508 2968; x_wconf 73' lang='lat' dir='ltr'>oriy.</span> <span class='ocrx_word' id='word_1_397' title='bbox 525 2922 662 2957; x_wconf 85' lang='lat' dir='ltr'>dilatat.</span> <span class='ocrx_word' id='word_1_398' title='bbox 758 2922 802 2956; x_wconf 81' lang='lat'>23</span> <span class='ocrx_word' id='word_1_399' title='bbox 827 2921 953 2966; x_wconf 86' lang='lat' dir='ltr'>prima]</span> <span class='ocrx_word' id='word_1_400' title='bbox 981 2927 1065 2967; x_wconf 62' lang='lat' dir='ltr'>orig).</span> <span class='ocrx_word' id='word_1_401' title='bbox 1082 2922 1209 2966; x_wconf 89' lang='lat' dir='ltr'>primo.</span> <span class='ocrx_word' id='word_1_402' title='bbox 1298 2921 1343 2956; x_wconf 79' lang='lat'>25</span> <span class='ocrx_word' id='word_1_403' title='bbox 1368 2922 1611 2966; x_wconf 83' lang='lat' dir='ltr'>spiritualiter]</span> <span class='ocrx_word' id='word_1_404' title='bbox 1638 2927 1724 2968; x_wconf 74' lang='lat' dir='ltr'>oriy.</span> 
     </span>
     <span class='ocr_line' id='line_1_41' title="bbox 42 2975 295 3014; baseline 0.008 -2"><span class='ocrx_word' id='word_1_405' title='bbox 42 2975 295 3014; x_wconf 69' lang='lat' dir='ltr'>fermentatur.</span> 
     </span>
    </p>
   </div>
   <div class='ocr_carea' id='block_1_4' title="bbox 114 3045 1446 3088">
    <p class='ocr_par' dir='ltr' id='par_1_4' title="bbox 114 3045 1446 3088">
     <span class='ocr_line' id='line_1_42' title="bbox 114 3045 1446 3088; baseline 0.002 -11"><span class='ocrx_word' id='word_1_406' title='bbox 114 3048 330 3088; x_wconf 77' lang='lat' dir='ltr'>Oesterley,</span> <span class='ocrx_word' id='word_1_407' title='bbox 352 3050 444 3079; x_wconf 77' lang='lat' dir='ltr'>Gesta</span> <span class='ocrx_word' id='word_1_408' title='bbox 463 3051 674 3079; x_wconf 79' lang='lat' dir='ltr'>Romanorum.</span> <span class='ocrx_word' id='word_1_409' title='bbox 1401 3045 1446 3079; x_wconf 84' lang='lat'>20</span> 
     </span>
    </p>
   </div>
   <div class='ocr_carea' id='block_1_5' title="bbox 1751 493 1772 528">
    <p class='ocr_par' dir='ltr' id='par_1_5' title="bbox 1751 493 1772 528">
     <span class='ocr_line' id='line_1_43' title="bbox 1751 493 1772 528; textangle 90"><span class='ocrx_word' id='word_1_410' title='bbox 1751 493 1772 528; x_wconf 52' lang='lat' dir='ltr'>&lt;JK</span> 
     </span>
    </p>
   </div>
   <div class='ocr_carea' id='block_1_6' title="bbox 1754 847 1796 882">
    <p class='ocr_par' dir='ltr' id='par_1_6' title="bbox 1754 847 1796 882">
     <span class='ocr_line' id='line_1_44' title="bbox 1754 847 1796 882; baseline 0.024 -1"><span class='ocrx_word' id='word_1_411' title='bbox 1754 847 1796 882; x_wconf 88' lang='lat'>10</span> 
     </span>
    </p>
   </div>
   <div class='ocr_carea' id='block_1_7' title="bbox 1753 1204 1796 1238">
    <p class='ocr_par' dir='ltr' id='par_1_7' title="bbox 1753 1204 1796 1238">
     <span class='ocr_line' id='line_1_45' title="bbox 1753 1204 1796 1238; baseline 0 0"><span class='ocrx_word' id='word_1_412' title='bbox 1753 1204 1796 1238; x_wconf 88' lang='lat'>15</span> 
     </span>
    </p>
   </div>
   <div class='ocr_carea' id='block_1_8' title="bbox 1752 1557 1797 1592">
    <p class='ocr_par' dir='ltr' id='par_1_8' title="bbox 1752 1557 1797 1592">
     <span class='ocr_line' id='line_1_46' title="bbox 1752 1557 1797 1592; baseline 0 0"><span class='ocrx_word' id='word_1_413' title='bbox 1752 1557 1797 1592; x_wconf 81' lang='lat'>20</span> 
     </span>
    </p>
   </div>
   <div class='ocr_carea' id='block_1_9' title="bbox 1753 1915 1797 1950">
    <p class='ocr_par' dir='ltr' id='par_1_9' title="bbox 1753 1915 1797 1950">
     <span class='ocr_line' id='line_1_47' title="bbox 1753 1915 1797 1950; baseline 0 0"><span class='ocrx_word' id='word_1_414' title='bbox 1753 1915 1797 1950; x_wconf 82' lang='lat'>25</span> 
     </span>
    </p>
   </div>
   <div class='ocr_carea' id='block_1_10' title="bbox 1751 2271 1796 2306">
    <p class='ocr_par' dir='ltr' id='par_1_10' title="bbox 1751 2271 1796 2306">
     <span class='ocr_line' id='line_1_48' title="bbox 1751 2271 1796 2306; baseline 0 0"><span class='ocrx_word' id='word_1_415' title='bbox 1751 2271 1796 2306; x_wconf 88' lang='grc'>30</span> 
     </span>
    </p>
   </div>
   <div class='ocr_carea' id='block_1_11' title="bbox 1750 2626 1795 2661">
    <p class='ocr_par' dir='ltr' id='par_1_11' title="bbox 1750 2626 1795 2661">
     <span class='ocr_line' id='line_1_49' title="bbox 1750 2626 1795 2661; baseline 0 0"><span class='ocrx_word' id='word_1_416' title='bbox 1750 2626 1795 2661; x_wconf 87' lang='grc'>35</span> 
     </span>
    </p>
   </div>
  </div>
 </body>
</html>
