1919 3131
70 145 140 187 36.

70 288 138 330 37.

70 431 138 472 38.

71 574 138 615 39.

69 716 138 757 40.

69 859 138 900 41.

69 1000 139 1043 42.

69 1143 139 1185 43.

69 1286 139 1327 44.

70 1428 139 1470 45.

70 1571 140 1612 46.

69 1713 139 1754 47.

69 1856 139 1898 48.

69 1998 139 2040 49.

70 2141 139 2184 50.

70 2284 139 2326 51.

71 2426 140 2468 52.

72 2569 140 2611 53.

73 2710 140 2753 54.

74 2851 142 2895 55.

880 42 928 82 71

189 144 329 188 Refert
362 145 539 187 valerius
572 147 679 201 quod
714 147 908 201 zelongus
941 147 1082 190 consul
1116 147 1244 190 edidit
1276 162 1350 204 pro
1382 149 1470 203 lege
1503 150 1536 191 si
1561 150 1651 204 quis
1675 151 1748 192 vir.

187 215 432 268 (Zaleucus.)
480 217 550 259 lat.
574 219 642 259 50.

186 287 327 330 Refert
357 287 562 343 Josephus
602 289 707 343 quod
749 289 932 345 tyberius
972 303 1087 333 cesar
1127 290 1344 345 requisivit
1377 291 1418 342 (i.
1439 304 1472 333 e.
1496 292 1749 346 requisitus).

187 358 403 413 (Fliegen.)
450 359 520 401 lat.
545 361 612 401 51.

186 430 327 472 Refert
356 429 563 486 Josephus
603 431 644 472 in
684 430 788 473 libro
830 431 879 474 de
919 432 1052 473 causis
1093 445 1231 474 rerum
1265 432 1515 475 naturalium
1549 433 1657 488 quod
1691 434 1751 475 in-

186 502 301 544 venit
331 515 420 543 noe.
468 501 616 555 (Wein,
650 503 736 545 vier
769 502 1104 557 eigensehaften.)
1156 502 1227 545 lat.
1256 504 1349 545 150.

187 573 363 624 Quidam
409 572 522 614 lusor
570 586 788 616 occurrens
835 574 952 617 beato
992 573 1231 616 Bernhardo
1273 575 1473 629 equitanti
1513 575 1619 617 dixit
1659 575 1749 617 sibi.

187 642 264 695 (St.
288 643 502 686 Bernhard
537 645 619 686 und
653 645 725 686 der
756 645 937 700 spieler.)
984 645 1056 687 lat.
1084 647 1178 687 170.

187 715 384 770 Adonyas
417 715 621 770 quendam
652 715 780 758 filium
805 716 1126 772 pulcherrimum
1150 717 1516 772 sapientissimum.
1565 715 1754 767 (Justitia

188 810 240 816 —
274 787 389 842 an.)
437 786 506 828 lat..
532 787 599 828 55.

188 857 276 900 Rex
324 871 516 900 aseverus
563 858 718 911 grande
765 859 997 900 convivium
1047 859 1190 902 amicis
1236 859 1477 915 parentibus
1518 863 1558 902 et
1596 859 1750 915 populi.

188 928 385 980 (Esther.)
432 928 503 970 lat.
531 929 626 970 177.

186 999 421 1055 Pompeyus
453 1000 600 1042 statuit
630 1013 704 1056 pro
736 1000 826 1054 lege
859 1001 965 1056 quod
1000 1001 1172 1057 quilibet
1196 1001 1315 1044 miles
1338 1005 1432 1058 post
1452 1005 1640 1045 mortem.
1691 1003 1752 1054 (In

186 1070 333 1113 waffen
366 1070 602 1124 begraben.)
653 1070 723 1113 lat.
752 1073 847 1114 134.

187 1142 316 1198 Tytus
347 1142 390 1183 in
422 1142 589 1184 civitate
621 1156 793 1185 romana
824 1144 1012 1197 regnavit
1045 1144 1112 1199 qui
1143 1144 1290 1186 statuit
1312 1157 1386 1200 pro
1408 1143 1497 1199 lege
1521 1145 1628 1199 quod
1651 1145 1750 1188 dies.

187 1213 367 1265 (Focus.)
415 1212 486 1255 lat.
511 1213 579 1255 57.

186 1284 438 1338 Benegarius
477 1285 668 1338 regnavit
708 1285 776 1340 qui
815 1286 960 1328 statuit
991 1299 1066 1341 pro
1098 1286 1188 1340 lege
1222 1286 1330 1341 quod
1363 1287 1596 1342 quicunque
1627 1287 1755 1331 male-

144 1387 148 1391 .
186 1355 331 1398 factor.
381 1354 497 1407 (Drei
531 1355 797 1411 wahrheiten,
830 1357 938 1409 frei.)
986 1357 1056 1399 lat.
1080 1358 1148 1399 58.

187 1426 393 1470 Leuncius
432 1428 622 1481 regnavit
660 1432 806 1483 potens
845 1428 964 1471 valde
1003 1429 1073 1483 qui
1114 1442 1204 1472 cum
1248 1428 1374 1472 semel
1412 1442 1487 1485 per
1518 1429 1751 1485 imperium.

191 1498 398 1552 (Ingratus
430 1499 514 1540 und
548 1497 712 1551 Guido.)
759 1499 952 1541 latim.

188 1569 360 1612 Thosias
407 1571 597 1624 regnavit
644 1571 713 1625 qui
751 1574 835 1614 tres
874 1570 980 1613 filios
1020 1571 1196 1614 habebat
1237 1585 1337 1626 quos
1377 1571 1551 1614 multum
1592 1571 1749 1614 dilexit.

188 1640 465 1692 (Baumerbe.)
513 1655 640 1695 germ.
666 1642 733 1683 81.

185 1711 339 1755 Darius
377 1713 420 1754 in
461 1713 628 1755 civitate
668 1726 840 1755 romana
875 1714 1064 1767 regnavit
1095 1714 1275 1770 prudens
1307 1714 1426 1757 valde
1459 1714 1529 1769 qui
1559 1713 1748 1757 habebat.

187 1783 435 1846 (donathas.)
482 1784 554 1826 lat.
581 1784 675 1825 120.

187 1854 432 1898 Jovinianus
470 1855 698 1910 imperator
735 1856 925 1910 regnavit
962 1859 1108 1912 potens
1148 1856 1266 1899 valde
1307 1857 1376 1912 qui
1415 1870 1508 1899 cum
1548 1857 1675 1900 semel
1707 1857 1749 1899 in

187 1929 332 1969 stratu.
382 1925 672 1978 (Jovinianus.)
720 1926 790 1968 lat.
815 1927 884 1969 59.

186 1997 365 2040 Hanibal
397 1998 586 2052 regnavit
617 2002 763 2053 potens
794 1998 915 2041 valde
946 1999 1015 2054 qui
1040 2002 1199 2041 tantum
1223 1999 1388 2042 unicam
1409 1998 1536 2041 filiam
1559 1998 1747 2041 habebat.

188 2069 374 2122 (Redde.)
420 2069 491 2111 lat.
515 2069 583 2111 20.

188 2140 438 2184 Octavianus
475 2140 666 2194 regnavit
704 2140 818 2183 dives
851 2140 968 2184 valde
1001 2141 1071 2197 qui
1103 2155 1226 2198 super
1258 2141 1397 2184 omnia
1428 2154 1599 2184 uxorem
1631 2155 1748 2183 suam

186 2211 344 2254 dilexit.
392 2209 692 2266 (Hildegarde.)
740 2225 833 2267 app.
859 2212 927 2254 53.

186 2283 371 2326 Herodes
403 2283 593 2337 regnavit
624 2283 692 2337 qui
724 2282 852 2324 filiam
884 2282 1097 2338 pulchram
1130 2283 1310 2326 habebat
1340 2297 1461 2339 quam
1484 2283 1589 2325 miro
1612 2283 1745 2325 modo.

187 2353 357 2409 (Sieben
382 2354 503 2408 jahre
535 2352 658 2408 treu.)
705 2367 833 2408 germ.
857 2354 925 2396 59.

187 2424 383 2468 Claudius
414 2425 605 2479 regnavit
636 2425 705 2480 qui
737 2429 897 2468 tantum
930 2426 1093 2468 unicam
1124 2424 1252 2468 filiam
1285 2426 1461 2469 habebat
1491 2439 1745 2480 generosam.

186 2495 396 2551 (Socrates
428 2495 666 2551 heirathet.)
711 2496 783 2538 lat.
808 2498 876 2538 61.

188 2567 327 2624 Gayus
366 2568 556 2621 regnavit
592 2567 633 2609 in
675 2567 842 2610 civitate
881 2581 1054 2611 romana
1088 2568 1269 2624 prudens
1301 2568 1420 2611 valde
1451 2568 1492 2610 in
1524 2568 1638 2623 cujus
1670 2567 1747 2610 im-

189 2640 315 2695 peri0.
363 2637 653 2693 (Florentina.)
698 2639 769 2681 lat.
794 2640 861 2681 62.

188 2710 466 2766 Vespasianus
499 2710 542 2752 in
573 2710 740 2753 civitate
770 2723 943 2753 romana
963 2711 1152 2765 regnavit
1174 2711 1243 2766 qui
1265 2709 1390 2752 filiam
1413 2709 1745 2766 pulcherrimam.

187 2779 367 2836 (Aglas.)
412 2778 646 2835 (Ariadne.)
691 2781 762 2824 lat.
787 2782 855 2823 63.

189 2852 457 2895 Domicianus
496 2852 686 2906 regnavit
724 2852 906 2908 prudens
938 2852 1056 2896 valde
1088 2866 1135 2896 ac
1166 2866 1238 2909 per
1270 2852 1408 2895 omnia
1431 2852 1582 2906 justus.
1629 2851 1747 2908 (Drei

187 2923 428 2967 weisheiten
459 2921 718 2979 verkaufen.)
762 2923 834 2966 lat.
861 2924 955 2967 103.
