1919 3157
870 53 954 93 363

45 159 192 215 ,signa
222 159 385 214 privata
418 159 524 200 inter
556 172 628 200 nos
662 159 799 214 sepius
832 163 924 200 acta
956 171 1060 199 unus
1093 157 1275 199 ribaldus
1305 158 1346 199 in
1378 162 1496 212 porta
1525 156 1648 198 michi
1678 170 1750 210 per

66 230 288 284 Janitoi·em
328 229 486 276 recitat,
527 235 564 270 et
607 230 705 271 dicit
744 243 786 271 se
825 230 1116 284 imperatorem
1158 232 1198 270 et
1236 228 1443 270 dominum
1478 241 1613 270 meum
1647 240 1748 268 esse.

73 300 165 356 Ipse
203 313 294 342 cum
337 300 411 341 hoc
451 300 654 345 audisset.
695 301 878 355 precepit
911 300 1081 353 janitori
1122 303 1167 340 ut
1206 300 1534 341 introduceretur
1573 299 1613 340 in
1655 311 1750 339 con-

72 375 215 427 spectu
247 371 441 412 omnium.
496 371 570 420 Qui
605 386 695 413 cum
729 372 867 414 taliter
888 371 1020 412 nudus
1045 370 1300 412 introductus
1323 370 1481 418 fuisset,
1516 370 1628 411 canis
1662 369 1751 423 qui-

73 442 181 495 dam,
221 442 290 496 qui
330 447 450 483 antea
492 442 663 483 multum
699 457 789 484 eum
825 442 1038 489 dilexerat,
1078 441 1127 482 ad
1161 445 1301 494 guttur
1332 455 1449 482 suum
1484 441 1674 493 saltabat,
1709 443 1752 481 ut

73 526 166 554 eum
199 512 414 558 occideret,
454 512 522 554 sed
568 526 639 567 per
671 514 868 555 familiam
902 513 1126 567 impeditus
1165 516 1239 558 est,
1280 512 1338 553 sic
1371 512 1476 565 quod
1511 511 1666 553 nullum
1701 511 1751 552 ab

73 596 120 626 eo
151 584 309 638 recepit
343 581 465 637 [4532]
492 584 658 625 malum.
710 585 807 627 ltem
842 584 1044 638 quendam
1077 583 1278 624 falconem
1310 582 1485 624 habebat
1518 583 1558 624 in
1582 582 1750 638 pertica,

73 655 142 709 qui
173 667 265 696 cum
289 667 380 696 eum
414 654 585 696 vidisset
615 655 833 708 ligaturam
867 655 990 708 fregit
1021 658 1061 696 et
1093 659 1210 696 extra
1243 653 1378 695 aulam
1413 653 1632 695 advolavit.
1682 653 1753 694 Ait

73 726 300 780 imperator
338 725 526 767 omnibus
562 727 601 767 in
635 727 728 768 aula
758 725 1014 768 sedentibus:
1056 724 1284 777 Carissimi,
1319 724 1456 766 audite
1495 725 1618 766 verba
1649 737 1751 777 mea,

74 809 152 850 que
184 796 234 838 de
266 797 344 838 isto
377 796 536 838 ribaldo
569 797 722 839 dicam!
772 797 848 838 Dic
882 796 1018 848 michi,
1053 796 1184 850 qualis
1217 809 1260 837 es
1294 800 1336 837 tu
1368 800 1409 837 et
1440 796 1490 837 ob
1513 809 1633 850 quam
1658 809 1753 837 cau-

73 880 160 909 sam
195 867 370 909 venisti?
403 868 459 908 At
491 867 578 910 ille:
613 868 646 910 O
679 868 856 920 domine,
890 868 970 909 ista
1002 871 1063 908 est
1095 867 1296 909 mirabilis
1321 867 1493 920 questio,
1528 868 1754 922 imperator

74 951 162 980 sum
206 943 246 980 et
288 939 477 980 dominus
517 940 636 981 istius
678 939 769 981 loci.
833 938 906 980 Ait
943 940 1170 994 imperator
1209 938 1398 980 omnibus
1438 938 1673 980 sedentibus
1712 938 1752 979 in

73 1023 217 1052 mensa
262 1015 302 1052 et
346 1010 727 1052 circumstantibus:
776 1010 911 1052 Dicite
951 1010 1073 1051 michi
1121 1024 1194 1065 per
1234 1010 1514 1063 juramentum
1558 1013 1753 1062 vestrum,

73 1081 182 1135 quod
221 1081 345 1122 michi
387 1082 557 1135 fecistis,
599 1082 689 1136 quis
722 1086 906 1123 nostrum
941 1082 1167 1137 imperator
1199 1086 1261 1122 est
1299 1086 1339 1123 et
1370 1080 1588 1122 dominus?
1626 1080 1756 1121 Aiunt

73 1151 156 1194 illi:
198 1151 231 1194 O
265 1152 441 1196 domine.
484 1153 630 1195 leviter
661 1153 958 1207 respondemus
991 1166 1064 1207 per
1088 1153 1370 1206 juramentum
1413 1152 1520 1206 quod
1552 1152 1665 1193 vobis
1697 1152 1756 1193 fe-

73 1223 224 1275 cimus,
265 1223 389 1265 istum
431 1224 635 1266 ribaldum
676 1237 898 1277 numquam
944 1223 1141 1276 vidimus,
1184 1224 1254 1265 sed
1303 1237 1372 1265 vos
1420 1223 1518 1265 estis
1564 1223 1754 1264 dominus

71 1298 213 1336 noster
243 1298 284 1336 et
315 1295 554 1350 imperator,
587 1309 706 1350 quem
741 1310 763 1336 a
789 1295 1003 1348 juventate
1036 1296 1239 1348 novimus,
1272 1299 1312 1336 et
1344 1294 1434 1336 ideo
1457 1308 1650 1348 rogamus
1674 1307 1755 1335 una

73 1378 185 1418 voce,
218 1369 263 1406 ut
293 1367 501 1421 puniatur,
536 1370 579 1407 ut
611 1380 751 1408 omnes
783 1366 1016 1421 exemplum
1052 1366 1102 1407 ab
1135 1379 1181 1408 eo
1213 1366 1393 1421 capiant,
1426 1370 1467 1407 et
1495 1366 1544 1408 de
1566 1365 1639 1407 tali
1661 1379 1754 1420 pre-

73 1436 312 1492 sumpcione
351 1450 394 1479 se
433 1451 514 1478 non
555 1442 815 1492 attemptent.
864 1437 1092 1492 Imperator
1131 1437 1199 1479 ille
1238 1450 1459 1478 conversus
1493 1437 1543 1478 ad
1575 1438 1754 1492 impera-

73 1508 217 1550 tricem
252 1508 328 1550 ait:
370 1507 448 1549 Dic
481 1508 648 1550 domina
680 1508 802 1550 michi
837 1521 910 1563 per
940 1508 1060 1550 fidem
1097 1522 1177 1562 qua
1208 1509 1374 1560 teneris,
1413 1509 1520 1549 nosti
1552 1514 1597 1549 tu
1628 1508 1752 1549 istum

73 1579 297 1633 hominem,
331 1580 399 1633 qui
432 1593 474 1621 se
507 1580 606 1622 dicit
638 1581 930 1635 imperatorem
965 1584 1005 1621 et
1036 1580 1247 1621 dominum
1281 1584 1395 1620 tuum
1421 1579 1535 1621 esse?
1581 1580 1638 1620 At
1661 1579 1752 1621 illa:

73 1649 106 1692 O
139 1650 243 1692 bone
274 1650 452 1704 domine,
484 1664 556 1693 cur
587 1651 688 1692 talia
725 1664 746 1692 a
777 1664 842 1692 me
865 1652 1030 1705 queris?
1060 1651 1206 1692 Nonne
1228 1650 1320 1705 plus
1344 1664 1466 1704 quam
1492 1663 1603 1691 XXVI
1634 1650 1753 1692 annis

71 1722 115 1763 in
146 1722 342 1764 societate
373 1726 444 1764 tua
476 1722 570 1764 steti
604 1726 644 1764 et
675 1722 832 1777 prolem
865 1736 938 1777 per
969 1727 1009 1764 te
1041 1722 1190 1775 genui?
1244 1720 1324 1763 Sed
1362 1735 1489 1762 unum
1531 1724 1606 1774 est,
1647 1721 1753 1775 quod

72 1793 218 1846 miror,
259 1793 461 1847 quomodo
500 1793 577 1835 iste
615 1793 798 1835 ribaldus
837 1794 1027 1848 pervenit
1066 1793 1118 1835 ad
1155 1797 1298 1834 nostra
1338 1797 1495 1834 secreta
1533 1793 1641 1834 inter
1679 1805 1753 1834 nos

74 1867 323 1919 perpetrata.
372 1864 600 1920 Imperator
621 1864 690 1906 ille
712 1864 817 1906 dixit
838 1865 911 1918 illi,
946 1866 1014 1919 qui
1038 1865 1294 1906 introductus
1317 1865 1472 1906 fuerat:
1507 1862 1751 1906 Carissime!

74 1949 199 1990 quare
239 1948 362 1977 ausus
392 1935 506 1977 fuisti
547 1936 726 1991 teipsum
763 1937 1055 1991 imperatorem
1097 1935 1338 1977 nominare?
1383 1935 1542 1977 Damus
1582 1948 1654 1990 pro
1687 1935 1754 1989 ju-

73 2006 193 2060 dicio,
234 2011 278 2047 ut
319 2006 370 2048 ad
402 2006 574 2048 caudam
617 2008 710 2061 equi
751 2007 870 2050 hodie
911 2009 966 2049 sis
1007 2012 1163 2049 tractus
1205 2012 1244 2049 et
1285 2008 1319 2060 si
1359 2007 1507 2048 iterum
1543 2006 1598 2047 sis
1630 2019 1754 2048 ausus

73 2077 148 2119 hoc
180 2077 327 2130 dicere,
361 2082 400 2119 te
432 2077 742 2133 condempnabo
775 2083 907 2121 morte
939 2079 1193 2134 turpissima.
1244 2078 1276 2119 V
1281 2078 1416 2119 ocavit
1437 2077 1636 2120 satellites
1659 2091 1754 2119 suos

75 2153 115 2191 et
147 2149 223 2190 ait:
263 2148 321 2190 Ite
363 2152 424 2190 est
463 2149 586 2190 istum
628 2150 676 2191 ad
716 2150 886 2192 caudam
928 2151 1019 2204 equi
1061 2149 1233 2202 trahite,
1282 2149 1353 2191 sed
1392 2148 1518 2190 nolite
1557 2163 1648 2191 eum
1689 2162 1754 2190 oc-

74 2219 222 2262 cidere.
269 2219 324 2261 Et.
363 2220 421 2261 sic
463 2220 612 2262 factum
653 2224 726 2262 est.
775 2220 874 2263 Post
915 2221 986 2263 hec
1028 2234 1123 2263 vero
1165 2220 1274 2262 ultra
1314 2234 1434 2274 quam
1477 2220 1588 2262 credi
1621 2224 1756 2275 potest

74 2294 280 2333 commota
317 2295 414 2333 sunt
454 2292 592 2333 onmia
629 2292 827 2333 interiora
868 2293 954 2345 ejus
996 2296 1036 2334 et
1075 2293 1192 2346 quasi
1231 2292 1281 2333 de
1313 2305 1356 2333 se
1387 2292 1479 2346 ipso
1512 2291 1754 2346 desperatus

74 2362 254 2404 dicebat:
287 2361 434 2404 Pereat
465 2362 550 2404 dies
583 2364 624 2404 in
657 2376 737 2417 qua
768 2367 889 2404 natus
921 2364 1032 2404 sum!
1067 2363 1187 2404 amici
1221 2363 1299 2404 mei
1335 2377 1357 2404 a
1387 2376 1452 2404 me
1482 2369 1753 2415 recesserunt,

28 2468 35 2479 „
73 2447 178 2475 uxor
209 2446 302 2476 mea
333 2439 373 2476 et
403 2433 475 2475 filii
509 2433 590 2475 mei
612 2446 693 2475 non
714 2439 919 2476 noverunt
949 2448 1026 2476 me.
1080 2433 1189 2475 Dum
1212 2433 1287 2475 hoc
1309 2434 1495 2487 dixisset,
1527 2433 1753 2486 cogitabat:

74 2503 151 2547 Hic
182 2518 312 2560 prope
345 2509 485 2547 manet
515 2504 723 2546 confessor
755 2519 884 2558 meus,
919 2519 1086 2560 pergam
1120 2505 1170 2546 ad
1202 2506 1360 2560 ipsum:
1394 2505 1499 2547 forte
1531 2506 1620 2560 ipse
1647 2505 1754 2546 noti-

74 2576 179 2618 ciam
219 2589 353 2618 meam
393 2575 572 2628 habebit,
616 2576 712 2629 quia
752 2577 890 2631 sepius
932 2576 1227 2618 confessionem
1267 2589 1401 2618 meam
1435 2576 1603 2617 audivit.
1656 2575 1754 2617 Per-

75 2647 184 2689 rexit
215 2647 266 2689 ad
297 2647 556 2698 heremitam,
590 2646 639 2688 ad
672 2647 894 2689 fenestram
929 2647 1073 2689 cellule
1105 2661 1177 2689 sue
1199 2647 1391 2702 pulsavit.
1442 2647 1500 2688 At
1529 2646 1620 2688 ille:
1655 2646 1753 2696 Quis

75 2717 131 2760 ibi
163 2718 253 2760 est?
298 2717 353 2760 Et
384 2717 473 2760 ille:
515 2717 602 2771 Ego
635 2731 724 2759 sum
758 2719 986 2773 imperator
1016 2717 1275 2771 Jovinianiis,
1318 2718 1541 2760 fenestram
1577 2718 1752 2772 aperias,

76 2792 122 2831 ut
141 2789 286 2844 loquar
307 2792 455 2831 tecum.
507 2789 576 2830 [lle
596 2802 690 2830 vero
713 2803 804 2830 cum
828 2802 968 2831 vocem
992 2789 1078 2843 ejus
1104 2789 1300 2843 audisset,
1331 2789 1554 2830 fenestram
1579 2790 1753 2844 aperuit,

76 2872 168 2902 cum
207 2873 299 2901 eum
339 2860 523 2913 vidisset,
564 2873 655 2901 cum
695 2860 850 2915 impetu
881 2860 1102 2902 fenestram
1137 2860 1286 2902 clausit
1323 2864 1363 2901 et
1401 2860 1477 2901 ait:
1517 2858 1692 2902 Discede
1732 2873 1755 2901 a

168 2941 214 2976 20
237 2941 319 2986 qua]
347 2947 431 2987 orig).
456 2951 575 2985 quam.
672 2941 715 2974 23
741 2941 814 2985 per]
843 2946 928 2986 oriq.
954 2950 1030 2984 pro.

1784 802 1823 836 lo

1783 1158 1825 1192 15

1779 1513 1824 1547 20

1779 1869 1824 1903 25

1779 2230 1825 2265 30

1779 2585 1825 2620 35
