1954 3137
151 157 217 197 13.

152 298 217 339 14.

152 440 216 480 15.

153 582 217 622 16.

155 723 217 764 17.

153 866 217 906 18.

154 1009 218 1049 10.

149 1151 217 1191 20.

158 2563 226 2603 :30

159 2711 228 2751 31.

160 2858 228 2899 32.

962 50 1043 90 194

267 155 329 197 De
363 154 463 196 Fide
498 153 579 209 Spe
613 158 654 196 et
686 155 871 197 caritate.
922 154 1079 197 Marius
1110 155 1152 197 in
1182 156 1350 199 civitate
1375 156 1563 198 Romana
1585 156 1713 210 Regu.
1762 156 1849 208 (Jo-

267 226 447 277 nathas.)
495 224 566 267 lat.
597 226 691 267 120.

267 297 328 339 De
361 296 683 351 Presumptione
715 300 859 339 contra
893 297 1014 339 deum
1049 300 1124 339 etc.
1174 297 1446 340 Domicianus
1469 297 1712 353 Imperator.
1762 298 1850 349 (Jo-

266 368 490 416 vinianus.)
538 367 609 409 lat.
636 369 705 410 59.

266 439 328 481 De
360 438 602 480 Florentina
635 439 807 481 muliere
836 439 1019 481 formosa
1044 439 1236 480 Rubrica.
1286 438 1426 493 Gayus
1452 440 1694 494 Imperator.
1741 439 1851 488 (Flo-

266 510 461 558 rentina.)
514 509 586 551 lat.
612 511 680 551 62.

268 579 329 621 De
356 580 587 622 Adulterio.
638 581 813 631 Quidam
841 580 959 623 Miles
982 580 1080 622 Fuit
1103 581 1171 635 qui
1195 580 1341 623 habuit
1362 584 1558 623 castrum.
1609 581 1850 632 (Storchin.)

266 651 337 693 lat.
365 652 432 693 8⁶2.

266 722 329 764 De
360 722 635 777 temptatione
669 723 848 778 dyaboli.
899 722 961 764 De
995 722 1172 777 quodam
1206 722 1409 777 principe.
1460 721 1598 768 (Wein
1626 723 1851 777 vergiftet.)

267 794 338 836 lat.
365 794 432 835 88.

268 864 330 906 De
378 864 665 906 Misericordia
711 864 801 907 Dei.
871 864 933 907 De
982 864 1160 919 quadam
1211 864 1509 906 consuetudine
1557 864 1849 907 Romanorum.

269 935 449 986 (Kerze.)
497 935 569 977 lat.
595 936 664 977 98.

269 1006 330 1048 De
371 1007 491 1048 beata
532 1006 692 1060 virgine
732 1010 808 1048 etc.
864 1006 1018 1048 Narrat
1049 1006 1255 1048 Eusebius
1288 1006 1331 1048 in
1364 1006 1553 1048 cronicis.
1610 1006 1851 1059 (Coriolan.)

268 1078 339 1119 lat.
368 1078 463 1119 137.

267 1149 330 1190 De
369 1149 494 1190 vidua
535 1153 576 1190 et
615 1149 834 1204 peregrino
875 1155 950 1191 etc.
1007 1148 1192 1198 Quedam
1235 1148 1387 1191 nobilis
1420 1148 1558 1190 vidua.
1617 1148 1734 1201 (Stab
1767 1149 1853 1191 und

268 1219 440 1267 tasche.)
487 1219 559 1261 lat.
585 1220 653 1261 25.

209 1331 217 1339 .
268 1297 329 1339 De
362 1297 508 1351 Iniquo
538 1296 698 1339 Judice.
747 1297 853 1339 Erat
884 1297 1053 1351 quidam
1089 1297 1330 1352 Imperator.
1381 1296 1638 1349 (Schinden.)
1685 1297 1757 1339 lat.
1782 1299 1851 1340 29.

268 1374 330 1416 De
364 1373 589 1416 Sacrificio.
648 1373 804 1416 Reffert
842 1374 1022 1417 valerius
1064 1374 1172 1428 quod
1206 1374 1372 1428 quidam
1408 1374 1615 1430 princeps.
1673 1374 1851 1427 (Kohle.)

268 1459 397 1498 germ.
426 1447 492 1487 16.

269 1523 332 1565 De
365 1521 500 1564 Morte
533 1522 764 1564 Alexandri
800 1526 840 1564 et
872 1523 957 1564 vita
989 1522 1185 1578 presenti.
1236 1521 1340 1563 Cum
1370 1521 1586 1577 sepultura
1608 1521 1851 1565 Alexandri.

268 1593 547 1645 (Alexanders
582 1594 835 1647 begrabnis.)
883 1594 954 1635 lat.
980 1595 1048 1635 31.

269 1671 332 1713 De
364 1671 624 1713 Austeritate
667 1672 731 1713 dei
771 1671 904 1726 patris
943 1675 1018 1712 etc.
1073 1670 1178 1712 Erat
1216 1670 1384 1724 quidam
1423 1670 1666 1726 Imperator.
1723 1670 1854 1717 (Sohn

268 1743 402 1784 toutet
434 1746 590 1784 mutter
621 1743 768 1790 nicht.)
816 1742 887 1783 lat.
916 1744 1010 1783 loo.

270 1819 333 1861 De
372 1820 445 1861 illo
487 1820 555 1874 qui
599 1834 670 1861 vas
713 1820 890 1861 vitreum
931 1819 1081 1861 obtulit
1120 1819 1313 1862 Rubrica.
1379 1819 1569 1861 Tiberius
1607 1818 1852 1875 Imperator.

270 1891 533 1939 (Dehnbares
567 1891 687 1944 glas.)
735 1891 807 1933 lat.
831 1892 901 1932 44.

212 2001 220 2010 .
270 1968 333 2010 De
372 1968 449 2009 hoc
491 1969 599 2022 quod
638 1982 759 2010 nemo
801 1969 927 2010 alium
961 1969 1132 2023 judicet.
1189 1968 1325 2010 Erant
1355 1968 1435 2009 duo
1468 1968 1619 2010 fratres
1652 1967 1851 2010 carnales.

272 2039 389 2089 (Drei
423 2039 710 2087 buohstaben.)
759 2054 887 2092 germ.
913 2042 981 2081 26.

214 2151 222 2158 .
272 2117 335 2158 De
366 2117 536 2158 luxuria
567 2117 760 2159 Avaritia
793 2122 868 2160 etc.
925 2117 1114 2159 Habetur
1145 2117 1186 2158 in
1223 2117 1403 2171 quodam
1436 2116 1655 2171 colloquio.
1709 2116 1859 2169 (Fiinf

272 2191 456 2233 narren.)
503 2188 575 2229 lat.
606 2190 699 2230 164.

273 2265 335 2307 De
384 2265 503 2307 dulce
551 2265 731 2306 melodia
773 2269 814 2307 et
852 2266 1072 2321 piscatore.
1139 2265 1328 2307 Tiberius
1369 2265 1614 2321 Imperator.
1679 2264 1856 2317 (Goldne

275 2336 426 2390 angel.)
472 2336 544 2378 lat.
571 2337 637 2377 85.

273 2413 460 2463 Qualiter
493 2413 703 2456 commisit
734 2413 853 2455 nobis
888 2414 987 2455 deus
1023 2414 1218 2456 animam.
1266 2413 1441 2456 Caldrus
1473 2413 1717 2469 Imperator.
1764 2413 1856 2466 (So-

274 2488 408 2526 crates
441 2485 678 2535 heirathet.)
726 2484 797 2526 lat.
823 2486 891 2526 61.

275 2562 337 2604 De
361 2561 576 2617 Campana
606 2566 645 2603 et
669 2561 884 2617 Serpente.
935 2562 1189 2604 Theodosius
1224 2562 1466 2618 Imperator.
1517 2561 1855 2616 (Riigenglocke.)
1926 2585 1934 2589 .

274 2632 346 2674 lat.
375 2633 469 2674 105.

277 2709 339 2752 De
373 2710 472 2752 Orto
507 2724 628 2765 quem
662 2710 778 2765 Aper
811 2710 1018 2753 destruxit
1051 2715 1126 2753 etc.
1177 2711 1393 2766 Troyanus
1425 2711 1467 2752 in
1500 2710 1678 2753 civitate.
1729 2709 1856 2762 (Eber

277 2781 382 2823 ohne
415 2781 544 2834 herz.)
591 2781 662 2824 lat.
689 2782 756 2823 83.

277 2857 339 2900 De
373 2859 700 2901 annunciacione
732 2859 852 2901 beate
875 2858 1006 2901 Marie
1036 2859 1221 2913 virginis.
1269 2858 1520 2901 Anthonius.
1570 2857 1735 2912 (Hemd,
1767 2857 1857 2901 drei

280 2928 392 2980 zoll.)
438 2928 510 2971 lat.
537 2930 604 2971 64.
