1919 3131
77 157 146 199 58.

78 442 146 485 60.

78 586 145 627 61.

78 728 146 771 62.

79 872 149 914 63.

79 1015 147 1057 64.

78 1159 146 1201 65.

78 1231 146 1273 66.

78 1374 146 1416 67.

78 1517 146 1559 68.

77 1661 146 1703 69.

78 1804 146 1846 7Ο.

77 2161 145 2203 73.

78 2303 145 2346 74.

78 2374 146 2417 75.

77 2518 146 2561 76.

77 2590 145 2631 77.

77 2660 145 2702 78.

896 54 948 96 41

195 156 337 200 Puella
370 158 545 212 quedam
581 173 739 215 pauper
771 160 934 216 leprosa
969 165 1059 204 erat
1091 174 1168 216 que
1200 162 1334 204 curari
1369 176 1449 204 non
1484 169 1657 218 poterat.
1709 165 1768 211 (ln

195 229 432 283 konigsblut
465 229 628 282 baden.)
678 245 772 288 app.
800 233 867 274 34.

137 333 146 341 .
194 299 291 342 Fuit
322 301 488 356 quidam
522 302 689 345 nomine
721 317 919 359 pyramus
953 305 1021 358 qui
1046 303 1192 346 dilexit
1220 318 1344 346 unam
1369 305 1547 349 nobilem
1574 307 1769 362 puellam.

195 370 414 427 (Pyramus
447 373 529 415 und
564 374 745 426 Thisbe.)
795 389 889 431 app.
916 376 984 417 33.

195 441 352 486 Civitas
387 444 562 499 quedam
597 459 726 501 parva
759 451 847 489 erat
880 451 920 489 et
952 447 1070 502 pauci
1105 447 1146 489 in
1174 461 1222 490 ea
1254 448 1454 490 homines.
1508 449 1676 500 (Armer
1702 450 1770 493 he-

194 514 291 557 freit
321 515 532 570 belagerte
565 517 707 568 stadt.)
757 532 851 574 app.
877 519 944 560 36.

193 584 366 641 Legitur
398 587 447 629 de
481 601 623 643 sysare
656 589 727 631 illo
760 590 849 631 viro
885 591 952 644 qui
987 603 1079 632 eum
1114 590 1356 645 procederet
1388 596 1531 634 contra
1570 592 1770 648 populum

195 657 273 700 dei.
324 658 430 708 (Von
462 659 554 701 frau
589 661 667 702 mit
699 661 820 715 nagel
851 661 935 703 und
968 661 1156 704 hammer
1188 663 1403 715 getiidtet.)
1454 677 1548 720 app.
1575 665 1642 706 37.

194 728 291 771 Fuit
323 730 490 784 quidam
525 745 597 773 rex
631 733 699 786 qui
740 732 884 775 habuit
924 746 1049 774 unum
1084 733 1235 776 bonum
1271 748 1429 788 agrum.
1487 736 1649 781 (Aoker
1681 749 1772 778 ver-

195 800 400 853 sehenkt.)
450 816 542 858 app.
570 804 638 844 38.

195 871 301 914 Erat
322 873 489 927 quidam
512 887 586 916 rex
610 875 674 916 cui
707 874 927 917 infirmitas
950 875 1045 917 talis
1070 880 1170 919 erat.
1221 875 1356 926 (Wein
1381 877 1591 932 verboten,
1623 879 1772 921 freund

196 938 280 986 und
312 944 455 995 feind.)
505 958 600 1001 app.
626 947 693 988 39.

194 1014 300 1057 Erat
331 1016 496 1071 quidam
531 1031 604 1059 rex
638 1018 707 1072 qui
731 1017 909 1060 habebat
931 1018 1094 1060 unicam
1117 1017 1259 1061 filiam.
1311 1019 1649 1075 (Ix'aisertoehter,
1683 1022 1772 1078 pal-

194 1086 306 1139 last.)
353 1101 482 1141 germ.
508 1088 576 1130 22.

194 1158 292 1201 Fuit
325 1160 490 1214 quidam
523 1173 596 1202 rex
631 1161 700 1215 qui
733 1160 876 1203 habuit
908 1165 992 1204 tres
1026 1160 1144 1203 filios.
1195 1161 1297 1210 (Der
1328 1163 1509 1216 faulste.)
1560 1164 1630 1206 lat.
1656 1166 1724 1207 91.

192 1229 346 1273 Beatus
378 1230 615 1274 Bernardus
649 1232 753 1274 vidit
794 1233 998 1288 quendam
1041 1237 1219 1276 stantem
1261 1248 1386 1291 super
1419 1250 1543 1278 unum
1585 1240 1768 1292 puteum.

197 1301 385 1352 (Funken
421 1317 494 1345 aus
529 1303 749 1355 brunnen.)
807 1305 857 1346 ef.
893 1306 918 1344 ἴ)
951 1318 1116 1358 narren
1150 1305 1219 1347 lat.
1249 1307 1344 1348 164.

166 1373 370 1424 .Quidam
406 1388 564 1430 pauner
595 1375 710 1417 venit
743 1376 792 1418 ad
826 1389 1023 1429 magnum
1055 1376 1220 1419 festum.
1276 1377 1459 1429 (Geffisse
1493 1379 1665 1426 stehlen
1700 1380 1771 1423 ab·

195 1445 438 1498 weichend.)
489 1460 583 1502 app.
608 1447 677 1488 40.

195 1516 356 1559 Plinius
388 1522 532 1559 narrat
565 1517 672 1572 quod
705 1518 748 1559 in
781 1518 895 1560 india
927 1523 990 1561 est
1022 1520 1198 1574 quedam
1234 1520 1368 1563 arbor.
1423 1521 1644 1577 (Schlange
1676 1537 1771 1566 aeu-

195 1590 296 1641 sus.)
346 1589 574 1640 (Theriak.)
623 1603 750 1643 germ.
782 1590 845 1631 17.

196 1659 367 1703 Ovidius
399 1674 574 1715 magnus
613 1665 758 1703 narrat
796 1661 903 1716 quod
945 1666 1035 1704 erat
1067 1663 1241 1717 quedam
1278 1664 1393 1718 virgo
1427 1665 1546 1708 valde
1584 1666 1769 1722 pulchra.

195 1731 424 1786 (Atalanta,
458 1732 724 1775 abweichend
756 1747 837 1774 von
871 1732 1101 1788 Spielball.)
1150 1735 1200 1777 ef.
1231 1735 1302 1777 lat.
1329 1738 1397 1778 60.

195 1802 293 1845 Fuit
324 1803 490 1858 quidam
519 1804 685 1859 juvenis
714 1804 834 1846 miles
867 1809 908 1846 et
939 1809 1098 1861 potens.
1149 1806 1264 1849 Ohne
1288 1807 1470 1850 moralis.
1522 1808 1649 1859 (Welt
1671 1823 1772 1852 vorn

195 1874 335 1929 sehon,
368 1875 510 1918 hinten
545 1876 814 1928 verwesend.)
863 1890 956 1933 app.
983 1878 1021 1919 6.

137 1978 146 1987 .
195 1945 314 1988 Dixit
345 1947 507 1989 ovidius
541 1947 648 2002 quod
681 1952 766 1989 tres
798 1948 967 1991 fuerunt
997 1963 1157 2005 syrene.
1207 1949 1442 2005 (Syrenen.)
1492 1965 1586 2007 app.
1611 1953 1680 1993 41.

193 2017 367 2068 Quidam
401 2018 547 2060 habuit
577 2022 661 2062 tres
691 2019 860 2062 amicos.
911 2020 1027 2067 (Drei
1059 2021 1246 2076 sreunde,
1281 2021 1576 2074 abweichend.)
1625 2023 1674 2065 cf.
1698 2023 1768 2065 lat.

197 2090 293 2130 129.
343 2103 438 2145 app.
462 2090 532 2131 42.

196 2159 362 2203 Similes
395 2165 492 2204 sunt
522 2161 737 2217 ydolorum
772 2163 952 2206 cultores
993 2168 1033 2206 et
1071 2164 1114 2206 in
1155 2164 1275 2219 hujus
1316 2164 1458 2206 mundi
1498 2168 1652 2207 statum
1693 2169 1768 2208 etc.

195 2231 310 2284 (Drei
342 2232 614 2284 weisheiten.)
661 2233 732 2275 lat.
761 2234 854 2276 167.

194 2302 370 2354 Quidam
389 2317 461 2346 rex
481 2308 626 2359 potens
644 2304 823 2347 habebat
841 2310 951 2360 quat.
963 2306 1082 2348 filias.
1101 2306 1464 2354 (Misericordia—
1481 2308 1594 2363 pax.)
1616 2307 1686 2349 lat.
1699 2308 1767 2350 55.

194 2373 366 2429 Legitur
388 2376 431 2417 in
452 2375 622 2430 flagitiis
646 2375 814 2418 deorum
850 2378 960 2432 quod
990 2383 1081 2421 erat
1102 2379 1278 2433 quedam
1305 2379 1466 2422 mulier.
1515 2379 1768 2431 (Nostistes.)

195 2445 493 2501 (Giittergaben
525 2447 818 2498 versohmaht.)
871 2462 965 2504 app.
989 2450 1059 2491 43.

194 2517 357 2561 Reoitat
379 2523 579 2574 troyanus
603 2519 662 2561 sie
683 2519 794 2561 dieta
815 2519 1006 2576 depinxit
1027 2521 1146 2563 deam
1170 2522 1336 2564 amoris.
1372 2522 1550 2573 (Amor.)
1584 2535 1678 2577 app.
1697 2522 1767 2563 44.

192 2589 326 2632 Homo
350 2591 516 2646 quidam
541 2594 630 2633 erat
651 2604 779 2646 purus
801 2591 1107 2634 melancolicus.
1143 2592 1549 2644 (Todtenmahlzeit.)
1584 2606 1678 2648 app.
1697 2592 1766 2633 45.

193 2659 338 2703 Puella
371 2662 545 2717 quedam
580 2662 700 2705 valde
733 2662 906 2718 pulchra
929 2663 962 2704 V
985 2663 1135 2707 fratres
1168 2664 1357 2706 habebat.
1415 2663 1646 2714 (Edelstein
1679 2677 1768 2706 ver-

192 2731 339 2786 langt.)
387 2747 482 2790 app.
507 2735 576 2776 46.

194 2803 316 2846 Dann
347 2805 453 2859 folgt
483 2805 588 2848 noch
622 2805 713 2848 eine
744 2805 859 2848 reihe
890 2819 971 2849 von
1005 2806 1223 2849 ahnliehen
1256 2806 1533 2860 geschichten,
1571 2806 1768 2848 darunter

76 2874 266 2918 mehrere
297 2876 376 2918 den
400 2875 526 2919 Gesta
548 2877 827 2920 Romanorum
853 2882 1157 2932 entnommene,
1192 2892 1270 2920 von
1297 2878 1429 2920 denen
1463 2877 1548 2920 sich
1583 2877 1768 2920 einzelne

76 2945 180 2988 auch
214 2959 263 2988 an
299 2947 479 2990 anderen
513 2948 659 2990 stellen
692 2948 764 2991 des
795 2949 925 2992 codex
957 2949 1107 2992 finden.
