<?xml version="1.0" encoding="UTF-8"?>
<!DOCTYPE html PUBLIC "-//W3C//DTD XHTML 1.0 Transitional//EN"
    "http://www.w3.org/TR/xhtml1/DTD/xhtml1-transitional.dtd">
<html xmlns="http://www.w3.org/1999/xhtml" xml:lang="en" lang="en">
 <head>
  <title>
</title>
<meta http-equiv="Content-Type" content="text/html;charset=utf-8" />
  <meta name='ocr-system' content='tesseract 3.04.00' />
  <meta name='ocr-capabilities' content='ocr_page ocr_carea ocr_par ocr_line ocrx_word'/>
</head>
<body>
  <div class='ocr_page' id='page_1' title='image "./gestaromanorum00oestuoft_0632.png"; bbox 0 0 1949 3162; ppageno 0'>
   <div class='ocr_carea' id='block_1_1' title="bbox 980 27 1065 67">
    <p class='ocr_par' dir='ltr' id='par_1_1' title="bbox 980 27 1065 67">
     <span class='ocr_line' id='line_1_1' title="bbox 980 27 1065 67; baseline 0 0"><span class='ocrx_word' id='word_1_1' title='bbox 980 27 1065 67; x_wconf 81' lang='lat'>610</span> 
     </span>
    </p>
   </div>
   <div class='ocr_carea' id='block_1_2' title="bbox 181 132 1864 1039">
    <p class='ocr_par' dir='ltr' id='par_1_2' title="bbox 181 132 1864 1039">
     <span class='ocr_line' id='line_1_2' title="bbox 183 132 1863 186; baseline -0.001 -11"><span class='ocrx_word' id='word_1_2' title='bbox 183 138 329 176; x_wconf 87' lang='lat' dir='ltr'>curant</span> <span class='ocrx_word' id='word_1_3' title='bbox 368 146 540 174; x_wconf 85' lang='lat' dir='ltr'>munera</span> <span class='ocrx_word' id='word_1_4' title='bbox 581 145 701 186; x_wconf 83' lang='lat' dir='ltr'>quam</span> <span class='ocrx_word' id='word_1_5' title='bbox 737 133 849 185; x_wconf 88' lang='lat' dir='ltr'>juste</span> <span class='ocrx_word' id='word_1_6' title='bbox 883 132 1091 184; x_wconf 84' lang='lat' dir='ltr'>judicare,</span> <span class='ocrx_word' id='word_1_7' title='bbox 1134 132 1259 173; x_wconf 85' lang='lat' dir='ltr'>unde:</span> <span class='ocrx_word' id='word_1_8' title='bbox 1306 132 1566 186; x_wconf 86' lang='lat' dir='ltr'>Acceperunt</span> <span class='ocrx_word' id='word_1_9' title='bbox 1604 146 1775 174; x_wconf 87' lang='lat' dir='ltr'>munera</span> <span class='ocrx_word' id='word_1_10' title='bbox 1822 136 1863 174; x_wconf 88' lang='lat' dir='ltr'>et</span> 
     </span>
     <span class='ocr_line' id='line_1_3' title="bbox 183 202 1862 260; baseline -0.001 -14"><span class='ocrx_word' id='word_1_11' title='bbox 183 207 470 260; x_wconf 88' lang='lat' dir='ltr'>perverterunt</span> <span class='ocrx_word' id='word_1_12' title='bbox 495 203 665 257; x_wconf 87' lang='lat' dir='ltr'>judicia.</span> <span class='ocrx_word' id='word_1_13' title='bbox 714 202 785 244; x_wconf 89' lang='lat' dir='ltr'>Isti</span> <span class='ocrx_word' id='word_1_14' title='bbox 817 203 896 244; x_wconf 90' lang='lat' dir='ltr'>duo</span> <span class='ocrx_word' id='word_1_15' title='bbox 928 202 1002 244; x_wconf 91' lang='lat' dir='ltr'>filii</span> <span class='ocrx_word' id='word_1_16' title='bbox 1034 202 1270 244; x_wconf 86' lang='lat' dir='ltr'>nullomodo</span> <span class='ocrx_word' id='word_1_17' title='bbox 1303 206 1477 257; x_wconf 78' lang='lat' dir='ltr'>possunt</span> <span class='ocrx_word' id='word_1_18' title='bbox 1508 202 1693 245; x_wconf 82' lang='lat' dir='ltr'>arborem</span> <span class='ocrx_word' id='word_1_19' title='bbox 1729 202 1862 245; x_wconf 86' lang='lat' dir='ltr'>crucis</span> 
     </span>
     <span class='ocr_line' id='line_1_4' title="bbox 183 267 1863 331; baseline -0.001 -14"><span class='ocrx_word' id='word_1_20' title='bbox 183 276 393 331; x_wconf 83' lang='lat' dir='ltr'>possidere</span> <span class='ocrx_word' id='word_1_21' title='bbox 426 288 501 317; x_wconf 91' lang='lat' dir='ltr'>nec</span> <span class='ocrx_word' id='word_1_22' title='bbox 531 275 709 316; x_wconf 87' lang='lat' dir='ltr'>fructum</span> <span class='ocrx_word' id='word_1_23' title='bbox 752 274 838 327; x_wconf 83' lang='lat' dir='ltr'>ejus</span> <span class='ocrx_word' id='word_1_24' title='bbox 877 267 1056 327; x_wconf 74' lang='lat' dir='ltr'>gustare.</span> <span class='ocrx_word' id='word_1_25' title='bbox 1112 273 1285 315; x_wconf 77' lang='lat' dir='ltr'>Fructus</span> <span class='ocrx_word' id='word_1_26' title='bbox 1326 273 1433 314; x_wconf 90' lang='lat' dir='ltr'>enim</span> <span class='ocrx_word' id='word_1_27' title='bbox 1467 273 1576 315; x_wconf 90' lang='lat' dir='ltr'>illius</span> <span class='ocrx_word' id='word_1_28' title='bbox 1609 274 1768 316; x_wconf 89' lang='lat' dir='ltr'>arboris</span> <span class='ocrx_word' id='word_1_29' title='bbox 1800 277 1863 316; x_wconf 89' lang='lat' dir='ltr'>est</span> 
     </span>
     <span class='ocr_line' id='line_1_5' title="bbox 183 344 1863 400; baseline -0.001 -13"><span class='ocrx_word' id='word_1_30' title='bbox 183 348 267 388; x_wconf 81' lang='lat' dir='ltr'>vita</span> <span class='ocrx_word' id='word_1_31' title='bbox 301 352 454 389; x_wconf 80' lang='lat' dir='ltr'>eterna.</span> <span class='ocrx_word' id='word_1_32' title='bbox 502 346 578 388; x_wconf 88' lang='lat' dir='ltr'>Per</span> <span class='ocrx_word' id='word_1_33' title='bbox 611 346 781 388; x_wconf 87' lang='lat' dir='ltr'>tercium</span> <span class='ocrx_word' id='word_1_34' title='bbox 816 344 944 386; x_wconf 86' lang='lat' dir='ltr'>filium</span> <span class='ocrx_word' id='word_1_35' title='bbox 969 345 1236 398; x_wconf 82' lang='lat' dir='ltr'>designantur</span> <span class='ocrx_word' id='word_1_36' title='bbox 1259 344 1483 386; x_wconf 80' lang='lat' dir='ltr'>Christiani</span> <span class='ocrx_word' id='word_1_37' title='bbox 1508 345 1730 400; x_wconf 83' lang='lat' dir='ltr'>simplices,</span> <span class='ocrx_word' id='word_1_38' title='bbox 1764 357 1863 399; x_wconf 86' lang='lat' dir='ltr'>quo-</span> 
     </span>
     <span class='ocr_line' id='line_1_6' title="bbox 182 415 1864 472; baseline -0.001 -13"><span class='ocrx_word' id='word_1_39' title='bbox 182 432 272 459; x_wconf 88' lang='lat' dir='ltr'>rum</span> <span class='ocrx_word' id='word_1_40' title='bbox 313 419 481 471; x_wconf 79' lang='lat' dir='ltr'>sanguis</span> <span class='ocrx_word' id='word_1_41' title='bbox 522 431 603 459; x_wconf 91' lang='lat' dir='ltr'>non</span> <span class='ocrx_word' id='word_1_42' title='bbox 647 420 784 472; x_wconf 87' lang='lat' dir='ltr'>potest</span> <span class='ocrx_word' id='word_1_43' title='bbox 823 416 969 468; x_wconf 87' lang='lat' dir='ltr'>deleri,</span> <span class='ocrx_word' id='word_1_44' title='bbox 1011 416 1106 470; x_wconf 87' lang='lat' dir='ltr'>quia</span> <span class='ocrx_word' id='word_1_45' title='bbox 1144 429 1264 469; x_wconf 88' lang='lat' dir='ltr'>quam</span> <span class='ocrx_word' id='word_1_46' title='bbox 1308 415 1426 470; x_wconf 85' lang='lat' dir='ltr'>plura</span> <span class='ocrx_word' id='word_1_47' title='bbox 1465 416 1575 458; x_wconf 89' lang='lat' dir='ltr'>mala</span> <span class='ocrx_word' id='word_1_48' title='bbox 1613 421 1653 458; x_wconf 93' lang='lat' dir='ltr'>et</span> <span class='ocrx_word' id='word_1_49' title='bbox 1691 416 1864 458; x_wconf 84' lang='lat' dir='ltr'>adversa</span> 
     </span>
     <span class='ocr_line' id='line_1_7' title="bbox 182 487 1864 545; baseline -0.001 -14"><span class='ocrx_word' id='word_1_50' title='bbox 182 494 353 545; x_wconf 88' lang='lat' dir='ltr'>propter</span> <span class='ocrx_word' id='word_1_51' title='bbox 392 490 511 531; x_wconf 89' lang='lat' dir='ltr'>deum</span> <span class='ocrx_word' id='word_1_52' title='bbox 554 489 858 540; x_wconf 86' lang='lat' dir='ltr'>sustinuerunt,</span> <span class='ocrx_word' id='word_1_53' title='bbox 900 487 1027 529; x_wconf 91' lang='lat' dir='ltr'>unde:</span> <span class='ocrx_word' id='word_1_54' title='bbox 1069 487 1123 528; x_wconf 88' lang='lat' dir='ltr'>Et</span> <span class='ocrx_word' id='word_1_55' title='bbox 1163 487 1269 528; x_wconf 88' lang='lat' dir='ltr'>beati</span> <span class='ocrx_word' id='word_1_56' title='bbox 1312 488 1380 541; x_wconf 90' lang='lat' dir='ltr'>qui</span> <span class='ocrx_word' id='word_1_57' title='bbox 1420 488 1753 542; x_wconf 88' lang='lat' dir='ltr'>persecucionem</span> <span class='ocrx_word' id='word_1_58' title='bbox 1792 499 1864 542; x_wconf 85' lang='lat' dir='ltr'>pa-</span> 
     </span>
     <span class='ocr_line' id='line_1_8' title="bbox 182 557 1862 614; baseline -0.001 -12"><span class='ocrx_word' id='word_1_59' title='bbox 182 561 346 603; x_wconf 88' lang='lat' dir='ltr'>ciuntur</span> <span class='ocrx_word' id='word_1_60' title='bbox 386 565 460 603; x_wconf 90' lang='lat' dir='ltr'>etc.</span> <span class='ocrx_word' id='word_1_61' title='bbox 518 560 661 602; x_wconf 86' lang='lat' dir='ltr'>Eciam</span> <span class='ocrx_word' id='word_1_62' title='bbox 705 559 875 601; x_wconf 88' lang='lat' dir='ltr'>dicitur:</span> <span class='ocrx_word' id='word_1_63' title='bbox 925 557 1041 600; x_wconf 85' lang='lat' dir='ltr'>Beati</span> <span class='ocrx_word' id='word_1_64' title='bbox 1082 557 1241 613; x_wconf 85' lang='lat' dir='ltr'>pacifici</span> <span class='ocrx_word' id='word_1_65' title='bbox 1290 559 1386 612; x_wconf 87' lang='lat' dir='ltr'>quia</span> <span class='ocrx_word' id='word_1_66' title='bbox 1432 558 1610 612; x_wconf 83' lang='lat' dir='ltr'>aliquam</span> <span class='ocrx_word' id='word_1_67' title='bbox 1659 557 1862 614; x_wconf 88' lang='lat' dir='ltr'>superbie,</span> 
     </span>
     <span class='ocr_line' id='line_1_9' title="bbox 183 629 1863 685; baseline -0.001 -11"><span class='ocrx_word' id='word_1_68' title='bbox 183 632 381 684; x_wconf 78' lang='lat' dir='ltr'>avaricie,</span> <span class='ocrx_word' id='word_1_69' title='bbox 422 631 585 673; x_wconf 84' lang='lat' dir='ltr'>luxurie</span> <span class='ocrx_word' id='word_1_70' title='bbox 625 634 697 672; x_wconf 87' lang='lat' dir='ltr'>aut</span> <span class='ocrx_word' id='word_1_71' title='bbox 735 634 964 672; x_wconf 91' lang='lat' dir='ltr'>ceterorum</span> <span class='ocrx_word' id='word_1_72' title='bbox 1000 633 1259 684; x_wconf 82' lang='lat' dir='ltr'>peccatorum</span> <span class='ocrx_word' id='word_1_73' title='bbox 1293 629 1473 671; x_wconf 87' lang='lat' dir='ltr'>radicem</span> <span class='ocrx_word' id='word_1_74' title='bbox 1517 629 1655 672; x_wconf 90' lang='lat' dir='ltr'>delent</span> <span class='ocrx_word' id='word_1_75' title='bbox 1685 643 1759 685; x_wconf 88' lang='lat' dir='ltr'>per</span> <span class='ocrx_word' id='word_1_76' title='bbox 1789 643 1863 685; x_wconf 87' lang='lat' dir='ltr'>pa-</span> 
     </span>
     <span class='ocr_line' id='line_1_10' title="bbox 182 700 1861 758; baseline -0.002 -13"><span class='ocrx_word' id='word_1_77' title='bbox 182 704 379 745; x_wconf 83' lang='lat' dir='ltr'>cienciam</span> <span class='ocrx_word' id='word_1_78' title='bbox 414 707 453 745; x_wconf 93' lang='lat' dir='ltr'>et</span> <span class='ocrx_word' id='word_1_79' title='bbox 478 703 768 758; x_wconf 86' lang='lat' dir='ltr'>penitenciam,</span> <span class='ocrx_word' id='word_1_80' title='bbox 803 701 899 755; x_wconf 89' lang='lat' dir='ltr'>quia</span> <span class='ocrx_word' id='word_1_81' title='bbox 931 701 966 742; x_wconf 89' lang='lat' dir='ltr'>si</span> <span class='ocrx_word' id='word_1_82' title='bbox 997 701 1072 742; x_wconf 88' lang='lat' dir='ltr'>deo</span> <span class='ocrx_word' id='word_1_83' title='bbox 1105 700 1278 741; x_wconf 86' lang='lat' dir='ltr'>firmiter</span> <span class='ocrx_word' id='word_1_84' title='bbox 1312 701 1523 754; x_wconf 80' lang='lat' dir='ltr'>adherent,</span> <span class='ocrx_word' id='word_1_85' title='bbox 1557 700 1744 743; x_wconf 79' lang='lat' dir='ltr'>arborem</span> <span class='ocrx_word' id='word_1_86' title='bbox 1777 701 1803 742; x_wconf 92' lang='lat' dir='ltr'>i.</span> <span class='ocrx_word' id='word_1_87' title='bbox 1828 714 1861 743; x_wconf 89' lang='lat' dir='ltr'>e.</span> 
     </span>
     <span class='ocr_line' id='line_1_11' title="bbox 182 770 1864 829; baseline -0.001 -13"><span class='ocrx_word' id='word_1_88' title='bbox 182 779 366 817; x_wconf 78' lang='lat' dir='ltr'>sanctam</span> <span class='ocrx_word' id='word_1_89' title='bbox 400 787 561 816; x_wconf 90' lang='lat' dir='ltr'>crucem</span> <span class='ocrx_word' id='word_1_90' title='bbox 595 773 820 829; x_wconf 89' lang='lat' dir='ltr'>possident,</span> <span class='ocrx_word' id='word_1_91' title='bbox 855 775 895 813; x_wconf 93' lang='lat' dir='ltr'>et</span> <span class='ocrx_word' id='word_1_92' title='bbox 926 772 984 812; x_wconf 90' lang='lat' dir='ltr'>sic</span> <span class='ocrx_word' id='word_1_93' title='bbox 1013 771 1139 812; x_wconf 87' lang='lat' dir='ltr'>tercio</span> <span class='ocrx_word' id='word_1_94' title='bbox 1162 770 1244 813; x_wconf 85' lang='lat' dir='ltr'>filio</span> <span class='ocrx_word' id='word_1_95' title='bbox 1277 772 1302 813; x_wconf 89' lang='lat' dir='ltr'>i.</span> <span class='ocrx_word' id='word_1_96' title='bbox 1327 785 1360 814; x_wconf 88' lang='lat' dir='ltr'>e.</span> <span class='ocrx_word' id='word_1_97' title='bbox 1385 771 1509 813; x_wconf 86' lang='lat' dir='ltr'>Cristi</span> <span class='ocrx_word' id='word_1_98' title='bbox 1532 771 1721 814; x_wconf 88' lang='lat' dir='ltr'>fidelibus</span> <span class='ocrx_word' id='word_1_99' title='bbox 1743 772 1864 814; x_wconf 88' lang='lat' dir='ltr'>datur</span> 
     </span>
     <span class='ocr_line' id='line_1_12' title="bbox 183 842 1864 888; baseline -0.002 0"><span class='ocrx_word' id='word_1_100' title='bbox 183 846 304 888; x_wconf 88' lang='lat' dir='ltr'>arbor</span> <span class='ocrx_word' id='word_1_101' title='bbox 335 846 360 887; x_wconf 93' lang='lat' dir='ltr'>i.</span> <span class='ocrx_word' id='word_1_102' title='bbox 386 859 418 887; x_wconf 89' lang='lat' dir='ltr'>e.</span> <span class='ocrx_word' id='word_1_103' title='bbox 443 848 587 887; x_wconf 85' lang='lat' dir='ltr'>sancta</span> <span class='ocrx_word' id='word_1_104' title='bbox 618 858 717 886; x_wconf 85' lang='lat' dir='ltr'>crux</span> <span class='ocrx_word' id='word_1_105' title='bbox 750 844 792 885; x_wconf 88' lang='lat' dir='ltr'>in</span> <span class='ocrx_word' id='word_1_106' title='bbox 825 842 1126 884; x_wconf 86' lang='lat' dir='ltr'>defendiculum</span> <span class='ocrx_word' id='word_1_107' title='bbox 1150 847 1190 884; x_wconf 91' lang='lat' dir='ltr'>et</span> <span class='ocrx_word' id='word_1_108' title='bbox 1212 843 1536 885; x_wconf 81' lang='lat' dir='ltr'>sustentaculum</span> <span class='ocrx_word' id='word_1_109' title='bbox 1561 848 1704 886; x_wconf 87' lang='lat' dir='ltr'>contra</span> <span class='ocrx_word' id='word_1_110' title='bbox 1726 843 1864 885; x_wconf 91' lang='lat' dir='ltr'>omnia</span> 
     </span>
     <span class='ocr_line' id='line_1_13' title="bbox 182 914 1863 970; baseline -0.001 -11"><span class='ocrx_word' id='word_1_111' title='bbox 182 918 373 970; x_wconf 83' lang='lat' dir='ltr'>adversa,</span> <span class='ocrx_word' id='word_1_112' title='bbox 423 917 530 958; x_wconf 89' lang='lat' dir='ltr'>unde</span> <span class='ocrx_word' id='word_1_113' title='bbox 571 916 683 957; x_wconf 81' lang='lat' dir='ltr'>canit</span> <span class='ocrx_word' id='word_1_114' title='bbox 720 919 863 956; x_wconf 85' lang='lat' dir='ltr'>sancta</span> <span class='ocrx_word' id='word_1_115' title='bbox 903 914 1093 957; x_wconf 88' lang='lat' dir='ltr'>ecclesia:</span> <span class='ocrx_word' id='word_1_116' title='bbox 1143 914 1221 956; x_wconf 90' lang='lat' dir='ltr'>Per</span> <span class='ocrx_word' id='word_1_117' title='bbox 1259 915 1422 968; x_wconf 86' lang='lat' dir='ltr'>signum</span> <span class='ocrx_word' id='word_1_118' title='bbox 1461 918 1603 957; x_wconf 90' lang='lat' dir='ltr'>sancte</span> <span class='ocrx_word' id='word_1_119' title='bbox 1643 914 1774 958; x_wconf 87' lang='lat' dir='ltr'>crucis</span> <span class='ocrx_word' id='word_1_120' title='bbox 1813 914 1863 957; x_wconf 87' lang='lat' dir='ltr'>de</span> 
     </span>
     <span class='ocr_line' id='line_1_14' title="bbox 181 986 1140 1039; baseline -0.002 -10"><span class='ocrx_word' id='word_1_121' title='bbox 181 987 359 1029; x_wconf 85' lang='lat' dir='ltr'>inimicis</span> <span class='ocrx_word' id='word_1_122' title='bbox 391 987 543 1029; x_wconf 90' lang='lat' dir='ltr'>nostris</span> <span class='ocrx_word' id='word_1_123' title='bbox 575 987 705 1029; x_wconf 85' lang='lat' dir='ltr'>libera</span> <span class='ocrx_word' id='word_1_124' title='bbox 736 1000 825 1039; x_wconf 90' lang='lat' dir='ltr'>nos,</span> <span class='ocrx_word' id='word_1_125' title='bbox 858 986 957 1028; x_wconf 92' lang='lat' dir='ltr'>deus</span> <span class='ocrx_word' id='word_1_126' title='bbox 988 991 1140 1028; x_wconf 86' lang='lat' dir='ltr'>noster.</span> 
     </span>
    </p>
   </div>
   <div class='ocr_carea' id='block_1_3' title="bbox 877 1198 1176 1254">
    <p class='ocr_par' dir='ltr' id='par_1_3' title="bbox 877 1198 1176 1254">
     <span class='ocr_line' id='line_1_15' title="bbox 877 1198 1176 1254; baseline 0.003 -13"><span class='ocrx_word' id='word_1_127' title='bbox 877 1198 975 1253; x_wconf 71' lang='lat'>197,</span> <span class='ocrx_word' id='word_1_128' title='bbox 1008 1211 1112 1254; x_wconf 82' lang='lat' dir='ltr'>app.</span> <span class='ocrx_word' id='word_1_129' title='bbox 1138 1198 1176 1242; x_wconf 89' lang='lat'>1.</span> 
     </span>
    </p>
   </div>
   <div class='ocr_carea' id='block_1_4' title="bbox 182 1298 1868 1855">
    <p class='ocr_par' dir='ltr' id='par_1_4' title="bbox 182 1298 1868 1855">
     <span class='ocr_line' id='line_1_16' title="bbox 299 1298 1866 1355; baseline -0.001 -12"><span class='ocrx_word' id='word_1_130' title='bbox 299 1300 469 1355; x_wconf 82' lang='lat' dir='ltr'>Legitur</span> <span class='ocrx_word' id='word_1_131' title='bbox 499 1301 542 1342; x_wconf 88' lang='lat' dir='ltr'>in</span> <span class='ocrx_word' id='word_1_132' title='bbox 575 1300 679 1342; x_wconf 89' lang='lat' dir='ltr'>vitas</span> <span class='ocrx_word' id='word_1_133' title='bbox 717 1303 882 1355; x_wconf 86' lang='lat' dir='ltr'>patrum</span> <span class='ocrx_word' id='word_1_134' title='bbox 917 1300 1024 1354; x_wconf 91' lang='lat' dir='ltr'>quod</span> <span class='ocrx_word' id='word_1_135' title='bbox 1059 1304 1234 1354; x_wconf 87' lang='lat' dir='ltr'>quatuor</span> <span class='ocrx_word' id='word_1_136' title='bbox 1265 1299 1464 1342; x_wconf 80' lang='lat' dir='ltr'>heremite</span> <span class='ocrx_word' id='word_1_137' title='bbox 1501 1299 1729 1354; x_wconf 85' lang='lat' dir='ltr'>querebant</span> <span class='ocrx_word' id='word_1_138' title='bbox 1758 1298 1866 1341; x_wconf 90' lang='lat' dir='ltr'>inter</span> 
     </span>
     <span class='ocr_line' id='line_1_17' title="bbox 183 1369 1868 1427; baseline -0.001 -13"><span class='ocrx_word' id='word_1_139' title='bbox 183 1386 239 1426; x_wconf 86' lang='lat' dir='ltr'>se,</span> <span class='ocrx_word' id='word_1_140' title='bbox 273 1372 380 1427; x_wconf 88' lang='lat' dir='ltr'>quod</span> <span class='ocrx_word' id='word_1_141' title='bbox 414 1372 587 1426; x_wconf 86' lang='lat' dir='ltr'>quilibet</span> <span class='ocrx_word' id='word_1_142' title='bbox 618 1372 772 1414; x_wconf 87' lang='lat' dir='ltr'>diceret</span> <span class='ocrx_word' id='word_1_143' title='bbox 804 1385 919 1413; x_wconf 90' lang='lat' dir='ltr'>suam</span> <span class='ocrx_word' id='word_1_144' title='bbox 942 1371 1243 1413; x_wconf 89' lang='lat' dir='ltr'>nobilissimam</span> <span class='ocrx_word' id='word_1_145' title='bbox 1267 1372 1475 1413; x_wconf 85' lang='lat' dir='ltr'>virtutem.</span> <span class='ocrx_word' id='word_1_146' title='bbox 1519 1370 1683 1413; x_wconf 88' lang='lat' dir='ltr'>Primus</span> <span class='ocrx_word' id='word_1_147' title='bbox 1705 1369 1868 1412; x_wconf 86' lang='lat' dir='ltr'>dicebat</span> 
     </span>
     <span class='ocr_line' id='line_1_18' title="bbox 183 1441 1868 1499; baseline -0.001 -14"><span class='ocrx_word' id='word_1_148' title='bbox 183 1444 290 1499; x_wconf 89' lang='lat' dir='ltr'>quod</span> <span class='ocrx_word' id='word_1_149' title='bbox 323 1444 498 1485; x_wconf 88' lang='lat' dir='ltr'>multum</span> <span class='ocrx_word' id='word_1_150' title='bbox 540 1446 648 1486; x_wconf 90' lang='lat' dir='ltr'>esset</span> <span class='ocrx_word' id='word_1_151' title='bbox 687 1442 853 1485; x_wconf 90' lang='lat' dir='ltr'>humilis</span> <span class='ocrx_word' id='word_1_152' title='bbox 892 1447 938 1485; x_wconf 93' lang='lat' dir='ltr'>ut</span> <span class='ocrx_word' id='word_1_153' title='bbox 976 1443 1053 1485; x_wconf 89' lang='lat' dir='ltr'>sibi</span> <span class='ocrx_word' id='word_1_154' title='bbox 1094 1443 1322 1496; x_wconf 84' lang='lat' dir='ltr'>videretur,</span> <span class='ocrx_word' id='word_1_155' title='bbox 1362 1442 1436 1484; x_wconf 65' lang='lat'>2²¹²¹³</span> <span class='ocrx_word' id='word_1_156' title='bbox 1474 1442 1580 1484; x_wconf 80' lang='lat' dir='ltr'>dixit</span> <span class='ocrx_word' id='word_1_157' title='bbox 1619 1441 1727 1497; x_wconf 90' lang='lat' dir='ltr'>quod.</span> <span class='ocrx_word' id='word_1_158' title='bbox 1759 1445 1868 1484; x_wconf 87' lang='lat' dir='ltr'>esset</span> 
     </span>
     <span class='ocr_line' id='line_1_19' title="bbox 183 1513 1867 1570; baseline -0.001 -14"><span class='ocrx_word' id='word_1_159' title='bbox 183 1515 373 1570; x_wconf 81' lang='lat' dir='ltr'>paciens,</span> <span class='ocrx_word' id='word_1_160' title='bbox 416 1516 472 1557; x_wconf 71' lang='lat'>3¹¹⁵</span> <span class='ocrx_word' id='word_1_161' title='bbox 504 1515 610 1557; x_wconf 89' lang='lat' dir='ltr'>dixit</span> <span class='ocrx_word' id='word_1_162' title='bbox 650 1515 757 1569; x_wconf 92' lang='lat' dir='ltr'>quod</span> <span class='ocrx_word' id='word_1_163' title='bbox 789 1514 965 1557; x_wconf 87' lang='lat' dir='ltr'>libenter</span> <span class='ocrx_word' id='word_1_164' title='bbox 1004 1514 1165 1556; x_wconf 88' lang='lat' dir='ltr'>audiret</span> <span class='ocrx_word' id='word_1_165' title='bbox 1196 1514 1365 1556; x_wconf 89' lang='lat' dir='ltr'>verbum</span> <span class='ocrx_word' id='word_1_166' title='bbox 1399 1514 1486 1568; x_wconf 86' lang='lat' dir='ltr'>dei,</span> <span class='ocrx_word' id='word_1_167' title='bbox 1524 1516 1593 1555; x_wconf 65' lang='grc' dir='ltr'>4ωε</span> <span class='ocrx_word' id='word_1_168' title='bbox 1623 1514 1730 1556; x_wconf 88' lang='lat' dir='ltr'>dixit</span> <span class='ocrx_word' id='word_1_169' title='bbox 1759 1513 1867 1568; x_wconf 91' lang='lat' dir='ltr'>quod</span> 
     </span>
     <span class='ocr_line' id='line_1_20' title="bbox 182 1585 1867 1640; baseline -0.001 -13"><span class='ocrx_word' id='word_1_170' title='bbox 182 1586 358 1628; x_wconf 86' lang='lat' dir='ltr'>libenter</span> <span class='ocrx_word' id='word_1_171' title='bbox 390 1590 538 1629; x_wconf 88' lang='lat' dir='ltr'>oraret.</span> <span class='ocrx_word' id='word_1_172' title='bbox 592 1586 664 1628; x_wconf 85' lang='lat' dir='ltr'>Isti</span> <span class='ocrx_word' id='word_1_173' title='bbox 698 1590 874 1640; x_wconf 85' lang='lat' dir='ltr'>quatuor</span> <span class='ocrx_word' id='word_1_174' title='bbox 907 1589 1128 1628; x_wconf 81' lang='lat' dir='ltr'>oraverunt</span> <span class='ocrx_word' id='word_1_175' title='bbox 1159 1587 1416 1629; x_wconf 85' lang='lat' dir='ltr'>concorditer</span> <span class='ocrx_word' id='word_1_176' title='bbox 1447 1585 1568 1628; x_wconf 88' lang='lat' dir='ltr'>deum</span> <span class='ocrx_word' id='word_1_177' title='bbox 1601 1589 1647 1627; x_wconf 92' lang='lat' dir='ltr'>ut</span> <span class='ocrx_word' id='word_1_178' title='bbox 1677 1585 1777 1627; x_wconf 92' lang='lat' dir='ltr'>deus</span> <span class='ocrx_word' id='word_1_179' title='bbox 1809 1585 1867 1627; x_wconf 93' lang='lat' dir='ltr'>eis</span> 
     </span>
     <span class='ocr_line' id='line_1_21' title="bbox 182 1657 1867 1712; baseline -0.001 -13"><span class='ocrx_word' id='word_1_180' title='bbox 182 1658 470 1700; x_wconf 79' lang='lat' dir='ltr'>manifestaret</span> <span class='ocrx_word' id='word_1_181' title='bbox 502 1658 591 1712; x_wconf 90' lang='lat' dir='ltr'>quis</span> <span class='ocrx_word' id='word_1_182' title='bbox 624 1657 788 1699; x_wconf 88' lang='lat' dir='ltr'>illorum</span> <span class='ocrx_word' id='word_1_183' title='bbox 822 1662 930 1699; x_wconf 90' lang='lat' dir='ltr'>esset</span> <span class='ocrx_word' id='word_1_184' title='bbox 962 1658 1154 1711; x_wconf 87' lang='lat' dir='ltr'>sanctior,</span> <span class='ocrx_word' id='word_1_185' title='bbox 1188 1662 1228 1700; x_wconf 92' lang='lat' dir='ltr'>et</span> <span class='ocrx_word' id='word_1_186' title='bbox 1259 1658 1476 1700; x_wconf 82' lang='lat' dir='ltr'>audierunt</span> <span class='ocrx_word' id='word_1_187' title='bbox 1500 1670 1639 1699; x_wconf 88' lang='lat' dir='ltr'>vocem</span> <span class='ocrx_word' id='word_1_188' title='bbox 1663 1657 1867 1699; x_wconf 83' lang='lat' dir='ltr'>dicentem</span> 
     </span>
     <span class='ocr_line' id='line_1_22' title="bbox 185 1728 1866 1784; baseline -0.001 -14"><span class='ocrx_word' id='word_1_189' title='bbox 185 1729 262 1771; x_wconf 88' lang='lat' dir='ltr'>eis:</span> <span class='ocrx_word' id='word_1_190' title='bbox 302 1729 461 1784; x_wconf 87' lang='lat' dir='ltr'>primus</span> <span class='ocrx_word' id='word_1_191' title='bbox 494 1743 545 1771; x_wconf 86' lang='lat' dir='ltr'>ex</span> <span class='ocrx_word' id='word_1_192' title='bbox 578 1728 692 1771; x_wconf 90' lang='lat' dir='ltr'>vobis</span> <span class='ocrx_word' id='word_1_193' title='bbox 723 1742 789 1770; x_wconf 91' lang='lat' dir='ltr'>me</span> <span class='ocrx_word' id='word_1_194' title='bbox 822 1729 956 1784; x_wconf 90' lang='lat' dir='ltr'>capit,</span> <span class='ocrx_word' id='word_1_195' title='bbox 998 1729 1070 1770; x_wconf 67' lang='lat'>2⁶⁰⁹</span> <span class='ocrx_word' id='word_1_196' title='bbox 1103 1742 1167 1771; x_wconf 89' lang='lat' dir='ltr'>me</span> <span class='ocrx_word' id='word_1_197' title='bbox 1199 1733 1333 1782; x_wconf 91' lang='lat' dir='ltr'>tenet,</span> <span class='ocrx_word' id='word_1_198' title='bbox 1368 1730 1425 1770; x_wconf 74' lang='lat'>3¹¹³</span> <span class='ocrx_word' id='word_1_199' title='bbox 1455 1742 1521 1770; x_wconf 89' lang='lat' dir='ltr'>me</span> <span class='ocrx_word' id='word_1_200' title='bbox 1552 1728 1674 1782; x_wconf 88' lang='lat' dir='ltr'>ligat,</span> <span class='ocrx_word' id='word_1_201' title='bbox 1712 1729 1770 1769; x_wconf 79' lang='lat'><strong>4¹¹⁸</strong></span> <span class='ocrx_word' id='word_1_202' title='bbox 1800 1741 1866 1770; x_wconf 89' lang='lat' dir='ltr'>me</span> 
     </span>
     <span class='ocr_line' id='line_1_23' title="bbox 185 1799 1865 1855; baseline 0 -14"><span class='ocrx_word' id='word_1_203' title='bbox 185 1800 298 1842; x_wconf 89' lang='lat' dir='ltr'>ducit</span> <span class='ocrx_word' id='word_1_204' title='bbox 328 1814 406 1854; x_wconf 87' lang='lat' dir='ltr'>quo</span> <span class='ocrx_word' id='word_1_205' title='bbox 439 1800 538 1854; x_wconf 84' lang='lat' dir='ltr'>vult,</span> <span class='ocrx_word' id='word_1_206' title='bbox 574 1804 613 1842; x_wconf 90' lang='lat' dir='ltr'>et</span> <span class='ocrx_word' id='word_1_207' title='bbox 646 1800 704 1842; x_wconf 91' lang='lat' dir='ltr'>sic</span> <span class='ocrx_word' id='word_1_208' title='bbox 737 1800 910 1855; x_wconf 90' lang='lat' dir='ltr'>quilibet</span> <span class='ocrx_word' id='word_1_209' title='bbox 930 1814 996 1843; x_wconf 90' lang='lat' dir='ltr'>me</span> <span class='ocrx_word' id='word_1_210' title='bbox 1017 1804 1130 1843; x_wconf 91' lang='lat' dir='ltr'>tenet</span> <span class='ocrx_word' id='word_1_211' title='bbox 1149 1800 1193 1842; x_wconf 87' lang='lat' dir='ltr'>in</span> <span class='ocrx_word' id='word_1_212' title='bbox 1214 1800 1302 1842; x_wconf 90' lang='lat' dir='ltr'>loco</span> <span class='ocrx_word' id='word_1_213' title='bbox 1326 1814 1399 1842; x_wconf 92' lang='lat' dir='ltr'>suo</span> <span class='ocrx_word' id='word_1_214' title='bbox 1420 1814 1495 1855; x_wconf 93' lang='lat' dir='ltr'>per</span> <span class='ocrx_word' id='word_1_215' title='bbox 1516 1813 1633 1842; x_wconf 88' lang='lat' dir='ltr'>suam</span> <span class='ocrx_word' id='word_1_216' title='bbox 1655 1799 1865 1842; x_wconf 87' lang='lat' dir='ltr'>virtutem.</span> 
     </span>
    </p>
   </div>
   <div class='ocr_carea' id='block_1_5' title="bbox 875 2024 1179 2080">
    <p class='ocr_par' dir='ltr' id='par_1_5' title="bbox 875 2024 1179 2080">
     <span class='ocr_line' id='line_1_24' title="bbox 875 2024 1179 2080; baseline 0 -12"><span class='ocrx_word' id='word_1_217' title='bbox 875 2024 977 2080; x_wconf 83' lang='lat'>198,</span> <span class='ocrx_word' id='word_1_218' title='bbox 1010 2038 1112 2080; x_wconf 83' lang='lat' dir='ltr'>app.</span> <span class='ocrx_word' id='word_1_219' title='bbox 1137 2025 1179 2068; x_wconf 77' lang='lat'>2.</span> 
     </span>
    </p>
   </div>
   <div class='ocr_carea' id='block_1_6' title="bbox 186 2124 1915 2963">
    <p class='ocr_par' dir='ltr' id='par_1_6' title="bbox 186 2124 1915 2963">
     <span class='ocr_line' id='line_1_25' title="bbox 302 2124 1867 2181; baseline 0.002 -15"><span class='ocrx_word' id='word_1_220' title='bbox 302 2124 556 2167; x_wconf 86' lang='lat' dir='ltr'>Allexander</span> <span class='ocrx_word' id='word_1_221' title='bbox 587 2139 760 2178; x_wconf 86' lang='lat' dir='ltr'>magnus</span> <span class='ocrx_word' id='word_1_222' title='bbox 794 2126 885 2180; x_wconf 88' lang='lat' dir='ltr'>pori</span> <span class='ocrx_word' id='word_1_223' title='bbox 909 2127 1018 2179; x_wconf 86' lang='lat' dir='ltr'>regis</span> <span class='ocrx_word' id='word_1_224' title='bbox 1045 2125 1274 2181; x_wconf 88' lang='lat' dir='ltr'>[Indorum]</span> <span class='ocrx_word' id='word_1_225' title='bbox 1299 2126 1457 2169; x_wconf 91' lang='lat' dir='ltr'>curiam</span> <span class='ocrx_word' id='word_1_226' title='bbox 1477 2126 1651 2169; x_wconf 89' lang='lat' dir='ltr'>intravit</span> <span class='ocrx_word' id='word_1_227' title='bbox 1669 2127 1713 2169; x_wconf 90' lang='lat' dir='ltr'>in</span> <span class='ocrx_word' id='word_1_228' title='bbox 1732 2126 1867 2169; x_wconf 87' lang='lat' dir='ltr'>forma</span> 
     </span>
     <span class='ocr_line' id='line_1_26' title="bbox 186 2196 1866 2254; baseline 0.002 -17"><span class='ocrx_word' id='word_1_229' title='bbox 186 2196 330 2237; x_wconf 88' lang='lat' dir='ltr'>militis</span> <span class='ocrx_word' id='word_1_230' title='bbox 369 2196 568 2251; x_wconf 90' lang='lat' dir='ltr'>simplicis</span> <span class='ocrx_word' id='word_1_231' title='bbox 611 2196 864 2252; x_wconf 90' lang='lat' dir='ltr'>explorando</span> <span class='ocrx_word' id='word_1_232' title='bbox 903 2198 989 2251; x_wconf 90' lang='lat' dir='ltr'>ejus</span> <span class='ocrx_word' id='word_1_233' title='bbox 1031 2202 1279 2253; x_wconf 89' lang='lat' dir='ltr'>potestatem</span> <span class='ocrx_word' id='word_1_234' title='bbox 1321 2202 1362 2241; x_wconf 87' lang='lat' dir='ltr'>et</span> <span class='ocrx_word' id='word_1_235' title='bbox 1401 2202 1568 2241; x_wconf 91' lang='lat' dir='ltr'>statum.</span> <span class='ocrx_word' id='word_1_236' title='bbox 1629 2211 1755 2254; x_wconf 89' lang='lat' dir='ltr'>porus</span> <span class='ocrx_word' id='word_1_237' title='bbox 1792 2211 1866 2241; x_wconf 87' lang='lat' dir='ltr'>rex</span> 
     </span>
     <span class='ocr_line' id='line_1_27' title="bbox 188 2267 1864 2325; baseline 0.002 -17"><span class='ocrx_word' id='word_1_238' title='bbox 188 2271 337 2322; x_wconf 89' lang='lat' dir='ltr'>putans</span> <span class='ocrx_word' id='word_1_239' title='bbox 371 2267 657 2310; x_wconf 88' lang='lat' dir='ltr'>allexandrum</span> <span class='ocrx_word' id='word_1_240' title='bbox 690 2268 864 2310; x_wconf 89' lang='lat' dir='ltr'>militem</span> <span class='ocrx_word' id='word_1_241' title='bbox 905 2283 993 2311; x_wconf 89' lang='lat' dir='ltr'>esse</span> <span class='ocrx_word' id='word_1_242' title='bbox 1032 2269 1262 2325; x_wconf 89' lang='lat' dir='ltr'>simplicem</span> <span class='ocrx_word' id='word_1_243' title='bbox 1295 2283 1386 2312; x_wconf 90' lang='lat' dir='ltr'>eum</span> <span class='ocrx_word' id='word_1_244' title='bbox 1419 2269 1640 2313; x_wconf 87' lang='lat' dir='ltr'>honorifice</span> <span class='ocrx_word' id='word_1_245' title='bbox 1671 2269 1864 2325; x_wconf 89' lang='lat' dir='ltr'>suscepit.</span> 
     </span>
     <span class='ocr_line' id='line_1_28' title="bbox 186 2338 1868 2395; baseline 0.003 -16"><span class='ocrx_word' id='word_1_246' title='bbox 186 2338 441 2381; x_wconf 86' lang='lat' dir='ltr'>Allexander</span> <span class='ocrx_word' id='word_1_247' title='bbox 480 2353 574 2381; x_wconf 87' lang='lat' dir='ltr'>vero</span> <span class='ocrx_word' id='word_1_248' title='bbox 614 2339 688 2381; x_wconf 90' lang='lat' dir='ltr'>sub</span> <span class='ocrx_word' id='word_1_249' title='bbox 722 2339 931 2381; x_wconf 87' lang='lat' dir='ltr'>anthiochi</span> <span class='ocrx_word' id='word_1_250' title='bbox 963 2341 1128 2383; x_wconf 90' lang='lat' dir='ltr'>nomine</span> <span class='ocrx_word' id='word_1_251' title='bbox 1168 2341 1386 2395; x_wconf 90' lang='lat' dir='ltr'>cujuslibet</span> <span class='ocrx_word' id='word_1_252' title='bbox 1425 2342 1581 2384; x_wconf 86' lang='lat' dir='ltr'>fercula</span> <span class='ocrx_word' id='word_1_253' title='bbox 1611 2355 1712 2383; x_wconf 85' lang='lat' dir='ltr'>vasa</span> <span class='ocrx_word' id='word_1_254' title='bbox 1742 2354 1868 2383; x_wconf 84' lang='lat' dir='ltr'>aurea</span> 
     </span>
     <span class='ocr_line' id='line_1_29' title="bbox 189 2410 1868 2469; baseline 0.002 -18"><span class='ocrx_word' id='word_1_255' title='bbox 189 2415 383 2463; x_wconf 84' lang='lat' dir='ltr'>argentea</span> <span class='ocrx_word' id='word_1_256' title='bbox 415 2410 519 2451; x_wconf 87' lang='lat' dir='ltr'>clam</span> <span class='ocrx_word' id='word_1_257' title='bbox 554 2415 593 2452; x_wconf 91' lang='lat' dir='ltr'>et</span> <span class='ocrx_word' id='word_1_258' title='bbox 613 2411 765 2452; x_wconf 83' lang='lat' dir='ltr'>furtive</span> <span class='ocrx_word' id='word_1_259' title='bbox 788 2411 1009 2453; x_wconf 80' lang='lat' dir='ltr'>occultavit</span> <span class='ocrx_word' id='word_1_260' title='bbox 1031 2417 1071 2454; x_wconf 90' lang='lat' dir='ltr'>et</span> <span class='ocrx_word' id='word_1_261' title='bbox 1092 2413 1134 2454; x_wconf 93' lang='lat' dir='ltr'>in</span> <span class='ocrx_word' id='word_1_262' title='bbox 1158 2426 1262 2468; x_wconf 87' lang='lat' dir='ltr'>synu</span> <span class='ocrx_word' id='word_1_263' title='bbox 1293 2414 1474 2455; x_wconf 86' lang='lat' dir='ltr'>servavit</span> <span class='ocrx_word' id='word_1_264' title='bbox 1494 2418 1707 2469; x_wconf 88' lang='lat' dir='ltr'>tamquam</span> <span class='ocrx_word' id='word_1_265' title='bbox 1729 2416 1868 2455; x_wconf 86' lang='lat' dir='ltr'>essent</span> 
     </span>
     <span class='ocr_line' id='line_1_30' title="bbox 188 2482 1915 2540; baseline 0.003 -18"><span class='ocrx_word' id='word_1_266' title='bbox 188 2494 273 2523; x_wconf 83' lang='lat' dir='ltr'>sua.</span> <span class='ocrx_word' id='word_1_267' title='bbox 322 2482 552 2524; x_wconf 84' lang='lat' dir='ltr'>Accusatus</span> <span class='ocrx_word' id='word_1_268' title='bbox 586 2485 648 2524; x_wconf 89' lang='lat' dir='ltr'>est</span> <span class='ocrx_word' id='word_1_269' title='bbox 679 2483 787 2524; x_wconf 92' lang='lat' dir='ltr'>enim</span> <span class='ocrx_word' id='word_1_270' title='bbox 821 2483 872 2524; x_wconf 90' lang='lat' dir='ltr'>ad</span> <span class='ocrx_word' id='word_1_271' title='bbox 904 2496 1051 2538; x_wconf 90' lang='lat' dir='ltr'>porum</span> <span class='ocrx_word' id='word_1_272' title='bbox 1082 2497 1222 2538; x_wconf 87' lang='lat' dir='ltr'>regem</span> <span class='ocrx_word' id='word_1_273' title='bbox 1255 2489 1295 2526; x_wconf 92' lang='lat' dir='ltr'>et</span> <span class='ocrx_word' id='word_1_274' title='bbox 1326 2489 1605 2540; x_wconf 85' lang='lat' dir='ltr'>presentatus,</span> <span class='ocrx_word' id='word_1_275' title='bbox 1639 2485 1709 2540; x_wconf 92' lang='lat' dir='ltr'>qui</span> <span class='ocrx_word' id='word_1_276' title='bbox 1741 2484 1866 2526; x_wconf 83' lang='lat' dir='ltr'>dixit:</span> <span class='ocrx_word' id='word_1_277' title='bbox 1909 2526 1915 2529; x_wconf 64' lang='grc'>,</span> 
     </span>
     <span class='ocr_line' id='line_1_31' title="bbox 189 2551 1866 2610; baseline 0.003 -17"><span class='ocrx_word' id='word_1_278' title='bbox 189 2551 271 2593; x_wconf 91' lang='lat' dir='ltr'>Cur</span> <span class='ocrx_word' id='word_1_279' title='bbox 302 2553 403 2594; x_wconf 89' lang='lat' dir='ltr'>talia</span> <span class='ocrx_word' id='word_1_280' title='bbox 433 2553 476 2594; x_wconf 93' lang='lat' dir='ltr'>in</span> <span class='ocrx_word' id='word_1_281' title='bbox 509 2553 622 2594; x_wconf 90' lang='lat' dir='ltr'>curia</span> <span class='ocrx_word' id='word_1_282' title='bbox 643 2554 923 2608; x_wconf 79' lang='lat' dir='ltr'>perpetrasti?</span> <span class='ocrx_word' id='word_1_283' title='bbox 955 2554 1030 2596; x_wconf 90' lang='lat' dir='ltr'>Cui</span> <span class='ocrx_word' id='word_1_284' title='bbox 1051 2555 1286 2610; x_wconf 87' lang='lat' dir='ltr'>respondit:</span> <span class='ocrx_word' id='word_1_285' title='bbox 1321 2555 1354 2597; x_wconf 95' lang='grc' dir='ltr'>Ο</span> <span class='ocrx_word' id='word_1_286' title='bbox 1387 2556 1564 2609; x_wconf 90' lang='lat' dir='ltr'>domine,</span> <span class='ocrx_word' id='word_1_287' title='bbox 1597 2570 1671 2610; x_wconf 87' lang='lat' dir='ltr'>ego</span> <span class='ocrx_word' id='word_1_288' title='bbox 1696 2556 1866 2598; x_wconf 89' lang='lat' dir='ltr'>audiens</span> 
     </span>
     <span class='ocr_line' id='line_1_32' title="bbox 187 2623 1866 2680; baseline 0.003 -16"><span class='ocrx_word' id='word_1_289' title='bbox 187 2623 414 2665; x_wconf 80' lang='lat' dir='ltr'>maximam</span> <span class='ocrx_word' id='word_1_290' title='bbox 462 2625 614 2666; x_wconf 85' lang='lat' dir='ltr'>famam</span> <span class='ocrx_word' id='word_1_291' title='bbox 663 2628 776 2666; x_wconf 91' lang='lat' dir='ltr'>tuam</span> <span class='ocrx_word' id='word_1_292' title='bbox 815 2639 939 2680; x_wconf 87' lang='lat' dir='ltr'>super</span> <span class='ocrx_word' id='word_1_293' title='bbox 976 2626 1128 2667; x_wconf 88' lang='lat' dir='ltr'>famam</span> <span class='ocrx_word' id='word_1_294' title='bbox 1172 2626 1401 2668; x_wconf 89' lang='lat' dir='ltr'>allexandri</span> <span class='ocrx_word' id='word_1_295' title='bbox 1439 2627 1482 2668; x_wconf 91' lang='lat' dir='ltr'>in</span> <span class='ocrx_word' id='word_1_296' title='bbox 1521 2627 1676 2669; x_wconf 89' lang='lat' dir='ltr'>milicia</span> <span class='ocrx_word' id='word_1_297' title='bbox 1714 2631 1755 2669; x_wconf 90' lang='lat' dir='ltr'>et</span> <span class='ocrx_word' id='word_1_298' title='bbox 1792 2640 1866 2680; x_wconf 87' lang='lat' dir='ltr'>ego</span> 
     </span>
     <span class='ocr_line' id='line_1_33' title="bbox 188 2695 1866 2752; baseline 0.003 -17"><span class='ocrx_word' id='word_1_299' title='bbox 188 2695 317 2736; x_wconf 86' lang='lat' dir='ltr'>eciam</span> <span class='ocrx_word' id='word_1_300' title='bbox 350 2695 527 2750; x_wconf 88' lang='lat' dir='ltr'>simplex</span> <span class='ocrx_word' id='word_1_301' title='bbox 558 2696 678 2737; x_wconf 91' lang='lat' dir='ltr'>miles</span> <span class='ocrx_word' id='word_1_302' title='bbox 711 2696 761 2737; x_wconf 90' lang='lat' dir='ltr'>ad</span> <span class='ocrx_word' id='word_1_303' title='bbox 794 2700 834 2739; x_wconf 90' lang='lat' dir='ltr'>te</span> <span class='ocrx_word' id='word_1_304' title='bbox 865 2697 959 2739; x_wconf 90' lang='lat' dir='ltr'>veni</span> <span class='ocrx_word' id='word_1_305' title='bbox 991 2701 1036 2739; x_wconf 90' lang='lat' dir='ltr'>ut</span> <span class='ocrx_word' id='word_1_306' title='bbox 1067 2701 1277 2752; x_wconf 86' lang='lat' dir='ltr'>tamquam</span> <span class='ocrx_word' id='word_1_307' title='bbox 1301 2697 1513 2740; x_wconf 91' lang='lat' dir='ltr'>meliorem</span> <span class='ocrx_word' id='word_1_308' title='bbox 1535 2698 1610 2741; x_wconf 91' lang='lat' dir='ltr'>tibi</span> <span class='ocrx_word' id='word_1_309' title='bbox 1631 2698 1866 2740; x_wconf 87' lang='lat' dir='ltr'>assisterem</span> 
     </span>
     <span class='ocr_line' id='line_1_34' title="bbox 189 2766 1867 2818; baseline 0.002 -12"><span class='ocrx_word' id='word_1_310' title='bbox 189 2769 228 2806; x_wconf 88' lang='lat' dir='ltr'>et</span> <span class='ocrx_word' id='word_1_311' title='bbox 259 2780 341 2807; x_wconf 90' lang='lat' dir='ltr'>non</span> <span class='ocrx_word' id='word_1_312' title='bbox 371 2766 470 2818; x_wconf 84' lang='lat' dir='ltr'>sibi3</span> <span class='ocrx_word' id='word_1_313' title='bbox 505 2770 546 2808; x_wconf 92' lang='lat' dir='ltr'>et</span> <span class='ocrx_word' id='word_1_314' title='bbox 577 2770 639 2808; x_wconf 90' lang='lat' dir='ltr'>est</span> <span class='ocrx_word' id='word_1_315' title='bbox 670 2766 735 2808; x_wconf 83' lang='lat' dir='ltr'>lex</span> <span class='ocrx_word' id='word_1_316' title='bbox 768 2767 810 2808; x_wconf 91' lang='lat' dir='ltr'>in</span> <span class='ocrx_word' id='word_1_317' title='bbox 843 2768 958 2809; x_wconf 90' lang='lat' dir='ltr'>curia</span> <span class='ocrx_word' id='word_1_318' title='bbox 989 2768 1218 2810; x_wconf 88' lang='lat' dir='ltr'>allexandri</span> <span class='ocrx_word' id='word_1_319' title='bbox 1248 2774 1293 2810; x_wconf 89' lang='lat' dir='ltr'>ut</span> <span class='ocrx_word' id='word_1_320' title='bbox 1323 2783 1463 2811; x_wconf 90' lang='lat' dir='ltr'>omnes</span> <span class='ocrx_word' id='word_1_321' title='bbox 1486 2769 1638 2810; x_wconf 90' lang='lat' dir='ltr'>milites</span> <span class='ocrx_word' id='word_1_322' title='bbox 1659 2769 1702 2810; x_wconf 91' lang='lat' dir='ltr'>in</span> <span class='ocrx_word' id='word_1_323' title='bbox 1723 2781 1867 2810; x_wconf 89' lang='lat' dir='ltr'>mensa</span> 
     </span>
     <span class='ocr_line' id='line_1_35' title="bbox 189 2836 1866 2894; baseline 0.002 -17"><span class='ocrx_word' id='word_1_324' title='bbox 189 2836 274 2889; x_wconf 87' lang='lat' dir='ltr'>ejus</span> <span class='ocrx_word' id='word_1_325' title='bbox 307 2837 494 2879; x_wconf 89' lang='lat' dir='ltr'>sedentes</span> <span class='ocrx_word' id='word_1_326' title='bbox 527 2838 666 2879; x_wconf 90' lang='lat' dir='ltr'>omnia</span> <span class='ocrx_word' id='word_1_327' title='bbox 696 2851 796 2879; x_wconf 86' lang='lat' dir='ltr'>vasa</span> <span class='ocrx_word' id='word_1_328' title='bbox 827 2852 951 2881; x_wconf 89' lang='lat' dir='ltr'>aurea</span> <span class='ocrx_word' id='word_1_329' title='bbox 984 2844 1024 2881; x_wconf 91' lang='lat' dir='ltr'>et</span> <span class='ocrx_word' id='word_1_330' title='bbox 1055 2844 1250 2892; x_wconf 87' lang='lat' dir='ltr'>argentea</span> <span class='ocrx_word' id='word_1_331' title='bbox 1281 2840 1360 2882; x_wconf 89' lang='lat' dir='ltr'>sibi</span> <span class='ocrx_word' id='word_1_332' title='bbox 1391 2853 1483 2882; x_wconf 90' lang='lat' dir='ltr'>cum</span> <span class='ocrx_word' id='word_1_333' title='bbox 1514 2840 1615 2882; x_wconf 85' lang='lat' dir='ltr'>cibis</span> <span class='ocrx_word' id='word_1_334' title='bbox 1647 2842 1866 2894; x_wconf 85' lang='lat' dir='ltr'>apportata</span> 
     </span>
     <span class='ocr_line' id='line_1_36' title="bbox 188 2906 1865 2963; baseline 0.002 -15"><span class='ocrx_word' id='word_1_335' title='bbox 188 2906 374 2949; x_wconf 86' lang='lat' dir='ltr'>deferant</span> <span class='ocrx_word' id='word_1_336' title='bbox 404 2912 614 2963; x_wconf 88' lang='lat' dir='ltr'>tamquam</span> <span class='ocrx_word' id='word_1_337' title='bbox 646 2910 833 2963; x_wconf 81' lang='lat' dir='ltr'>propria3</span> <span class='ocrx_word' id='word_1_338' title='bbox 865 2914 906 2951; x_wconf 90' lang='lat' dir='ltr'>te</span> <span class='ocrx_word' id='word_1_339' title='bbox 937 2924 1019 2952; x_wconf 90' lang='lat' dir='ltr'>non</span> <span class='ocrx_word' id='word_1_340' title='bbox 1050 2911 1252 2952; x_wconf 90' lang='lat' dir='ltr'>minorem</span> <span class='ocrx_word' id='word_1_341' title='bbox 1285 2924 1331 2952; x_wconf 95' lang='lat' dir='ltr'>eo</span> <span class='ocrx_word' id='word_1_342' title='bbox 1363 2924 1533 2954; x_wconf 90' lang='lat' dir='ltr'>cernens</span> <span class='ocrx_word' id='word_1_343' title='bbox 1566 2910 1738 2953; x_wconf 88' lang='lat' dir='ltr'>eandem</span> <span class='ocrx_word' id='word_1_344' title='bbox 1769 2923 1865 2952; x_wconf 83' lang='lat' dir='ltr'>con-</span> 
     </span>
    </p>
   </div>
  </div>
 </body>
</html>
