1919 3157
881 30 959 69 311

92 144 234 174 amare
264 133 493 187 pecuniam.
542 133 664 185 Avis,
706 146 783 187 que
814 137 876 176 est
907 133 1091 186 inimica,
1130 139 1193 176 est
1223 134 1429 189 diabolus,
1473 134 1573 190 [qui]
1615 136 1760 179 circuit

88 215 284 256 quorem,
318 216 437 256 quem
470 203 655 255 devoret,
689 204 757 258 qui
790 204 854 246 die
887 217 933 246 ae
964 209 1083 247 noete
1114 205 1260 247 nititur
1291 206 1483 260 spiritum
1516 209 1702 248 sanetum
1735 221 1759 248 a

86 272 276 315 cordibus
315 274 467 315 nostris
507 273 725 329 expellere.
787 275 889 325 Quia
929 275 962 316 si
1004 275 1105 317 velis
1151 277 1341 332 spiritum
1388 281 1574 319 sanctum
1622 281 1755 319 tecum

86 342 258 397 habere,
297 343 363 386 fac
393 343 498 385 sicut
529 344 626 386 fecit
658 343 803 386 Guido.
855 345 1065 400 Aspergas
1097 343 1220 401 [mh]
1253 347 1395 389 nidum
1435 361 1526 390 cum
1558 348 1758 401 sanguiue

86 413 180 467 agni
220 413 261 456 id
300 422 363 456 est
400 428 562 469 semper
601 415 723 457 debes
762 415 910 457 habere
952 419 1155 458 recentem
1189 419 1429 459 memoriam
1462 418 1504 460 in
1535 418 1656 460 corde
1687 422 1757 460 tuo

85 484 136 526 de
167 483 319 527 Christi
350 485 563 540 passione,
604 499 725 539 quam
758 499 831 541 pro
864 490 905 528 te
936 486 1144 539 sustinuit,
1177 491 1217 529 et
1248 489 1307 530 sie
1337 489 1483 531 feceris
1515 489 1603 531 sine
1634 489 1756 531 dubio

85 555 173 597 avis
210 555 377 598 inimica
415 555 600 598 diabolus
639 570 719 598 non
753 556 875 598 audet
905 556 991 598 scil.
1018 560 1058 599 te
1097 559 1453 615 appropinquare,
1487 563 1527 601 et
1556 572 1630 614 per
1662 572 1757 601 con-

85 639 258 681 sequens
289 627 461 682 spiritus
492 631 658 669 sanetus
691 627 918 669 remanebit
947 627 989 668 in
1021 632 1061 670 te
1093 631 1134 670 et
1164 629 1222 671 sic
1252 630 1407 685 poteris
1429 643 1571 672 secure
1593 629 1645 672 ad
1675 633 1757 672 ter-

84 710 173 739 ram
206 701 392 740 sanctam
423 697 465 739 id
498 702 560 740 est
591 698 716 740 vitam
750 702 932 740 eternam
964 700 1191 753 pervenire.

825 914 926 957 CAP.
954 915 1018 957 18.

88 1002 210 1059 [196]
246 1000 380 1062 Quod
403 1016 532 1047 omne
548 1008 794 1062 peecatum,
821 1004 1024 1062 quamvis
1040 1003 1414 1062 predestinatorie
1429 1004 1757 1063 qravissimum,

247 1086 339 1130 nisi
374 1085 695 1145 desperationis
734 1084 917 1130 baratro
955 1084 1192 1145 subjaceat.
1230 1088 1289 1131 sit
1323 1085 1593 1131 remissibile.

204 1193 385 1246 Quidam
421 1194 536 1235 miles
574 1203 661 1235 erat
703 1196 866 1235 nomine
902 1193 1120 1245 Julianus,
1170 1196 1245 1249 qui
1289 1203 1505 1250 utrumque
1548 1203 1759 1249 parentem

87 1267 267 1307 nesciens
300 1266 459 1307 occidit.
515 1263 613 1306 Cum
645 1267 751 1306 enim
782 1265 978 1306 Julianus
1016 1267 1091 1306 iste
1127 1265 1277 1307 nobilis
1310 1281 1359 1306 ac
1379 1265 1545 1318 juvenis
1578 1267 1759 1321 quadam

86 1338 153 1378 die
192 1339 403 1379 venationi
439 1339 658 1388 insisteret,
708 1346 743 1378 et
780 1337 983 1391 quendam
1021 1351 1181 1378 cervum
1220 1345 1425 1392 repertum
1463 1338 1755 1391 insequeretur,

85 1395 217 1450 subito
249 1423 388 1449 cert-us
421 1423 558 1449 versus
591 1423 679 1449 eum
710 1423 750 1449 se
784 1410 899 1450 vertit
931 1416 1052 1463 atque
1081 1409 1207 1449 dimit:
1246 1407 1310 1449 Tu
1330 1423 1392 1449 me
1412 1409 1652 1463 insequeris,
1687 1410 1761 1463 qui

83 1481 218 1535 patris
250 1488 286 1521 et
314 1481 460 1521 matris
492 1489 556 1521 tue
589 1481 744 1520 occisor
775 1481 866 1520 eris.
923 1478 1044 1531 Quod
1074 1479 1144 1520 ille
1174 1480 1346 1520 audiens
1377 1479 1624 1520 veliementer
1655 1481 1757 1521 exti-

83 1552 199 1602 muit,
230 1565 281 1592 ne
299 1550 418 1605 forte
447 1551 529 1592 sibi
558 1552 770 1604 eontiqerit
801 1551 912 1605 quod
941 1566 967 1591 a
989 1565 1104 1591 cervo
1127 1551 1329 1591 audierat.
1380 1550 1549 1591 Relictis
1572 1550 1758 1592 omnibus

83 1621 189 1662 clam
219 1623 387 1663 decessit
423 1630 459 1663 et
496 1623 551 1662 acl
587 1623 792 1676 reqionem
829 1621 949 1662 valde
986 1630 1135 1663 remote
1170 1623 1376 1676 pervenit,
1416 1621 1556 1676 ibique
1595 1622 1758 1662 cuidam

80 1694 269 1748 principi
297 1693 465 1734 adhesit.
520 1693 598 1734 Ille
628 1708 721 1734 vero
753 1701 837 1734 tani
867 1701 1026 1734 strenue
1057 1694 1206 1748 ubique
1237 1701 1321 1734 tam
1353 1694 1398 1733 in
1430 1692 1531 1734 bello
1559 1706 1683 1747 quam
1713 1694 1758 1734 in

79 1763 247 1819 palacio
279 1779 321 1805 se
350 1765 513 1815 habuit,
555 1765 666 1819 quod
694 1766 888 1820 princeps
921 1764 1090 1805 militem
1122 1778 1212 1805 eum
1231 1764 1339 1818 fecit
1378 1772 1414 1805 et
1446 1764 1656 1818 quandam
1689 1779 1756 1805 ca-

81 1835 297 1876 stellanam
326 1836 496 1876 viduam
525 1837 570 1876 in
602 1835 812 1890 conJ'uqem
844 1837 882 1876 ei
911 1835 1085 1876 tradidit
1116 1843 1151 1876 et
1173 1834 1382 1876 castellum
1412 1849 1489 1890 pro
1523 1835 1614 1875 dote
1645 1848 1756 1876 acce-

77 1907 156 1961 pit.
214 1905 254 1947 T
251 1921 331 1947 unc
358 1915 549 1962 parentes
580 1906 749 1947 Juliani
778 1921 860 1961 pro
892 1907 1111 1947 amissione
1141 1906 1228 1959 filii
1262 1907 1436 1946 nimium
1473 1905 1652 1947 dolentes
1683 1921 1757 1946 va-

79 1976 268 2032 yabundi
296 1977 446 2032 ubique
474 1977 697 2032 perqebant
729 1986 763 2018 et
782 1977 922 2030 filium
955 1992 1074 2018 suum
1095 1977 1265 2018 sollicite
1287 1976 1520 2032 querebant.
1573 1976 1757 2019 Tandem

82 2048 138 2089 acl
169 2056 371 2099 castrum,
405 2048 478 2088 ubi
505 2048 702 2089 Julianus
728 2057 908 2104 preerat,
941 2056 1146 2089 venerunt.
1200 2038 1300 2089 Cuni
1330 2047 1551 2099 Julianus,
1587 2050 1757 2103 quinam

83 2127 211 2160 essent
239 2120 494 2174 inquisisset,
530 2127 565 2161 et
595 2119 661 2160 illi
691 2121 849 2170 omnia,
892 2134 968 2174 que
988 2119 1082 2172 filio
1115 2119 1341 2170 acciderat,
1377 2127 1656 2170 enarrassent,
1689 2120 1755 2160 in-

82 2189 246 2241 tellexit,
281 2190 391 2244 quod
420 2191 508 2230 veri
533 2198 724 2244 parentes
754 2192 838 2231 viri
866 2193 933 2231 sui
961 2199 1102 2241 essent,
1136 2198 1272 2246 utpote
1305 2204 1380 2244 que
1411 2190 1480 2231 bec
1508 2206 1533 2230 a
1560 2191 1650 2231 viro
1682 2204 1755 2232 suo

69 2260 314 2316 frequenter
332 2260 451 2314 forte
481 2261 682 2302 audierat.
734 2261 855 2316 Ipsos
886 2263 1014 2316 iqitur
1045 2261 1216 2315 beniyne
1246 2262 1423 2316 suscepit
1455 2269 1490 2302 et
1517 2275 1595 2316 pro
1618 2275 1757 2302 amore

82 2333 165 2373 viri
192 2334 260 2373 sui
289 2331 432 2373 lectum
462 2345 582 2372 suum
612 2333 667 2372 eis
699 2333 856 2374 dimisit
888 2341 923 2373 et
952 2334 1046 2387 ipsa
1077 2332 1159 2373 sibi
1189 2332 1332 2374 lectum
1357 2332 1462 2374 alibi
1487 2332 1753 2387 preparabat.

81 2401 210 2444 Facto
242 2411 377 2444 autem
405 2417 526 2443 mane
558 2402 780 2444 castellana
818 2404 874 2444 ad
911 2403 1118 2444 ecclesiam
1155 2405 1338 2459 perrea-it
1375 2411 1411 2445 et
1441 2418 1527 2444 ecce
1557 2402 1754 2444 Julianus

81 2488 200 2515 mane
230 2475 392 2515 veniens
422 2475 466 2514 in
499 2473 722 2515 thalamum
761 2477 884 2529 quasi
919 2477 1167 2516 emcitaturus‘
1205 2489 1375 2516 uxorem
1412 2489 1529 2515 suam
1568 2475 1752 2526 intravit,

83 2552 119 2586 et
152 2546 306 2586 invenit
344 2559 408 2586 eos
444 2546 606 2600 pariter
644 2546 908 2597 dormientes,
947 2560 1116 2587 umorem
1155 2560 1245 2588 cum
1284 2546 1469 2588 adultero
1506 2547 1752 2601 suspicatus,

81 2615 245 2657 silenter
283 2623 460 2658 extracto
495 2615 638 2670 qlaclio
678 2617 816 2658 ambos
856 2618 1014 2672 pariter
1054 2618 1266 2658 interemit.
1319 2617 1475 2658 Exiens
1507 2625 1641 2658 autem
1679 2618 1753 2658 do-

82 2700 193 2727 mum
222 2688 326 2728 vidit
356 2701 523 2728 uatorem
555 2687 605 2728 ab
639 2687 803 2729 ecclesia
833 2689 1065 2730 redeuntem
1095 2696 1132 2729 et
1154 2688 1382 2730 admiratus
1406 2697 1441 2729 et
1462 2689 1750 2744 interroqatus,

1784 928 1828 963 10

1784 1343 1828 1377 15

1783 1701 1828 1735 20

1782 2056 1826 2091 25

1780 2410 1825 2446 30

83 2759 254 2812 quinam
285 2766 413 2799 essent
442 2758 519 2808 illi,
555 2759 628 2812 qui
656 2759 701 2798 in
732 2758 829 2800 lecto
861 2773 933 2800 suo
966 2759 1202 2800 dormirent.
1250 2758 1308 2799 At
1337 2759 1413 2800 illa
1443 2761 1521 2800 ait:
1553 2759 1752 2802 Parentes
1777 2770 1822 2806 35

83 2830 207 2870 vestri
235 2837 350 2880 sunt,
391 2830 465 2883 qui
500 2843 570 2870 vos
609 2829 836 2870 diutissime
873 2831 1108 2884 quesierunt
1144 2838 1179 2870 et
1217 2843 1282 2871 eos
1320 2831 1363 2871 in
1402 2839 1540 2872 nostro
1572 2831 1751 2874 thalamo

84 2898 296 2941 collocavi.
353 2898 475 2951 Quod
504 2899 574 2940 ille
605 2900 790 2951 audiens,
821 2914 924 2955 pene
956 2902 1155 2942 mammis
1183 2901 1340 2955 effectus
1361 2903 1617 2942 amarissime
1648 2904 1752 2958 cepit
