<?xml version="1.0" encoding="UTF-8"?>
<!DOCTYPE html PUBLIC "-//W3C//DTD XHTML 1.0 Transitional//EN"
    "http://www.w3.org/TR/xhtml1/DTD/xhtml1-transitional.dtd">
<html xmlns="http://www.w3.org/1999/xhtml" xml:lang="en" lang="en">
 <head>
  <title>
</title>
<meta http-equiv="Content-Type" content="text/html;charset=utf-8" />
  <meta name='ocr-system' content='tesseract 3.04.00' />
  <meta name='ocr-capabilities' content='ocr_page ocr_carea ocr_par ocr_line ocrx_word'/>
</head>
<body>
  <div class='ocr_page' id='page_1' title='image "./gestaromanorum00oestuoft_0071.png"; bbox 0 0 1919 3131; ppageno 0'>
   <div class='ocr_carea' id='block_1_1' title="bbox 82 160 619 2621">
    <p class='ocr_par' dir='ltr' id='par_1_1' title="bbox 82 160 619 2621">
     <span class='ocr_line' id='line_1_1' title="bbox 116 160 153 201; baseline 0 0"><span class='ocrx_word' id='word_1_1' title='bbox 116 160 153 201; x_wconf 85' lang='grc'><strong>7.</strong></span> 
     </span>
     <span class='ocr_line' id='line_1_2' title="bbox 115 305 153 344; baseline 0.026 -1"><span class='ocrx_word' id='word_1_2' title='bbox 115 305 153 344; x_wconf 72' lang='grc'><strong>8.</strong></span> 
     </span>
     <span class='ocr_line' id='line_1_3' title="bbox 113 447 151 486; baseline 0.026 -1"><span class='ocrx_word' id='word_1_3' title='bbox 113 447 151 486; x_wconf 65' lang='lat' dir='ltr'><strong>il.</strong></span> 
     </span>
     <span class='ocr_line' id='line_1_4' title="bbox 89 588 152 628; baseline 0 0"><span class='ocrx_word' id='word_1_4' title='bbox 89 588 152 628; x_wconf 83' lang='lat'><strong>10.</strong></span> 
     </span>
     <span class='ocr_line' id='line_1_5' title="bbox 86 730 150 771; baseline -0.016 0"><span class='ocrx_word' id='word_1_5' title='bbox 86 730 150 771; x_wconf 94' lang='lat'><strong>11.</strong></span> 
     </span>
     <span class='ocr_line' id='line_1_6' title="bbox 87 871 150 913; baseline 0 -1"><span class='ocrx_word' id='word_1_6' title='bbox 87 871 150 913; x_wconf 94' lang='lat'><strong>12.</strong></span> 
     </span>
     <span class='ocr_line' id='line_1_7' title="bbox 86 1015 149 1055; baseline 0 0"><span class='ocrx_word' id='word_1_7' title='bbox 86 1015 149 1055; x_wconf 86' lang='lat'><strong>13.</strong></span> 
     </span>
     <span class='ocr_line' id='line_1_8' title="bbox 87 1158 150 1198; baseline 0 0"><span class='ocrx_word' id='word_1_8' title='bbox 87 1158 150 1198; x_wconf 90' lang='grc'><strong>14.</strong></span> 
     </span>
     <span class='ocr_line' id='line_1_9' title="bbox 86 1300 149 1342; baseline 0 0"><span class='ocrx_word' id='word_1_9' title='bbox 86 1300 149 1342; x_wconf 81' lang='lat'><strong>15.</strong></span> 
     </span>
     <span class='ocr_line' id='line_1_10' title="bbox 146 1367 619 1422; baseline -0.013 -9"><span class='ocrx_word' id='word_1_10' title='bbox 146 1394 150 1398; x_wconf 95' lang='lat'>·</span> <span class='ocrx_word' id='word_1_11' title='bbox 198 1369 410 1422; x_wconf 83' lang='lat' dir='ltr'><strong>(Curtius.)</strong></span> <span class='ocrx_word' id='word_1_12' title='bbox 457 1367 526 1409; x_wconf 89' lang='lat' dir='ltr'><strong>lat.</strong></span> <span class='ocrx_word' id='word_1_13' title='bbox 551 1368 619 1407; x_wconf 79' lang='lat'><strong>43.</strong></span> 
     </span>
     <span class='ocr_line' id='line_1_11' title="bbox 86 1443 150 1485; baseline 0 -1"><span class='ocrx_word' id='word_1_14' title='bbox 86 1443 150 1485; x_wconf 87' lang='grc'><strong>16.</strong></span> 
     </span>
     <span class='ocr_line' id='line_1_12' title="bbox 86 1585 151 1627; baseline 0.015 -1"><span class='ocrx_word' id='word_1_15' title='bbox 86 1585 151 1627; x_wconf 87' lang='grc'><strong>17.</strong></span> 
     </span>
     <span class='ocr_line' id='line_1_13' title="bbox 86 1728 149 1768; baseline 0 0"><span class='ocrx_word' id='word_1_16' title='bbox 86 1728 149 1768; x_wconf 79' lang='grc'><strong>18.</strong></span> 
     </span>
     <span class='ocr_line' id='line_1_14' title="bbox 86 1869 149 1910; baseline 0 0"><span class='ocrx_word' id='word_1_17' title='bbox 86 1869 149 1910; x_wconf 85' lang='grc'><strong>19.</strong></span> 
     </span>
     <span class='ocr_line' id='line_1_15' title="bbox 83 2011 150 2053; baseline -0.015 0"><span class='ocrx_word' id='word_1_18' title='bbox 83 2011 150 2053; x_wconf 92' lang='grc'><strong>20.</strong></span> 
     </span>
     <span class='ocr_line' id='line_1_16' title="bbox 82 2153 149 2195; baseline -0.015 0"><span class='ocrx_word' id='word_1_19' title='bbox 82 2153 149 2195; x_wconf 89' lang='grc'><strong>21.</strong></span> 
     </span>
     <span class='ocr_line' id='line_1_17' title="bbox 83 2295 149 2337; baseline -0.015 0"><span class='ocrx_word' id='word_1_20' title='bbox 83 2295 149 2337; x_wconf 88' lang='grc'><strong>22.</strong></span> 
     </span>
     <span class='ocr_line' id='line_1_18' title="bbox 83 2437 150 2479; baseline 0 0"><span class='ocrx_word' id='word_1_21' title='bbox 83 2437 150 2479; x_wconf 85' lang='grc'><strong>23.</strong></span> 
     </span>
     <span class='ocr_line' id='line_1_19' title="bbox 83 2579 151 2621; baseline 0 0"><span class='ocrx_word' id='word_1_22' title='bbox 83 2579 151 2621; x_wconf 86' lang='grc'><strong>24.</strong></span> 
     </span>
    </p>
   </div>
   <div class='ocr_carea' id='block_1_2' title="bbox 84 2720 151 2763">
    <p class='ocr_par' dir='ltr' id='par_1_2' title="bbox 84 2720 151 2763">
     <span class='ocr_line' id='line_1_20' title="bbox 84 2720 151 2763; baseline 0 -1"><span class='ocrx_word' id='word_1_23' title='bbox 84 2720 151 2763; x_wconf 83' lang='grc'><strong>25.</strong></span> 
     </span>
    </p>
   </div>
   <div class='ocr_carea' id='block_1_3' title="bbox 85 2862 154 2905">
    <p class='ocr_par' dir='ltr' id='par_1_3' title="bbox 85 2862 154 2905">
     <span class='ocr_line' id='line_1_21' title="bbox 85 2862 154 2905; baseline 0 -1"><span class='ocrx_word' id='word_1_24' title='bbox 85 2862 154 2905; x_wconf 87' lang='grc'><strong>26.</strong></span> 
     </span>
    </p>
   </div>
   <div class='ocr_carea' id='block_1_4' title="bbox 892 55 946 93">
    <p class='ocr_par' dir='ltr' id='par_1_4' title="bbox 892 55 946 93">
     <span class='ocr_line' id='line_1_22' title="bbox 892 55 946 93; baseline 0 0"><span class='ocrx_word' id='word_1_25' title='bbox 892 55 946 93; x_wconf 69' lang='lat'><strong>53</strong></span> 
     </span>
    </p>
   </div>
   <div class='ocr_carea' id='block_1_5' title="bbox 198 158 1751 1352">
    <p class='ocr_par' dir='ltr' id='par_1_5' title="bbox 200 158 1749 272">
     <span class='ocr_line' id='line_1_23' title="bbox 204 158 1749 213; baseline 0.001 -12"><span class='ocrx_word' id='word_1_26' title='bbox 204 158 265 201; x_wconf 86' lang='lat' dir='ltr'><strong>De</strong></span> <span class='ocrx_word' id='word_1_27' title='bbox 288 158 453 201; x_wconf 87' lang='lat' dir='ltr'><strong>obtenta</strong></span> <span class='ocrx_word' id='word_1_28' title='bbox 474 159 769 200; x_wconf 77' lang='lat' dir='ltr'><strong>misericordia.</strong></span> <span class='ocrx_word' id='word_1_29' title='bbox 819 159 968 201; x_wconf 75' lang='lat' dir='ltr'><strong>Narrat</strong></span> <span class='ocrx_word' id='word_1_30' title='bbox 991 159 1188 201; x_wconf 85' lang='lat' dir='ltr'><strong>Eusebius</strong></span> <span class='ocrx_word' id='word_1_31' title='bbox 1222 160 1260 201; x_wconf 89' lang='lat' dir='ltr'><strong>in</strong></span> <span class='ocrx_word' id='word_1_32' title='bbox 1285 161 1468 202; x_wconf 70' lang='lat' dir='ltr'><strong>vronicis.</strong></span> <span class='ocrx_word' id='word_1_33' title='bbox 1513 160 1749 213; x_wconf 85' lang='lat' dir='ltr'><strong>(Coriolan.)</strong></span> 
     </span>
     <span class='ocr_line' id='line_1_24' title="bbox 200 229 391 272; baseline -0.005 0"><span class='ocrx_word' id='word_1_34' title='bbox 200 229 269 272; x_wconf 85' lang='lat' dir='ltr'><strong>lat.</strong></span> <span class='ocrx_word' id='word_1_35' title='bbox 299 230 391 271; x_wconf 76' lang='lat'><strong>137.</strong></span> 
     </span>
    </p>

    <p class='ocr_par' dir='ltr' id='par_1_6' title="bbox 202 300 1750 422">
     <span class='ocr_line' id='line_1_25' title="bbox 205 300 1750 357; baseline 0.001 -14"><span class='ocrx_word' id='word_1_36' title='bbox 205 300 266 343; x_wconf 87' lang='lat' dir='ltr'><strong>De</strong></span> <span class='ocrx_word' id='word_1_37' title='bbox 289 300 503 356; x_wconf 87' lang='lat' dir='ltr'><strong>peregrino</strong></span> <span class='ocrx_word' id='word_1_38' title='bbox 527 306 565 343; x_wconf 90' lang='lat' dir='ltr'><strong>et</strong></span> <span class='ocrx_word' id='word_1_39' title='bbox 587 305 806 356; x_wconf 75' lang='lat' dir='ltr'><strong>pugnante.</strong></span> <span class='ocrx_word' id='word_1_40' title='bbox 840 301 1020 350; x_wconf 81' lang='lat' dir='ltr'><strong>Quedam</strong></span> <span class='ocrx_word' id='word_1_41' title='bbox 1044 300 1190 343; x_wconf 88' lang='lat' dir='ltr'><strong>nobilis</strong></span> <span class='ocrx_word' id='word_1_42' title='bbox 1209 302 1331 343; x_wconf 83' lang='lat' dir='ltr'><strong>vidua</strong></span> <span class='ocrx_word' id='word_1_43' title='bbox 1352 303 1598 357; x_wconf 76' lang='lat' dir='ltr'><strong>paciebatur.</strong></span> <span class='ocrx_word' id='word_1_44' title='bbox 1634 302 1750 350; x_wconf 79' lang='lat' dir='ltr'><strong>(Stab</strong></span> 
     </span>
     <span class='ocr_line' id='line_1_26' title="bbox 202 371 691 422; baseline -0.004 -8"><span class='ocrx_word' id='word_1_45' title='bbox 202 372 283 414; x_wconf 92' lang='lat' dir='ltr'><strong>und</strong></span> <span class='ocrx_word' id='word_1_46' title='bbox 315 372 483 422; x_wconf 78' lang='lat' dir='ltr'><strong>tasche.)</strong></span> <span class='ocrx_word' id='word_1_47' title='bbox 532 371 600 412; x_wconf 88' lang='lat' dir='ltr'><strong>lat.</strong></span> <span class='ocrx_word' id='word_1_48' title='bbox 625 372 691 412; x_wconf 66' lang='lat'><strong>25).</strong></span> 
     </span>
    </p>

    <p class='ocr_par' dir='ltr' id='par_1_7' title="bbox 200 441 1750 570">
     <span class='ocr_line' id='line_1_27' title="bbox 200 441 1750 499; baseline 0.001 -14"><span class='ocrx_word' id='word_1_49' title='bbox 200 442 261 485; x_wconf 88' lang='lat' dir='ltr'><strong>De</strong></span> <span class='ocrx_word' id='word_1_50' title='bbox 293 456 408 497; x_wconf 71' lang='lat' dir='ltr'><strong>rege,</strong></span> <span class='ocrx_word' id='word_1_51' title='bbox 447 441 706 485; x_wconf 78' lang='lat' dir='ltr'><strong>senaschalco</strong></span> <span class='ocrx_word' id='word_1_52' title='bbox 740 447 778 484; x_wconf 92' lang='lat' dir='ltr'><strong>et</strong></span> <span class='ocrx_word' id='word_1_53' title='bbox 811 442 894 484; x_wconf 82' lang='lat' dir='ltr'><strong>filia</strong></span> <span class='ocrx_word' id='word_1_54' title='bbox 926 443 1044 496; x_wconf 84' lang='lat' dir='ltr'><strong>regis.</strong></span> <span class='ocrx_word' id='word_1_55' title='bbox 1102 442 1301 485; x_wconf 77' lang='lat' dir='ltr'><strong>Narratur</strong></span> <span class='ocrx_word' id='word_1_56' title='bbox 1334 444 1439 498; x_wconf 85' lang='lat' dir='ltr'><strong>quod</strong></span> <span class='ocrx_word' id='word_1_57' title='bbox 1478 445 1642 499; x_wconf 85' lang='lat' dir='ltr'><strong>quidam</strong></span> <span class='ocrx_word' id='word_1_58' title='bbox 1676 445 1750 486; x_wconf 93' lang='lat' dir='ltr'><strong>im-</strong></span> 
     </span>
     <span class='ocr_line' id='line_1_28' title="bbox 200 513 1397 570; baseline -0.002 -13"><span class='ocrx_word' id='word_1_59' title='bbox 200 518 378 570; x_wconf 90' lang='lat' dir='ltr'><strong>perator.</strong></span> <span class='ocrx_word' id='word_1_60' title='bbox 428 513 748 562; x_wconf 80' lang='lat' dir='ltr'><strong>(Kaisertoehter</strong></span> <span class='ocrx_word' id='word_1_61' title='bbox 781 514 861 554; x_wconf 83' lang='lat' dir='ltr'><strong>und</strong></span> <span class='ocrx_word' id='word_1_62' title='bbox 893 513 1133 566; x_wconf 75' lang='lat' dir='ltr'><strong>seneschal.)</strong></span> <span class='ocrx_word' id='word_1_63' title='bbox 1179 527 1305 567; x_wconf 82' lang='lat' dir='ltr'><strong>germ.</strong></span> <span class='ocrx_word' id='word_1_64' title='bbox 1335 516 1397 556; x_wconf 93' lang='grc'><strong>11.</strong></span> 
     </span>
    </p>

    <p class='ocr_par' dir='ltr' id='par_1_8' title="bbox 199 584 1750 709">
     <span class='ocr_line' id='line_1_29' title="bbox 201 584 1750 641; baseline 0.001 -14"><span class='ocrx_word' id='word_1_65' title='bbox 201 585 261 628; x_wconf 92' lang='lat' dir='ltr'><strong>De</strong></span> <span class='ocrx_word' id='word_1_66' title='bbox 302 585 446 627; x_wconf 85' lang='lat' dir='ltr'><strong>arbore</strong></span> <span class='ocrx_word' id='word_1_67' title='bbox 487 589 526 626; x_wconf 92' lang='lat' dir='ltr'><strong>et</strong></span> <span class='ocrx_word' id='word_1_68' title='bbox 564 584 694 626; x_wconf 84' lang='lat' dir='ltr'><strong>tribus</strong></span> <span class='ocrx_word' id='word_1_69' title='bbox 734 585 941 626; x_wconf 82' lang='lat' dir='ltr'><strong>uxoribus.</strong></span> <span class='ocrx_word' id='word_1_70' title='bbox 998 585 1135 627; x_wconf 83' lang='lat' dir='ltr'><strong>Refert</strong></span> <span class='ocrx_word' id='word_1_71' title='bbox 1159 584 1399 627; x_wconf 80' lang='lat' dir='ltr'><strong>Valerianus</strong></span> <span class='ocrx_word' id='word_1_72' title='bbox 1440 587 1544 641; x_wconf 86' lang='lat' dir='ltr'><strong>quod</strong></span> <span class='ocrx_word' id='word_1_73' title='bbox 1585 586 1750 640; x_wconf 87' lang='lat' dir='ltr'><strong>quidam</strong></span> 
     </span>
     <span class='ocr_line' id='line_1_30' title="bbox 199 655 916 709; baseline -0.003 -11"><span class='ocrx_word' id='word_1_74' title='bbox 199 670 336 700; x_wconf 65' lang='lat' dir='ltr'><strong>senes.</strong></span> <span class='ocrx_word' id='word_1_75' title='bbox 387 656 702 709; x_wconf 72' lang='lat' dir='ltr'><strong>(Hiingebaum.)</strong></span> <span class='ocrx_word' id='word_1_76' title='bbox 754 655 823 697; x_wconf 82' lang='lat' dir='ltr'><strong>lat.</strong></span> <span class='ocrx_word' id='word_1_77' title='bbox 849 656 916 696; x_wconf 72' lang='lat'><strong>323.</strong></span> 
     </span>
    </p>

    <p class='ocr_par' dir='ltr' id='par_1_9' title="bbox 198 726 1749 852">
     <span class='ocr_line' id='line_1_31' title="bbox 199 726 1749 780; baseline 0 -10"><span class='ocrx_word' id='word_1_78' title='bbox 199 728 260 771; x_wconf 88' lang='lat' dir='ltr'><strong>De</strong></span> <span class='ocrx_word' id='word_1_79' title='bbox 328 727 537 769; x_wconf 66' lang='lat' dir='ltr'><strong>sacrificia</strong></span> <span class='ocrx_word' id='word_1_80' title='bbox 621 726 758 768; x_wconf 83' lang='lat' dir='ltr'><strong>Refert</strong></span> <span class='ocrx_word' id='word_1_81' title='bbox 817 726 1002 768; x_wconf 86' lang='lat' dir='ltr'><strong>Valerius</strong></span> <span class='ocrx_word' id='word_1_82' title='bbox 1075 726 1115 767; x_wconf 89' lang='lat' dir='ltr'><strong>in</strong></span> <span class='ocrx_word' id='word_1_83' title='bbox 1182 726 1306 768; x_wconf 73' lang='lat' dir='ltr'><strong>tercio</strong></span> <span class='ocrx_word' id='word_1_84' title='bbox 1367 726 1482 769; x_wconf 92' lang='lat' dir='ltr'><strong>libro.</strong></span> <span class='ocrx_word' id='word_1_85' title='bbox 1554 727 1749 780; x_wconf 86' lang='lat' dir='ltr'><strong>(Kohle.)</strong></span> 
     </span>
     <span class='ocr_line' id='line_1_32' title="bbox 198 799 420 852; baseline -0.014 -11"><span class='ocrx_word' id='word_1_86' title='bbox 198 812 323 852; x_wconf 86' lang='lat' dir='ltr'><strong>germ.</strong></span> <span class='ocrx_word' id='word_1_87' title='bbox 357 799 420 839; x_wconf 68' lang='lat'><strong>1⁴3.</strong></span> 
     </span>
    </p>

    <p class='ocr_par' dir='ltr' id='par_1_10' title="bbox 199 867 1748 993">
     <span class='ocr_line' id='line_1_33' title="bbox 199 867 1748 925; baseline 0 -13"><span class='ocrx_word' id='word_1_88' title='bbox 199 869 261 912; x_wconf 91' lang='lat' dir='ltr'><strong>De</strong></span> <span class='ocrx_word' id='word_1_89' title='bbox 305 869 448 911; x_wconf 85' lang='lat' dir='ltr'><strong>arbore</strong></span> <span class='ocrx_word' id='word_1_90' title='bbox 490 868 530 909; x_wconf 91' lang='lat' dir='ltr'><strong>in</strong></span> <span class='ocrx_word' id='word_1_91' title='bbox 573 867 687 909; x_wconf 84' lang='lat' dir='ltr'><strong>India</strong></span> <span class='ocrx_word' id='word_1_92' title='bbox 725 868 833 910; x_wconf 76' lang='lat' dir='ltr'><strong>eirca</strong></span> <span class='ocrx_word' id='word_1_93' title='bbox 870 871 1048 910; x_wconf 86' lang='lat' dir='ltr'><strong>montem</strong></span> <span class='ocrx_word' id='word_1_94' title='bbox 1091 868 1218 923; x_wconf 78' lang='lat' dir='ltr'><strong>synai.</strong></span> <span class='ocrx_word' id='word_1_95' title='bbox 1283 868 1397 911; x_wconf 76' lang='lat' dir='ltr'><strong>Sicut</strong></span> <span class='ocrx_word' id='word_1_96' title='bbox 1435 873 1506 924; x_wconf 87' lang='lat' dir='ltr'><strong>ayt</strong></span> <span class='ocrx_word' id='word_1_97' title='bbox 1543 869 1748 925; x_wconf 90' lang='lat' dir='ltr'><strong>polimius.</strong></span> 
     </span>
     <span class='ocr_line' id='line_1_34' title="bbox 200 940 690 993; baseline -0.008 -10"><span class='ocrx_word' id='word_1_98' title='bbox 200 941 424 993; x_wconf 87' lang='lat' dir='ltr'><strong>(Theriak.)</strong></span> <span class='ocrx_word' id='word_1_99' title='bbox 473 940 690 993; x_wconf 78' lang='lat' dir='ltr'><strong>germ.17.</strong></span> 
     </span>
    </p>

    <p class='ocr_par' dir='ltr' id='par_1_11' title="bbox 198 1010 1751 1135">
     <span class='ocr_line' id='line_1_35' title="bbox 198 1010 1751 1067; baseline -0.001 -13"><span class='ocrx_word' id='word_1_100' title='bbox 198 1011 260 1055; x_wconf 92' lang='lat' dir='ltr'><strong>De</strong></span> <span class='ocrx_word' id='word_1_101' title='bbox 292 1011 451 1066; x_wconf 86' lang='lat' dir='ltr'><strong>virgilio</strong></span> <span class='ocrx_word' id='word_1_102' title='bbox 484 1011 571 1053; x_wconf 79' lang='lat' dir='ltr'><strong>eive</strong></span> <span class='ocrx_word' id='word_1_103' title='bbox 603 1010 783 1052; x_wconf 82' lang='lat' dir='ltr'><strong>civitatis</strong></span> <span class='ocrx_word' id='word_1_104' title='bbox 815 1023 994 1053; x_wconf 86' lang='lat' dir='ltr'><strong>romane.</strong></span> <span class='ocrx_word' id='word_1_105' title='bbox 1042 1010 1293 1053; x_wconf 85' lang='lat' dir='ltr'><strong>Allexander</strong></span> <span class='ocrx_word' id='word_1_106' title='bbox 1321 1010 1587 1067; x_wconf 84' lang='lat' dir='ltr'><strong>philosophus</strong></span> <span class='ocrx_word' id='word_1_107' title='bbox 1610 1011 1658 1054; x_wconf 88' lang='lat' dir='ltr'><strong>de</strong></span> <span class='ocrx_word' id='word_1_108' title='bbox 1679 1025 1751 1054; x_wconf 87' lang='lat' dir='ltr'><strong>na-</strong></span> 
     </span>
     <span class='ocr_line' id='line_1_36' title="bbox 199 1081 1112 1135; baseline -0.003 -9"><span class='ocrx_word' id='word_1_109' title='bbox 199 1084 301 1126; x_wconf 91' lang='lat' dir='ltr'><strong>turis</strong></span> <span class='ocrx_word' id='word_1_110' title='bbox 335 1096 483 1125; x_wconf 90' lang='lat' dir='ltr'><strong>rerum.</strong></span> <span class='ocrx_word' id='word_1_111' title='bbox 535 1081 702 1135; x_wconf 73' lang='lat' dir='ltr'><strong>(Virgils</strong></span> <span class='ocrx_word' id='word_1_112' title='bbox 735 1081 849 1133; x_wconf 87' lang='lat' dir='ltr'><strong>bild.)</strong></span> <span class='ocrx_word' id='word_1_113' title='bbox 894 1096 1020 1135; x_wconf 86' lang='lat' dir='ltr'><strong>germ.</strong></span> <span class='ocrx_word' id='word_1_114' title='bbox 1049 1082 1112 1123; x_wconf 70' lang='lat' dir='ltr'><strong>is.</strong></span> 
     </span>
    </p>

    <p class='ocr_par' dir='ltr' id='par_1_12' title="bbox 199 1153 1748 1278">
     <span class='ocr_line' id='line_1_37' title="bbox 199 1153 1748 1208; baseline -0.001 -10"><span class='ocrx_word' id='word_1_115' title='bbox 199 1155 261 1198; x_wconf 90' lang='lat' dir='ltr'><strong>De</strong></span> <span class='ocrx_word' id='word_1_116' title='bbox 299 1155 438 1197; x_wconf 88' lang='lat' dir='ltr'><strong>anima</strong></span> <span class='ocrx_word' id='word_1_117' title='bbox 476 1153 707 1195; x_wconf 86' lang='lat' dir='ltr'><strong>adulterata</strong></span> <span class='ocrx_word' id='word_1_118' title='bbox 747 1156 820 1194; x_wconf 84' lang='lat' dir='ltr'><strong>ete.</strong></span> <span class='ocrx_word' id='word_1_119' title='bbox 884 1153 987 1195; x_wconf 83' lang='lat' dir='ltr'><strong>Erat</strong></span> <span class='ocrx_word' id='word_1_120' title='bbox 1025 1153 1187 1208; x_wconf 85' lang='lat' dir='ltr'><strong>quidam</strong></span> <span class='ocrx_word' id='word_1_121' title='bbox 1231 1153 1454 1208; x_wconf 88' lang='lat' dir='ltr'><strong>imperator</strong></span> <span class='ocrx_word' id='word_1_122' title='bbox 1492 1154 1560 1208; x_wconf 90' lang='lat' dir='ltr'><strong>qui</strong></span> <span class='ocrx_word' id='word_1_123' title='bbox 1593 1154 1748 1196; x_wconf 84' lang='lat' dir='ltr'><strong>statuit.</strong></span> 
     </span>
     <span class='ocr_line' id='line_1_38' title="bbox 200 1224 1086 1278; baseline -0.002 -9"><span class='ocrx_word' id='word_1_124' title='bbox 200 1226 328 1278; x_wconf 87' lang='lat' dir='ltr'><strong>(Sohn</strong></span> <span class='ocrx_word' id='word_1_125' title='bbox 360 1225 491 1267; x_wconf 75' lang='lat' dir='ltr'><strong>todtet</strong></span> <span class='ocrx_word' id='word_1_126' title='bbox 522 1228 674 1266; x_wconf 88' lang='lat' dir='ltr'><strong>mutter</strong></span> <span class='ocrx_word' id='word_1_127' title='bbox 705 1224 847 1276; x_wconf 84' lang='lat' dir='ltr'><strong>nicht.)</strong></span> <span class='ocrx_word' id='word_1_128' title='bbox 895 1224 964 1266; x_wconf 88' lang='lat' dir='ltr'><strong>lat.</strong></span> <span class='ocrx_word' id='word_1_129' title='bbox 993 1226 1086 1266; x_wconf 86' lang='lat'><strong>100.</strong></span> 
     </span>
    </p>

    <p class='ocr_par' dir='ltr' id='par_1_13' title="bbox 199 1296 1748 1352">
     <span class='ocr_line' id='line_1_39' title="bbox 199 1296 1748 1352; baseline -0.001 -11"><span class='ocrx_word' id='word_1_130' title='bbox 199 1298 260 1341; x_wconf 91' lang='lat' dir='ltr'><strong>De</strong></span> <span class='ocrx_word' id='word_1_131' title='bbox 293 1297 477 1352; x_wconf 82' lang='lat' dir='ltr'><strong>hyaneiis</strong></span> <span class='ocrx_word' id='word_1_132' title='bbox 508 1309 610 1350; x_wconf 87' lang='lat' dir='ltr'><strong>quae</strong></span> <span class='ocrx_word' id='word_1_133' title='bbox 644 1299 935 1350; x_wconf 86' lang='lat' dir='ltr'><strong>apparuerunt.</strong></span> <span class='ocrx_word' id='word_1_134' title='bbox 988 1296 1033 1337; x_wconf 86' lang='lat' dir='ltr'><strong>ln</strong></span> <span class='ocrx_word' id='word_1_135' title='bbox 1065 1296 1197 1338; x_wconf 86' lang='lat' dir='ltr'><strong>medio</strong></span> <span class='ocrx_word' id='word_1_136' title='bbox 1230 1309 1342 1338; x_wconf 88' lang='lat' dir='ltr'><strong>rome</strong></span> <span class='ocrx_word' id='word_1_137' title='bbox 1374 1296 1413 1338; x_wconf 94' lang='lat' dir='ltr'><strong>in</strong></span> <span class='ocrx_word' id='word_1_138' title='bbox 1441 1296 1617 1350; x_wconf 87' lang='lat' dir='ltr'><strong>quodam</strong></span> <span class='ocrx_word' id='word_1_139' title='bbox 1648 1296 1748 1339; x_wconf 82' lang='lat' dir='ltr'><strong>loeo.</strong></span> 
     </span>
    </p>
   </div>
   <div class='ocr_carea' id='block_1_6' title="bbox 196 1438 1750 2984">
    <p class='ocr_par' dir='ltr' id='par_1_14' title="bbox 198 1438 1750 1565">
     <span class='ocr_line' id='line_1_40' title="bbox 198 1438 1750 1496; baseline -0.002 -12"><span class='ocrx_word' id='word_1_140' title='bbox 198 1441 260 1484; x_wconf 92' lang='lat' dir='ltr'><strong>De</strong></span> <span class='ocrx_word' id='word_1_141' title='bbox 290 1439 428 1496; x_wconf 90' lang='lat' dir='ltr'><strong>puella</strong></span> <span class='ocrx_word' id='word_1_142' title='bbox 458 1442 498 1481; x_wconf 90' lang='lat' dir='ltr'><strong>et</strong></span> <span class='ocrx_word' id='word_1_143' title='bbox 528 1438 784 1493; x_wconf 88' lang='lat' dir='ltr'><strong>pedissequa.</strong></span> <span class='ocrx_word' id='word_1_144' title='bbox 838 1438 941 1480; x_wconf 85' lang='lat' dir='ltr'><strong>Erat</strong></span> <span class='ocrx_word' id='word_1_145' title='bbox 973 1438 1137 1492; x_wconf 87' lang='lat' dir='ltr'><strong>quidam</strong></span> <span class='ocrx_word' id='word_1_146' title='bbox 1170 1438 1392 1493; x_wconf 88' lang='lat' dir='ltr'><strong>imperator</strong></span> <span class='ocrx_word' id='word_1_147' title='bbox 1424 1438 1493 1493; x_wconf 92' lang='lat' dir='ltr'><strong>qui</strong></span> <span class='ocrx_word' id='word_1_148' title='bbox 1523 1451 1646 1480; x_wconf 89' lang='lat' dir='ltr'><strong>unam</strong></span> <span class='ocrx_word' id='word_1_149' title='bbox 1678 1438 1750 1481; x_wconf 88' lang='lat' dir='ltr'><strong>ha-</strong></span> 
     </span>
     <span class='ocr_line' id='line_1_41' title="bbox 199 1509 1314 1565; baseline -0.004 -10"><span class='ocrx_word' id='word_1_150' title='bbox 199 1513 286 1555; x_wconf 92' lang='lat' dir='ltr'><strong>buit</strong></span> <span class='ocrx_word' id='word_1_151' title='bbox 316 1511 456 1553; x_wconf 90' lang='lat' dir='ltr'><strong>filiam.</strong></span> <span class='ocrx_word' id='word_1_152' title='bbox 502 1509 836 1563; x_wconf 80' lang='lat' dir='ltr'><strong>(Kaisertoehter,</strong></span> <span class='ocrx_word' id='word_1_153' title='bbox 868 1509 1048 1565; x_wconf 82' lang='lat' dir='ltr'><strong>pallast.)</strong></span> <span class='ocrx_word' id='word_1_154' title='bbox 1095 1523 1221 1563; x_wconf 88' lang='lat' dir='ltr'><strong>germ.</strong></span> <span class='ocrx_word' id='word_1_155' title='bbox 1247 1510 1314 1551; x_wconf 90' lang='lat'><strong>22.</strong></span> 
     </span>
    </p>

    <p class='ocr_par' dir='ltr' id='par_1_15' title="bbox 198 1579 1748 1710">
     <span class='ocr_line' id='line_1_42' title="bbox 198 1579 1748 1637; baseline -0.003 -11"><span class='ocrx_word' id='word_1_156' title='bbox 198 1583 260 1626; x_wconf 90' lang='lat' dir='ltr'><strong>De</strong></span> <span class='ocrx_word' id='word_1_157' title='bbox 283 1586 456 1637; x_wconf 87' lang='lat' dir='ltr'><strong>quatuor</strong></span> <span class='ocrx_word' id='word_1_158' title='bbox 478 1580 701 1623; x_wconf 88' lang='lat' dir='ltr'><strong>heremitis.</strong></span> <span class='ocrx_word' id='word_1_159' title='bbox 744 1580 912 1634; x_wconf 84' lang='lat' dir='ltr'><strong>Legitur</strong></span> <span class='ocrx_word' id='word_1_160' title='bbox 943 1581 984 1622; x_wconf 92' lang='lat' dir='ltr'><strong>in</strong></span> <span class='ocrx_word' id='word_1_161' title='bbox 1007 1581 1102 1623; x_wconf 89' lang='lat' dir='ltr'><strong>vitis</strong></span> <span class='ocrx_word' id='word_1_162' title='bbox 1134 1584 1309 1636; x_wconf 90' lang='lat' dir='ltr'><strong>patrum.</strong></span> <span class='ocrx_word' id='word_1_163' title='bbox 1359 1579 1538 1627; x_wconf 71' lang='lat' dir='ltr'><strong>(Gi-osste</strong></span> <span class='ocrx_word' id='word_1_164' title='bbox 1566 1580 1748 1634; x_wconf 87' lang='lat' dir='ltr'><strong>tugend.)</strong></span> 
     </span>
     <span class='ocr_line' id='line_1_43' title="bbox 198 1655 350 1710; baseline -0.02 -13"><span class='ocrx_word' id='word_1_165' title='bbox 198 1668 292 1710; x_wconf 86' lang='lat' dir='ltr'><strong>app.</strong></span> <span class='ocrx_word' id='word_1_166' title='bbox 315 1655 350 1695; x_wconf 91' lang='lat'><strong>1.</strong></span> 
     </span>
    </p>

    <p class='ocr_par' dir='ltr' id='par_1_16' title="bbox 198 1722 1747 1990">
     <span class='ocr_line' id='line_1_44' title="bbox 198 1722 1747 1778; baseline -0.002 -11"><span class='ocrx_word' id='word_1_167' title='bbox 198 1725 260 1768; x_wconf 90' lang='lat' dir='ltr'><strong>De</strong></span> <span class='ocrx_word' id='word_1_168' title='bbox 295 1724 426 1766; x_wconf 88' lang='lat' dir='ltr'><strong>milite</strong></span> <span class='ocrx_word' id='word_1_169' title='bbox 465 1724 534 1778; x_wconf 91' lang='lat' dir='ltr'><strong>qui</strong></span> <span class='ocrx_word' id='word_1_170' title='bbox 574 1724 675 1765; x_wconf 90' lang='lat' dir='ltr'><strong>semi</strong></span> <span class='ocrx_word' id='word_1_171' title='bbox 709 1723 896 1777; x_wconf 83' lang='lat' dir='ltr'><strong>equitans</strong></span> <span class='ocrx_word' id='word_1_172' title='bbox 929 1727 970 1765; x_wconf 90' lang='lat' dir='ltr'><strong>et</strong></span> <span class='ocrx_word' id='word_1_173' title='bbox 1000 1723 1100 1765; x_wconf 87' lang='lat' dir='ltr'><strong>semi</strong></span> <span class='ocrx_word' id='word_1_174' title='bbox 1133 1722 1359 1765; x_wconf 88' lang='lat' dir='ltr'><strong>ambulans.</strong></span> <span class='ocrx_word' id='word_1_175' title='bbox 1413 1722 1585 1773; x_wconf 84' lang='lat' dir='ltr'><strong>Quidam</strong></span> <span class='ocrx_word' id='word_1_176' title='bbox 1618 1722 1747 1765; x_wconf 89' lang='lat' dir='ltr'><strong>miles.</strong></span> 
     </span>
     <span class='ocr_line' id='line_1_45' title="bbox 198 1793 1747 1850; baseline -0.002 -12"><span class='ocrx_word' id='word_1_177' title='bbox 198 1795 286 1838; x_wconf 87' lang='lat' dir='ltr'><strong>Nur</strong></span> <span class='ocrx_word' id='word_1_178' title='bbox 318 1795 390 1838; x_wconf 88' lang='lat' dir='ltr'><strong>der</strong></span> <span class='ocrx_word' id='word_1_179' title='bbox 422 1795 594 1848; x_wconf 79' lang='lat' dir='ltr'><strong>anfang3</strong></span> <span class='ocrx_word' id='word_1_180' title='bbox 634 1794 763 1835; x_wconf 86' lang='lat' dir='ltr'><strong>dann:</strong></span> <span class='ocrx_word' id='word_1_181' title='bbox 797 1798 872 1836; x_wconf 85' lang='lat' dir='ltr'><strong>ete.</strong></span> <span class='ocrx_word' id='word_1_182' title='bbox 904 1798 949 1836; x_wconf 94' lang='lat' dir='ltr'><strong>ut</strong></span> <span class='ocrx_word' id='word_1_183' title='bbox 979 1795 1105 1850; x_wconf 87' lang='lat' dir='ltr'><strong>prius.</strong></span> <span class='ocrx_word' id='word_1_184' title='bbox 1156 1793 1278 1845; x_wconf 86' lang='lat' dir='ltr'><strong>(Halb</strong></span> <span class='ocrx_word' id='word_1_185' title='bbox 1310 1795 1516 1847; x_wconf 84' lang='lat' dir='ltr'><strong>geritten.)</strong></span> <span class='ocrx_word' id='word_1_186' title='bbox 1561 1794 1630 1836; x_wconf 90' lang='lat' dir='ltr'><strong>lat.</strong></span> <span class='ocrx_word' id='word_1_187' title='bbox 1654 1795 1747 1836; x_wconf 64' lang='lat'><strong>1²24.</strong></span> 
     </span>
     <span class='ocr_line' id='line_1_46' title="bbox 199 1864 1747 1921; baseline -0.002 -11"><span class='ocrx_word' id='word_1_188' title='bbox 199 1867 261 1910; x_wconf 89' lang='lat' dir='ltr'><strong>De</strong></span> <span class='ocrx_word' id='word_1_189' title='bbox 293 1866 449 1909; x_wconf 89' lang='lat' dir='ltr'><strong>duobus</strong></span> <span class='ocrx_word' id='word_1_190' title='bbox 480 1865 674 1907; x_wconf 87' lang='lat' dir='ltr'><strong>fratribus</strong></span> <span class='ocrx_word' id='word_1_191' title='bbox 707 1865 852 1907; x_wconf 83' lang='lat' dir='ltr'><strong>elerico</strong></span> <span class='ocrx_word' id='word_1_192' title='bbox 886 1869 925 1908; x_wconf 93' lang='lat' dir='ltr'><strong>et</strong></span> <span class='ocrx_word' id='word_1_193' title='bbox 955 1865 1083 1921; x_wconf 82' lang='lat' dir='ltr'><strong>layeo.</strong></span> <span class='ocrx_word' id='word_1_194' title='bbox 1132 1864 1263 1907; x_wconf 85' lang='lat' dir='ltr'><strong>Erant</strong></span> <span class='ocrx_word' id='word_1_195' title='bbox 1284 1865 1362 1907; x_wconf 87' lang='lat' dir='ltr'><strong>duo</strong></span> <span class='ocrx_word' id='word_1_196' title='bbox 1384 1866 1530 1908; x_wconf 88' lang='lat' dir='ltr'><strong>fratres</strong></span> <span class='ocrx_word' id='word_1_197' title='bbox 1552 1864 1747 1908; x_wconf 75' lang='lat' dir='ltr'><strong>carnales.</strong></span> 
     </span>
     <span class='ocr_line' id='line_1_47' title="bbox 199 1937 890 1990; baseline -0.003 -10"><span class='ocrx_word' id='word_1_198' title='bbox 199 1937 315 1990; x_wconf 92' lang='lat' dir='ltr'><strong>(Drei</strong></span> <span class='ocrx_word' id='word_1_199' title='bbox 344 1937 625 1988; x_wconf 80' lang='lat' dir='ltr'><strong>buohstaben.)</strong></span> <span class='ocrx_word' id='word_1_200' title='bbox 673 1950 798 1990; x_wconf 88' lang='lat' dir='ltr'><strong>germ.</strong></span> <span class='ocrx_word' id='word_1_201' title='bbox 823 1937 890 1978; x_wconf 78' lang='grc'><strong>26.</strong></span> 
     </span>
    </p>

    <p class='ocr_par' dir='ltr' id='par_1_17' title="bbox 198 2007 1747 2133">
     <span class='ocr_line' id='line_1_48' title="bbox 199 2007 1747 2063; baseline -0.002 -11"><span class='ocrx_word' id='word_1_202' title='bbox 199 2009 261 2052; x_wconf 90' lang='lat' dir='ltr'><strong>De</strong></span> <span class='ocrx_word' id='word_1_203' title='bbox 291 2009 423 2052; x_wconf 89' lang='lat' dir='ltr'><strong>tribus</strong></span> <span class='ocrx_word' id='word_1_204' title='bbox 455 2008 586 2062; x_wconf 83' lang='lat' dir='ltr'><strong>magis</strong></span> <span class='ocrx_word' id='word_1_205' title='bbox 618 2008 687 2063; x_wconf 89' lang='lat' dir='ltr'><strong>qui</strong></span> <span class='ocrx_word' id='word_1_206' title='bbox 719 2007 883 2050; x_wconf 89' lang='lat' dir='ltr'><strong>domino</strong></span> <span class='ocrx_word' id='word_1_207' title='bbox 917 2021 1086 2050; x_wconf 89' lang='lat' dir='ltr'><strong>munera</strong></span> <span class='ocrx_word' id='word_1_208' title='bbox 1118 2007 1364 2050; x_wconf 90' lang='lat' dir='ltr'><strong>obtulerunt.</strong></span> <span class='ocrx_word' id='word_1_209' title='bbox 1412 2007 1497 2050; x_wconf 81' lang='lat' dir='ltr'><strong>Rex</strong></span> <span class='ocrx_word' id='word_1_210' title='bbox 1527 2007 1747 2049; x_wconf 87' lang='lat' dir='ltr'><strong>dariorum.</strong></span> 
     </span>
     <span class='ocr_line' id='line_1_49' title="bbox 198 2078 854 2133; baseline -0.005 -10"><span class='ocrx_word' id='word_1_211' title='bbox 198 2080 319 2133; x_wconf 91' lang='lat' dir='ltr'><strong>(Heil.</strong></span> <span class='ocrx_word' id='word_1_212' title='bbox 351 2080 437 2122; x_wconf 84' lang='lat' dir='ltr'><strong>drei</strong></span> <span class='ocrx_word' id='word_1_213' title='bbox 469 2079 647 2133; x_wconf 70' lang='lat' dir='ltr'><strong>konige.)</strong></span> <span class='ocrx_word' id='word_1_214' title='bbox 694 2078 762 2120; x_wconf 89' lang='lat' dir='ltr'><strong>lat.</strong></span> <span class='ocrx_word' id='word_1_215' title='bbox 786 2080 854 2120; x_wconf 82' lang='grc'><strong>47.</strong></span> 
     </span>
    </p>

    <p class='ocr_par' dir='ltr' id='par_1_18' title="bbox 196 2149 1747 2265">
     <span class='ocr_line' id='line_1_50' title="bbox 197 2149 1747 2206; baseline -0.001 -12"><span class='ocrx_word' id='word_1_216' title='bbox 197 2151 260 2195; x_wconf 91' lang='lat' dir='ltr'><strong>De</strong></span> <span class='ocrx_word' id='word_1_217' title='bbox 289 2151 466 2205; x_wconf 86' lang='lat' dir='ltr'><strong>Zelongo</strong></span> <span class='ocrx_word' id='word_1_218' title='bbox 497 2152 746 2206; x_wconf 87' lang='lat' dir='ltr'><strong>imperatore</strong></span> <span class='ocrx_word' id='word_1_219' title='bbox 777 2154 817 2193; x_wconf 94' lang='lat' dir='ltr'><strong>et</strong></span> <span class='ocrx_word' id='word_1_220' title='bbox 846 2150 928 2192; x_wconf 87' lang='lat' dir='ltr'><strong>filio</strong></span> <span class='ocrx_word' id='word_1_221' title='bbox 960 2163 1044 2192; x_wconf 90' lang='lat' dir='ltr'><strong>suo.</strong></span> <span class='ocrx_word' id='word_1_222' title='bbox 1094 2150 1231 2192; x_wconf 88' lang='lat' dir='ltr'><strong>Refert</strong></span> <span class='ocrx_word' id='word_1_223' title='bbox 1258 2149 1455 2192; x_wconf 87' lang='lat' dir='ltr'><strong>Valerius.</strong></span> <span class='ocrx_word' id='word_1_224' title='bbox 1505 2149 1747 2203; x_wconf 79' lang='lat' dir='ltr'><strong>(Zaleucus.)</strong></span> 
     </span>
     <span class='ocr_line' id='line_1_51' title="bbox 196 2223 359 2265; baseline -0.006 0"><span class='ocrx_word' id='word_1_225' title='bbox 196 2223 267 2265; x_wconf 90' lang='lat' dir='ltr'><strong>lat.</strong></span> <span class='ocrx_word' id='word_1_226' title='bbox 291 2223 359 2264; x_wconf 78' lang='lat'><strong>50.</strong></span> 
     </span>
    </p>

    <p class='ocr_par' dir='ltr' id='par_1_19' title="bbox 197 2292 1748 2420">
     <span class='ocr_line' id='line_1_52' title="bbox 197 2292 1748 2347; baseline -0.001 -10"><span class='ocrx_word' id='word_1_227' title='bbox 197 2294 260 2337; x_wconf 90' lang='lat' dir='ltr'><strong>De</strong></span> <span class='ocrx_word' id='word_1_228' title='bbox 290 2293 542 2336; x_wconf 81' lang='lat' dir='ltr'><strong>Allexandro</strong></span> <span class='ocrx_word' id='word_1_229' title='bbox 581 2306 729 2346; x_wconf 84' lang='lat' dir='ltr'><strong>magno</strong></span> <span class='ocrx_word' id='word_1_230' title='bbox 769 2297 809 2334; x_wconf 92' lang='lat' dir='ltr'><strong>et</strong></span> <span class='ocrx_word' id='word_1_231' title='bbox 847 2292 963 2335; x_wconf 89' lang='lat' dir='ltr'><strong>Poro.</strong></span> <span class='ocrx_word' id='word_1_232' title='bbox 1017 2292 1267 2335; x_wconf 81' lang='lat' dir='ltr'><strong>Allexander</strong></span> <span class='ocrx_word' id='word_1_233' title='bbox 1303 2306 1487 2347; x_wconf 86' lang='lat' dir='ltr'><strong>magnus.</strong></span> <span class='ocrx_word' id='word_1_234' title='bbox 1541 2292 1748 2345; x_wconf 84' lang='lat' dir='ltr'><strong>(Gesehirr</strong></span> 
     </span>
     <span class='ocr_line' id='line_1_53' title="bbox 199 2364 591 2420; baseline -0.008 -12"><span class='ocrx_word' id='word_1_235' title='bbox 199 2365 388 2417; x_wconf 88' lang='lat' dir='ltr'><strong>stehlen.)</strong></span> <span class='ocrx_word' id='word_1_236' title='bbox 435 2377 528 2420; x_wconf 88' lang='lat' dir='ltr'><strong>app.</strong></span> <span class='ocrx_word' id='word_1_237' title='bbox 554 2364 591 2406; x_wconf 91' lang='lat'><strong>2.</strong></span> 
     </span>
    </p>

    <p class='ocr_par' dir='ltr' id='par_1_20' title="bbox 197 2435 1746 2559">
     <span class='ocr_line' id='line_1_54' title="bbox 198 2435 1746 2492; baseline -0.001 -13"><span class='ocrx_word' id='word_1_238' title='bbox 198 2436 261 2479; x_wconf 92' lang='lat' dir='ltr'><strong>De</strong></span> <span class='ocrx_word' id='word_1_239' title='bbox 289 2440 376 2492; x_wconf 89' lang='lat' dir='ltr'><strong>tyto</strong></span> <span class='ocrx_word' id='word_1_240' title='bbox 410 2440 450 2478; x_wconf 92' lang='lat' dir='ltr'><strong>et</strong></span> <span class='ocrx_word' id='word_1_241' title='bbox 478 2435 637 2488; x_wconf 79' lang='lat' dir='ltr'><strong>virgilio</strong></span> <span class='ocrx_word' id='word_1_242' title='bbox 671 2438 710 2477; x_wconf 90' lang='lat' dir='ltr'><strong>et</strong></span> <span class='ocrx_word' id='word_1_243' title='bbox 732 2439 867 2478; x_wconf 88' lang='lat' dir='ltr'><strong>statua</strong></span> <span class='ocrx_word' id='word_1_244' title='bbox 899 2438 939 2477; x_wconf 92' lang='lat' dir='ltr'><strong>et</strong></span> <span class='ocrx_word' id='word_1_245' title='bbox 966 2435 1093 2478; x_wconf 89' lang='lat' dir='ltr'><strong>fabro.</strong></span> <span class='ocrx_word' id='word_1_246' title='bbox 1143 2435 1269 2491; x_wconf 85' lang='lat' dir='ltr'><strong>Tytus</strong></span> <span class='ocrx_word' id='word_1_247' title='bbox 1302 2435 1489 2489; x_wconf 83' lang='lat' dir='ltr'><strong>regnavit</strong></span> <span class='ocrx_word' id='word_1_248' title='bbox 1518 2435 1560 2477; x_wconf 93' lang='lat' dir='ltr'><strong>in</strong></span> <span class='ocrx_word' id='word_1_249' title='bbox 1581 2435 1746 2478; x_wconf 77' lang='lat' dir='ltr'><strong>civitate</strong></span> 
     </span>
     <span class='ocr_line' id='line_1_55' title="bbox 197 2506 731 2559; baseline -0.006 -9"><span class='ocrx_word' id='word_1_250' title='bbox 197 2521 299 2550; x_wconf 91' lang='lat' dir='ltr'><strong>rom.</strong></span> <span class='ocrx_word' id='word_1_251' title='bbox 349 2506 523 2559; x_wconf 82' lang='lat' dir='ltr'><strong>(Foeas.)</strong></span> <span class='ocrx_word' id='word_1_252' title='bbox 569 2506 640 2548; x_wconf 88' lang='lat' dir='ltr'><strong>lat.</strong></span> <span class='ocrx_word' id='word_1_253' title='bbox 664 2506 731 2547; x_wconf 80' lang='lat'><strong>57.</strong></span> 
     </span>
    </p>

    <p class='ocr_par' dir='ltr' id='par_1_21' title="bbox 198 2576 1746 2703">
     <span class='ocr_line' id='line_1_56' title="bbox 198 2576 1746 2635; baseline -0.001 -14"><span class='ocrx_word' id='word_1_254' title='bbox 198 2578 261 2622; x_wconf 91' lang='lat' dir='ltr'><strong>De</strong></span> <span class='ocrx_word' id='word_1_255' title='bbox 292 2578 533 2635; x_wconf 87' lang='lat' dir='ltr'><strong>probatione</strong></span> <span class='ocrx_word' id='word_1_256' title='bbox 561 2577 760 2619; x_wconf 89' lang='lat' dir='ltr'><strong>bonorum</strong></span> <span class='ocrx_word' id='word_1_257' title='bbox 786 2582 825 2620; x_wconf 87' lang='lat' dir='ltr'><strong>et</strong></span> <span class='ocrx_word' id='word_1_258' title='bbox 845 2577 1058 2619; x_wconf 89' lang='lat' dir='ltr'><strong>malorum.</strong></span> <span class='ocrx_word' id='word_1_259' title='bbox 1106 2577 1304 2620; x_wconf 77' lang='lat' dir='ltr'><strong>Ezechias</strong></span> <span class='ocrx_word' id='word_1_260' title='bbox 1334 2577 1531 2630; x_wconf 88' lang='lat' dir='ltr'><strong>regnavit.</strong></span> <span class='ocrx_word' id='word_1_261' title='bbox 1580 2576 1746 2627; x_wconf 81' lang='lat' dir='ltr'><strong>(Baum-</strong></span> 
     </span>
     <span class='ocr_line' id='line_1_57' title="bbox 199 2649 588 2703; baseline -0.008 -11"><span class='ocrx_word' id='word_1_262' title='bbox 199 2649 324 2701; x_wconf 87' lang='lat' dir='ltr'><strong>erbe.)</strong></span> <span class='ocrx_word' id='word_1_263' title='bbox 370 2663 496 2703; x_wconf 87' lang='lat' dir='ltr'><strong>germ.</strong></span> <span class='ocrx_word' id='word_1_264' title='bbox 522 2651 588 2690; x_wconf 64' lang='lat'><strong>81.</strong></span> 
     </span>
    </p>

    <p class='ocr_par' dir='ltr' id='par_1_22' title="bbox 199 2719 1744 2843">
     <span class='ocr_line' id='line_1_58' title="bbox 199 2719 1744 2775; baseline -0.001 -12"><span class='ocrx_word' id='word_1_265' title='bbox 199 2720 261 2763; x_wconf 90' lang='lat' dir='ltr'><strong>De</strong></span> <span class='ocrx_word' id='word_1_266' title='bbox 291 2720 470 2763; x_wconf 84' lang='lat' dir='ltr'><strong>Jonatha</strong></span> <span class='ocrx_word' id='word_1_267' title='bbox 509 2720 577 2775; x_wconf 91' lang='lat' dir='ltr'><strong>qui</strong></span> <span class='ocrx_word' id='word_1_268' title='bbox 618 2720 759 2762; x_wconf 87' lang='lat' dir='ltr'><strong>habuit</strong></span> <span class='ocrx_word' id='word_1_269' title='bbox 791 2719 953 2773; x_wconf 82' lang='lat' dir='ltr'><strong>jocalia.</strong></span> <span class='ocrx_word' id='word_1_270' title='bbox 1008 2719 1158 2762; x_wconf 89' lang='lat' dir='ltr'><strong>Darius</strong></span> <span class='ocrx_word' id='word_1_271' title='bbox 1197 2720 1239 2761; x_wconf 91' lang='lat' dir='ltr'><strong>in</strong></span> <span class='ocrx_word' id='word_1_272' title='bbox 1270 2719 1434 2761; x_wconf 83' lang='lat' dir='ltr'><strong>civitate</strong></span> <span class='ocrx_word' id='word_1_273' title='bbox 1464 2719 1651 2772; x_wconf 85' lang='lat' dir='ltr'><strong>regnavit</strong></span> <span class='ocrx_word' id='word_1_274' title='bbox 1680 2733 1744 2762; x_wconf 90' lang='lat' dir='ltr'><strong>ro·</strong></span> 
     </span>
     <span class='ocr_line' id='line_1_59' title="bbox 199 2791 864 2843; baseline -0.003 -9"><span class='ocrx_word' id='word_1_275' title='bbox 199 2805 333 2834; x_wconf 85' lang='lat' dir='ltr'><strong>mana.</strong></span> <span class='ocrx_word' id='word_1_276' title='bbox 383 2791 627 2843; x_wconf 84' lang='lat' dir='ltr'><strong>(Jonathas.)</strong></span> <span class='ocrx_word' id='word_1_277' title='bbox 673 2791 742 2833; x_wconf 88' lang='lat' dir='ltr'><strong>lat.</strong></span> <span class='ocrx_word' id='word_1_278' title='bbox 771 2791 864 2832; x_wconf 91' lang='lat'><strong>120.</strong></span> 
     </span>
    </p>

    <p class='ocr_par' dir='ltr' id='par_1_23' title="bbox 200 2860 1742 2984">
     <span class='ocr_line' id='line_1_60' title="bbox 201 2860 1742 2918; baseline 0 -13"><span class='ocrx_word' id='word_1_279' title='bbox 201 2861 264 2905; x_wconf 87' lang='lat' dir='ltr'><strong>De</strong></span> <span class='ocrx_word' id='word_1_280' title='bbox 307 2863 435 2905; x_wconf 87' lang='lat' dir='ltr'><strong>nimia</strong></span> <span class='ocrx_word' id='word_1_281' title='bbox 478 2862 784 2918; x_wconf 89' lang='lat' dir='ltr'><strong>presumptione</strong></span> <span class='ocrx_word' id='word_1_282' title='bbox 827 2861 1033 2904; x_wconf 85' lang='lat' dir='ltr'><strong>Joviniani</strong></span> <span class='ocrx_word' id='word_1_283' title='bbox 1080 2864 1153 2904; x_wconf 86' lang='lat' dir='ltr'><strong>ete.</strong></span> <span class='ocrx_word' id='word_1_284' title='bbox 1220 2860 1462 2903; x_wconf 82' lang='lat' dir='ltr'><strong>Jovinianus</strong></span> <span class='ocrx_word' id='word_1_285' title='bbox 1506 2862 1742 2918; x_wconf 85' lang='lat' dir='ltr'><strong>imperator.</strong></span> 
     </span>
     <span class='ocr_line' id='line_1_61' title="bbox 200 2932 695 2984; baseline -0.006 -9"><span class='ocrx_word' id='word_1_286' title='bbox 200 2932 489 2984; x_wconf 81' lang='lat' dir='ltr'><strong>(Jovinianus.)</strong></span> <span class='ocrx_word' id='word_1_287' title='bbox 534 2933 604 2975; x_wconf 90' lang='lat' dir='ltr'><strong>lat.</strong></span> <span class='ocrx_word' id='word_1_288' title='bbox 629 2933 695 2973; x_wconf 67' lang='lat'><strong>59.</strong></span> 
     </span>
    </p>
   </div>
  </div>
 </body>
</html>
