1949 3162
965 76 1050 119 556

165 187 223 226 eis
254 185 450 225 adherent
480 191 517 224 et
544 185 590 224 in
620 186 798 239 peccatis
831 186 1087 225 consentiunt
1118 192 1155 225 et
1185 185 1348 225 dicunt:
1385 183 1518 225 Ovum
1549 192 1607 225 est
1637 192 1721 225 tam
1746 198 1846 239 pre-

166 258 322 297 ciosum
353 262 421 295 etc.
471 255 557 296 Per
579 270 699 296 ovum
719 257 897 296 mundus
918 256 1179 310 intelliyitur,
1214 257 1288 310 qui
1318 263 1375 296 est
1404 256 1618 296 rotundus.
1662 255 1848 296 Mundus

166 328 267 367 dicit
296 326 476 366 homini:
508 326 675 367 Bonum
706 335 764 367 est
794 328 857 367 uti
886 328 1038 367 mundo
1070 327 1117 366 in
1137 326 1365 379 juventute,
1401 327 1500 381 quia
1527 327 1620 367 licet
1639 327 1714 367 lioc
1732 326 1849 380 fece-

164 399 294 438 rimus
327 405 363 437 et
387 405 605 452 peccatum
635 399 925 449 inciderimus,
967 405 1062 438 tunc
1093 398 1228 451 major
1259 406 1318 439 est
1347 399 1551 438 strucione
1586 399 1614 438 i.
1649 412 1679 438 e.
1713 398 1849 451 major

94 473 116 508 5
165 476 224 510 est
259 469 404 509 divina
445 470 755 521 misericordia,
806 484 930 524 quam
973 477 1118 509 nostra
1160 470 1340 509 miseria.
1405 467 1558 510 Contra
1602 469 1702 510 tales
1748 469 1850 510 dicit

165 540 422 581 Psalmista:
474 540 573 581 Non
622 542 857 582 miserearis
912 540 1122 592 omnibus,
1178 542 1253 596 qui
1297 548 1524 596 operantur
1572 541 1844 596 iniquitatem.

167 610 416 653 Studeamus
447 625 542 666 erqo
576 619 644 652 etc.

892 839 994 882 CAP.
1022 841 1116 882 168.

689 927 763 973 De
799 933 947 973 eterna
987 928 1318 988 dampnatione.

95 1043 138 1077 10
281 1037 488 1077 Barlaam
525 1045 695 1089 narrat,
736 1038 849 1092 quod
877 1046 1074 1093 peccator
1113 1038 1262 1079 similis
1302 1046 1359 1079 est
1395 1037 1574 1090 homini,
1616 1039 1709 1093 qui,
1756 1051 1848 1078 cum

163 1110 273 1150 timet
306 1110 583 1160 unicornium,
616 1109 770 1149 recedit
798 1110 844 1149 in
875 1107 1116 1159 baratrum;
1154 1110 1253 1150 dum
1284 1117 1418 1150 autem
1449 1110 1623 1161 caderet,
1656 1107 1847 1149 manibus

163 1179 420 1221 arbustulam
461 1181 674 1235 quandam
712 1180 1006 1235 apprehendit,
1052 1196 1128 1235 que
1167 1182 1215 1221 de
1247 1180 1466 1236 profundo
1505 1179 1771 1232 ascendebat,
1811 1187 1848 1221 et

162 1254 369 1308 aspiciens
400 1251 594 1306 inferius,
627 1252 733 1292 vidit
765 1252 821 1291 ad
849 1252 993 1306 pedem
1024 1251 1188 1292 arboris
1213 1260 1387 1307 puteum
1418 1253 1669 1292 teterrimum
1692 1259 1729 1292 et
1748 1251 1847 1292 dra-

162 1338 302 1364 conem
333 1323 573 1364 horribilem
604 1322 794 1364 arborem
825 1325 1050 1378 cinyentem
1082 1331 1119 1364 et
1149 1323 1234 1377 ejus
1266 1339 1406 1364 casum
1429 1338 1498 1364 ore
1519 1331 1661 1379 aperto
1684 1337 1847 1378 exspec-

94 1400 137 1435 15
163 1403 314 1436 tantem
325 1411 337 1444 ;
378 1394 537 1435 (luobus
570 1403 704 1435 autem
734 1394 942 1446 muribus,
986 1409 1164 1450 quarum
1195 1411 1280 1435 una
1312 1403 1401 1435 erat
1431 1395 1548 1447 alba,
1590 1395 1678 1436 alia
1705 1396 1845 1450 niqra,

162 1466 350 1507 arborem
388 1468 640 1507 incessanter
679 1466 989 1507 corrodentibus
1027 1468 1073 1506 in
1115 1467 1276 1518 radice,
1325 1468 1451 1507 sensit
1493 1481 1582 1506 eam
1627 1466 1847 1516 vacillare3

163 1545 343 1593 quatuor
375 1552 536 1593 quoque
567 1540 685 1593 vipre
724 1538 813 1578 albe
854 1554 879 1578 a
922 1535 1047 1591 [basi]
1094 1553 1176 1592 qua
1209 1539 1356 1593 pedem
1388 1538 1545 1591 fiderat
1579 1538 1847 1593 procedentes

162 1617 287 1650 totam
315 1609 490 1663 foveam
517 1610 626 1664 flatu
661 1624 733 1650 suo
765 1609 980 1663 mortifero
1013 1609 1308 1650 intoaficabant.
1362 1609 1543 1650 Elevans
1575 1610 1713 1651 oculos
1743 1610 1849 1650 vidit

163 1681 316 1721 ea'itum
346 1681 478 1721 mellis
511 1682 560 1721 de
590 1682 719 1721 ramis
752 1681 916 1721 arboris
948 1681 1164 1733 stillantis,
1207 1680 1435 1736 oblitusque
1460 1681 1656 1737 periculi,
1687 1683 1734 1722 in
1765 1695 1845 1736 quo

92 1758 137 1793 20
162 1753 347 1807 undique.
373 1753 536 1807 positus
569 1760 677 1803 erat,
718 1752 785 1792 illi
815 1753 1028 1793 dulcedini
1057 1767 1097 1793 se
1135 1760 1263 1793 totum
1305 1754 1426 1793 dedit.
1484 1752 1676 1805 Quodam
1713 1760 1848 1793 autem

163 1824 293 1863 amico
333 1821 418 1874 ejus
455 1825 694 1878 porriqente
732 1824 814 1864 sibi
852 1824 1028 1876 scalam,
1070 1832 1115 1865 ut
1152 1825 1432 1879 eqrederetur,
1473 1824 1590 1865 melle
1626 1817 1847 1865 delectatus

163 1894 337 1945 distulit,
372 1902 408 1935 et
440 1895 605 1935 cadente
636 1894 784 1935 arbore
820 1892 920 1948 [143
932 1893 973 1948 b]
1009 1897 1155 1936 cecidit
1185 1897 1230 1935 in
1263 1910 1306 1936 os
1337 1896 1547 1948 draconis,
1581 1897 1656 1951 qui
1684 1896 1847 1936 descen-

163 1966 261 2006 dens
299 1966 344 2005 in
377 1973 551 2020 puteum
589 1965 651 2006 ibi
689 1981 779 2007 eum
817 1968 1050 2020 devoravit,
1093 1976 1130 2008 et
1167 1969 1226 2008 sic
1263 1969 1415 2008 misera
1454 1975 1583 2008 morte
1621 1967 1698 2008 heu
1733 1979 1845 2008 mor-

163 2044 256 2078 tuus
288 2044 355 2077 est.

92 2115 137 2149 25
280 2108 569 2148 Moralizacio.
635 2107 871 2161 Cari-ssimi,
912 2110 1029 2151 liomo
1068 2111 1144 2150 iste
1183 2118 1241 2151 est
1273 2117 1491 2165 peccator,·
1537 2110 1752 2150 unicornis
1790 2116 1849 2150 est

162 2193 287 2231 mors,
323 2180 397 2234 qui
426 2179 629 2219 hominem
661 2195 819 2236 semper
840 2183 1047 2236 sequitur;
1080 2181 1294 2222 baratrum
1316 2189 1374 2222 est
1393 2182 1571 2222 mundus
1591 2183 1666 2222 iste
1675 2197 1688 2231 ,·
1721 2180 1847 2221 arbor

163 2258 222 2291 est
250 2252 357 2302 vita,
401 2265 477 2305 que
510 2266 591 2305 per
628 2252 774 2292 horam
806 2254 891 2293 diei
930 2261 966 2294 et
1001 2255 1133 2293 noctis
1173 2254 1298 2308 qua-si
1327 2268 1409 2308 per
1447 2268 1602 2294 murem
1640 2251 1780 2293 album
1810 2259 1848 2293 et

162 2323 329 2376 niyrum
368 2323 619 2363 incessanter
658 2326 912 2364 consumitur
922 2340 934 2374 ,·
974 2324 1105 2376 basis,
1149 2339 1198 2364 em
1236 2340 1320 2379 qua
1345 2325 1581 2380 procedunt
1609 2325 1748 2380 vipre,
1789 2330 1848 2364 est

163 2407 313 2448 corpus
346 2393 570 2434 humanum
602 2394 753 2435 liabens
785 2404 965 2450 quatuor
998 2396 1217 2451 qualitates
1239 2395 1470 2447 humorum,
1504 2395 1652 2451 quibus
1682 2395 1845 2436 inordi-

92 2472 137 2505 30
161 2472 256 2505 nate
296 2466 532 2519 compositis
572 2468 759 2521 corporis
801 2482 1000 2522 compagso
1044 2467 1308 2516 dissolvitur3
1356 2468 1483 2508 draco
1530 2475 1588 2508 est
1633 2466 1845 2516 diabolus,-

156 2543 309 2591 puteus
354 2535 546 2590 infernus
557 2553 570 2586 ;
618 2538 789 2579 dulcedo
835 2538 1065 2579 ramusculi
1109 2538 1328 2579 delectacio
1371 2540 1552 2594 peccati,
1594 2553 1676 2594 per
1721 2553 1847 2593 quam
1905 2530 1913 2534 l

163 2607 280 2647 homo
314 2608 535 2659 seducit-ur,
569 2616 613 2649 ut
638 2610 874 2663 periculum
904 2625 985 2651 non
1018 2611 1251 2659 intzoecttur3
1283 2611 1440 2650 amicus
1472 2617 1530 2651 est
1559 2608 1744 2651 Christus
1775 2617 1848 2651 aut

158 2678 423 2732 predicator;
470 2679 584 2719 scala
621 2688 677 2720 est
708 2682 960 2735 penitentia,
1003 2683 1072 2722 cui
1108 2697 1199 2722 cum
1241 2681 1358 2722 lzomo
1400 2681 1539 2735 differt
1573 2683 1844 2737 acquiescere,

163 2748 295 2789 subito
328 2750 415 2790 vita
446 2750 651 2803 deficiente
681 2752 726 2791 in
759 2766 802 2791 os
834 2752 995 2793 diaboli
1023 2754 1148 2805 cadit,
1183 2755 1258 2808 qui
1287 2767 1378 2793 eum
1406 2753 1452 2793 in
1481 2752 1695 2807 infernum
1725 2753 1846 2794 devo-

94 2825 139 2859 35
162 2827 231 2860 rat
260 2827 298 2860 et
325 2821 450 2875 rapit.
