1949 3162
140 500 161 533 U*

119 857 161 890 10

119 1707 164 1741 20

121 2063 165 2096 25

123 2422 166 2454 30

984 99 1068 140 342

186 208 313 250 libere
345 210 463 248 utens
497 220 603 247 anno
635 206 751 261 lapso
794 219 885 247 cum
917 205 1045 247 nobili
1085 218 1188 258 equo
1227 204 1333 247 saltu
1370 204 1558 259 precipiti
1591 217 1633 245 se
1664 204 1866 246 immersit

187 282 228 321 et
259 278 398 319 statim
432 281 544 318 terra
580 290 622 318 se
654 277 813 318 clausit.

306 348 541 401 Carissimi,
574 347 706 389 Roma
738 347 935 389 mundum
968 347 1092 388 istum
1127 347 1286 399 signat,
1325 347 1364 387 in
1399 346 1513 399 cujus
1544 345 1679 387 medio
1712 349 1774 387 est
1805 346 1865 387 in-

187 421 327 462 fernus
360 420 400 460 in
435 424 588 472 centro,
623 420 691 473 qui
725 423 813 460 erat
845 422 1011 473 apertus
1045 421 1138 459 ante
1161 417 1314 459 Christi
1347 417 1620 470 nativitatem,
1654 420 1694 458 et
1715 416 1866 458 infiniti

189 490 373 532 homines
412 491 454 531 in
494 503 540 532 eo
582 490 828 531 ceciderunt.
878 488 994 530 Unde
1036 503 1059 530 a
1098 489 1176 530 diis
1208 489 1234 530 i.
1265 502 1298 530 e.
1331 502 1354 529 a
1386 487 1598 542 prophetis
1631 488 1865 542 recepimus

187 575 451 617 responsum,
493 561 599 616 quod
632 574 856 614 numquam
890 560 1171 612 clauderetur,
1213 559 1342 601 donec
1380 559 1494 611 virgo
1526 563 1691 613 pareret
1721 558 1866 612 filium,

188 633 256 686 qui
294 645 368 687 pro
408 646 557 685 genere
596 632 775 673 humano
822 636 964 673 eontra
1003 630 1209 672 diabolum
1251 633 1473 685 pugnaret,
1524 632 1564 670 et
1603 630 1741 671 anima
1780 630 1867 683 ejus

187 717 279 746 cum
320 703 536 745 divinitate
578 703 626 744 ad
666 703 871 744 infernum
913 701 1191 743 descenderet.
1239 700 1356 742 Unde
1396 701 1499 742 scire
1540 699 1718 754 debetis,
1759 699 1867 754 quod

187 787 412 828 numquam
445 775 494 816 cle
527 778 661 816 cetero
695 776 860 829 apertus
894 773 991 826 erit,
1034 773 1113 813 nisi
1145 772 1293 826 aliquis
1327 771 1503 812 voluerit
1532 771 1764 813 voluntarie
1794 784 1868 826 per

188 850 403 901 peccatum
435 845 609 887 mortale
642 845 815 900 aperire.

856 1014 957 1056 CAP.
981 1015 1051 1055 44.
1087 1014 1189 1063 (43.)

886 1101 960 1146 De
989 1101 1171 1145 invidia.

309 1198 498 1241 Tiberius
530 1199 733 1252 regnavit,
768 1198 837 1252 qui
871 1202 964 1239 ante
997 1200 1206 1251 sumptum
1239 1197 1459 1252 imperium
1493 1200 1581 1238 erat
1609 1196 1788 1251 'prudens
1808 1197 1872 1238 in-

188 1271 329 1325 genio,
361 1270 496 1312 clarus
529 1270 713 1324 eloquio,
750 1270 984 1311 fortunatus
1016 1268 1059 1309 in
1093 1268 1218 1321 bello,
1254 1268 1324 1310 sed
1358 1273 1453 1323 post
1483 1268 1687 1310 resolutus
1720 1267 1870 1309 milicie

189 1342 345 1384 artibus
384 1341 499 1383 nulla
538 1341 644 1383 bella
682 1354 827 1394 gerens
860 1340 1059 1395 populum
1092 1353 1306 1381 romanum
1350 1340 1532 1393 graviter
1565 1337 1732 1392 afflixit,
1765 1338 1870 1380 filios

187 1413 377 1468 proprios
411 1413 630 1468 pluresque
662 1413 859 1467 patricios
892 1416 932 1453 et
963 1411 1150 1453 consules
1182 1411 1399 1452 interfecit.
1447 1410 1554 1452 Huic
1583 1411 1748 1464 quidam
1772 1410 1871 1452 arti—

187 1484 256 1526 fex
289 1484 439 1525 vitrum
473 1484 624 1526 ductile
664 1497 706 1525 se
740 1497 860 1539 posse
899 1483 1102 1524 fabricare
1143 1482 1312 1535 obtulit,
1355 1483 1462 1536 quod
1495 1482 1682 1524 Tiberius
1715 1481 1765 1522 ad
1798 1494 1871 1536 pa-

189 1556 334 1597 rietem
358 1555 577 1610 projiciens
598 1569 681 1597 non
702 1555 879 1597 fractum
903 1554 1082 1607 sustulit,
1107 1554 1177 1595 sed
1201 1558 1428 1607 curvatum,
1453 1558 1493 1596 et
1510 1553 1658 1595 artifex
1676 1552 1868 1595 malleum

189 1627 402 1682 proferens
433 1631 473 1669 et
494 1627 607 1669 velut
627 1640 799 1681 cuprum
824 1626 973 1668 vitrum
997 1625 1204 1667 fabricans
1227 1639 1324 1667 mox
1347 1625 1538 1667 correxit.
1585 1624 1871 1678 Interrogante

190 1702 324 1740 autem
359 1698 523 1740 Tiberio
557 1698 606 1740 ab
641 1712 707 1751 eo,
748 1697 950 1751 quomodo
983 1697 1059 1738 hoc
1093 1701 1230 1751 posset
1260 1696 1370 1750 fieri,
1403 1696 1472 1738 ille
1503 1696 1631 1748 dixit,
1663 1695 1870 1737 neminem

190 1770 294 1811 hanc
327 1773 456 1811 artem
499 1770 602 1811 scire
643 1783 766 1824 super
798 1772 964 1810 terram.
1015 1767 1141 1817 Quem
1177 1768 1364 1809 Tiberius
1398 1781 1492 1809 mox
1526 1766 1721 1808 decollari
1747 1767 1873 1821 jussit

191 1841 351 1882 dicens:
399 1840 441 1882 Si
475 1841 549 1882 hec
582 1854 647 1882 ars
694 1840 852 1881 venerit
892 1840 933 1880 in
966 1840 1327 1892 consuetudinem,
1361 1853 1434 1894 pro
1468 1838 1619 1880 nichilo
1653 1852 1800 1880 aurum
1833 1844 1873 1880 et

191 1916 406 1965 argentum
438 1912 711 1967 reputabitur.

309 1981 431 2037 [366]
480 1982 713 2035 Carissimi,
760 1982 838 2024 iste
880 1981 1067 2023 Tiberius
1117 1982 1253 2033 signat
1300 1981 1458 2035 aliquos
1506 1980 1747 2023 claustrales
1786 1981 1872 2023 sive

191 2058 368 2108 ceterOS,
403 2055 470 2108 qui
505 2058 723 2108 antequam
759 2053 808 2094 ad
842 2053 1085 2106 dignitatem
1117 2058 1213 2094 sunt
1244 2052 1421 2107 promoti
1455 2052 1516 2093 vel
1549 2052 1739 2106 divicias,
1773 2052 1872 2093 satis

192 2126 366 2167 humiles
408 2129 447 2167 et
481 2125 686 2179 pacientes
720 2128 835 2177 sunt,
878 2124 948 2165 sed
988 2137 1077 2165 cum
1118 2127 1432 2178 promoventur,
1472 2127 1602 2165 totum
1637 2124 1871 2178 oppositum

193 2201 436 2252 operantur,
480 2200 520 2237 et
560 2196 650 2237 ideo
692 2195 849 2237 dicetur
890 2195 1180 2236 communiter:
1231 2194 1416 2236 Honores
1451 2198 1612 2236 mutant
1643 2208 1799 2248 mores,
1834 2198 1874 2236 et

192 2267 434 2309 Psalmista:
469 2266 601 2308 Homo
634 2280 725 2307 cum
758 2267 800 2307 in
834 2266 987 2307 honore
1021 2270 1128 2307 esset
1159 2279 1239 2306 non
1273 2265 1476 2307 intellexit
1508 2270 1582 2307 etc.
1616 2265 1780 2307 Artifex
1804 2266 1873 2320 qui

193 2352 264 2381 vas
298 2338 447 2379 obtulit
478 2341 614 2393 potest
645 2337 723 2379 dici
757 2351 928 2392 pauper,
963 2337 1032 2390 qui
1063 2336 1181 2378 diviti
1214 2349 1386 2378 munera
1418 2336 1548 2395 offert,
1583 2337 1654 2379 sed
1677 2338 1711 2379 si
1733 2337 1770 2379 ei
1791 2350 1873 2378 non

193 2410 370 2465 placent,
405 2409 581 2464 projicit,
615 2422 689 2450 nec
721 2407 808 2449 vult
838 2408 1034 2463 recipere,
1070 2407 1138 2449 sed
1172 2407 1304 2460 magis
1336 2411 1478 2449 contra
1510 2421 1603 2450 eum
1637 2408 1874 2450 accenditur

194 2486 234 2524 et
266 2481 429 2536 spoliat,
462 2481 588 2521 immo
622 2479 673 2521 ad
706 2482 879 2521 mortem
913 2492 1041 2532 usque
1074 2479 1212 2534 sepius
1244 2479 1374 2533 punit.

859 2708 961 2750 CAP.
985 2709 1054 2749 44.
1089 2708 1192 2760 (45.)

441 2795 575 2855 Quod
608 2795 751 2840 solum
792 2795 898 2840 bom?
935 2794 1167 2840 intrabunt
1200 2810 1386 2854 reynum
1424 2794 1630 2840 celorum.

314 2904 416 2946 Erat
455 2904 617 2959 quidem
657 2917 729 2945 rex
768 2903 1049 2944 nobilissimus
1082 2904 1246 2958 sapiens
1281 2907 1402 2957 atque
1434 2903 1561 2957 dives,
1603 2903 1671 2958 qui
1705 2916 1873 2945 uxorem

125 2982 170 3017 35
195 2975 339 3018 habuit
378 2976 660 3031 predilectam,
701 2988 779 3029 que
818 2974 953 3016 debite
992 2974 1222 3016 dilectionis
1258 2975 1476 3016 immemor
1507 2978 1590 3017 tres
1623 2973 1727 3015 filios
1752 2974 1874 3028 juxta
