1919 3157
891 73 975 114 339

92 190 171 227 me,
204 182 341 218 tamen
374 177 645 218 reconciliabo
678 191 784 227 euni,
818 178 850 218 si
885 183 1040 232 potero.
1074 178 1169 231 quia
1201 177 1363 229 injuria,
1398 190 1518 230 quam
1551 176 1675 218 michi
1708 177 1767 217 in-

91 246 199 299 tulit,
232 248 332 289 satis
364 248 571 289 vindicata
604 251 666 289 est
699 248 737 288 in
773 247 855 299 illo,
889 261 980 289 cum
1014 246 1336 289 misericordiam
1371 246 1575 301 imploret.
1625 246 1679 288 Et
1710 247 1769 288 sic

91 317 199 359 inter
231 318 521 373 imperatorem
555 317 754 360 offensum
788 323 828 360 et
858 319 1027 361 fratrem
1062 332 1180 360 suum
1214 331 1357 372 pacem
1390 318 1640 360 reformavit.
1688 344 1693 354 ·

208 388 443 436 Carissimi,
484 390 551 430 isti
589 389 668 430 duo
700 390 847 431 fratres
889 395 983 431 sunt
1014 389 1121 430 tilius
1162 389 1226 430 dei
1267 393 1307 430 et
1347 389 1486 441 homo,
1530 389 1635 431 inter
1667 402 1768 443 quos

91 472 241 512 magna
279 465 342 502 est
378 460 604 506 discordia,
653 460 815 514 quando
864 461 983 502 hoino
1033 464 1198 514 peccato
1239 459 1401 501 mortali
1442 460 1657 501 consentit.
1716 460 1770 502 Et

91 533 229 572 tamen
269 535 367 572 tunc
406 532 666 585 persequitur
707 531 832 572 tilium
868 531 932 573 dei
973 531 1140 572 fratrem
1176 544 1316 582 suum,
1357 530 1463 583 quod
1497 534 1694 583 quantum
1727 531 1769 572 in

91 614 138 642 eo
178 605 240 642 est
278 601 426 643 iterum
466 601 554 642 vult
594 615 686 643 eum
727 602 976 655 crucifigere.
1035 601 1150 642 Unde
1191 601 1240 642 ad
1280 600 1424 643 Hebr.:
1475 600 1769 655 Crucifigentes

90 670 217 713 filium
243 671 306 713 dei
330 676 404 714 etc.
460 672 633 727 Propter
657 686 734 726 que
757 672 976 714 offenditur
997 686 1182 714 summus
1205 672 1431 726 imperator
1454 676 1571 726 pater
1593 672 1767 714 celestis.

89 741 346 784 Accedamus
385 757 480 796 ergo
519 743 689 784 fratrem
732 748 916 784 nostrum
958 744 982 784 i.
1014 757 1047 785 e.
1079 742 1289 785 Christum
1330 747 1370 784 et
1410 747 1599 797 petamus
1638 743 1689 785 ab
1723 757 1769 785 eo

90 813 414 855 misericordiam
456 827 547 855 cum
588 815 839 856 contricione
876 815 1030 866 cordis,
1073 819 1113 856 et
1151 813 1250 855 illud
1284 827 1358 868 pro
1391 813 1574 855 vindicta
1607 814 1767 856 miseri-

89 884 267 926 corditer
298 885 519 940 reputabit,
552 891 597 927 ut
629 885 745 927 nobis
778 885 940 940 culpam
975 890 1158 927 nostram
1191 885 1388 937 remittat,
1422 889 1463 927 et
1494 898 1637 939 pacem
1660 885 1768 927 inter

88 955 380 1010 imperatorem
422 956 615 998 celestem
656 961 696 998 et
733 970 805 998 nos
838 958 1043 999 reformet.
1095 955 1137 997 Si
1170 969 1265 1009 ergo
1298 960 1342 996 tu
1374 956 1495 997 times
1529 956 1614 1009 ejus
1643 956 1767 1010 justi-

89 1026 214 1077 ciam,
253 1027 347 1080 fuge
388 1028 438 1069 ad
478 1029 564 1081 ejus
604 1028 929 1070 misericordiam
971 1028 1067 1081 quia
1106 1027 1238 1079 major
1269 1030 1332 1068 est
1363 1027 1448 1080 ejus
1481 1027 1766 1068 misericordia

89 1110 211 1150 quam
244 1102 385 1140 nostra
417 1099 594 1140 miseria.
645 1098 759 1140 Unde
792 1099 1033 1140 Psalmista:
1069 1097 1350 1139 Misericordia
1372 1098 1458 1151 ejus
1481 1111 1605 1152 super
1627 1098 1766 1139 omnia

88 1180 215 1223 opera
246 1169 347 1223 ejus,
380 1170 683 1212 misericordias
716 1170 871 1212 domini
904 1171 944 1211 in
977 1174 1163 1211 eternum
1196 1168 1383 1210 cantabo.

758 1400 860 1442 Cn).
884 1401 953 1441 40.
988 1400 1091 1450 (39.)

496 1487 570 1531 De
604 1488 738 1532 modo
777 1488 1075 1547 temptationis
1113 1492 1152 1531 et
1178 1487 1358 1545 peritia.

203 1591 386 1647 Legitur,
419 1599 463 1636 ut
494 1594 594 1636 dicit
625 1594 877 1648 Macrobius,
911 1594 1018 1649 quod
1051 1598 1139 1636 erat
1171 1594 1338 1648 quidam
1371 1592 1488 1634 miles
1522 1593 1591 1647 qui
1623 1593 1767 1635 habuit

86 1677 256 1706 uxorem
289 1678 403 1706 suam
438 1670 686 1720 suspectam,
721 1666 828 1720 quod
860 1665 952 1721 plus
985 1679 1109 1707 unum
1145 1665 1271 1706 alium
1303 1664 1449 1706 dilexit
1470 1677 1593 1718 quam
1615 1664 1767 1719 ipsum,

84 1740 254 1790 propter
275 1736 413 1791 aliqua
435 1737 574 1778 audita
596 1741 637 1779 et
658 1738 757 1779 visa.
807 1737 954 1792 Sepius
978 1736 1028 1778 ab
1050 1749 1178 1778 uxore
1200 1736 1391 1790 quesivit,
1425 1735 1459 1776 si
1482 1749 1623 1776 verum
1647 1739 1766 1777 esset.

86 1804 176 1861 [35]
216 1806 291 1850 Illa
328 1807 572 1863 simpliciter
610 1808 794 1862 negavit,
836 1808 944 1862 quod
982 1807 1141 1849 nullum
1182 1807 1308 1848 alium
1348 1810 1487 1861 preter
1525 1807 1663 1862 ipsum
1704 1806 1767 1848 in-

84 1881 244 1920 tantum
276 1878 433 1921 dilexit.
482 1878 600 1922 Miles
633 1880 754 1921 dictis
787 1880 873 1933 ejus
895 1892 976 1921 non
1000 1878 1218 1933 acquievit,
1251 1878 1321 1920 sed
1344 1877 1549 1931 quendam
1572 1877 1766 1919 clericum

84 1949 262 2003 peritum
296 1950 398 1993 adiit
439 1954 478 1993 et
509 1963 598 1992 cum
634 1965 680 1993 eo
713 1951 922 2003 convenit,
963 1955 1008 1992 ut
1046 1950 1097 1991 de
1129 1949 1205 1991 hac
1237 1963 1279 1991 re
1312 1949 1528 1991 verit-atem
1560 1948 1596 1990 ei
1628 1952 1765 1990 osten-

84 2019 210 2062 deret.
259 2020 336 2070 Qui
368 2022 445 2063 ait:
488 2021 575 2063 Hoc
605 2035 686 2063 non
719 2026 863 2077 potero
895 2025 1120 2076 temptare,
1153 2021 1234 2062 nisi
1267 2020 1474 2062 dominam
1510 2019 1693 2062 viderem
1726 2023 1767 2062 et

83 2104 174 2132 cum
215 2104 263 2134 ea
300 2091 541 2134 fabularem.
598 2092 653 2135 Et
692 2093 780 2135 ille:
820 2093 933 2146 Rogo
966 2096 1006 2134 te
1038 2105 1130 2133 cum
1164 2091 1333 2144 affeetu,
1375 2095 1420 2133 ut
1450 2091 1572 2133 hodie
1604 2104 1765 2132 mecum

82 2162 217 2204 cibum
250 2167 410 2217 gustes,
445 2167 485 2205 et
517 2177 589 2216 ego
622 2167 662 2206 te
694 2177 787 2205 cum
820 2177 948 2205 uxore
979 2177 1071 2205 mea
1103 2162 1324 2204 collocabo.
1374 2162 1558 2204 Clericus
1591 2162 1766 2204 accessit

83 2233 134 2274 ad
165 2233 331 2275 domum
357 2234 512 2287 militis,
546 2234 647 2276 hora
668 2235 832 2289 prandii
854 2235 978 2287 venit,
1012 2238 1052 2276 et
1067 2234 1189 2287 juxta
1211 2233 1420 2275 dominam
1443 2237 1506 2274 est
1527 2233 1762 2275 collocatus.

82 2302 219 2346 Finito
252 2305 426 2359 prandio
458 2305 630 2347 clericus
664 2305 818 2360 incepit
859 2319 949 2347 cuin
986 2305 1151 2346 domina
1189 2304 1239 2346 de
1272 2305 1446 2346 diversis
1477 2304 1660 2357 negociis
1692 2303 1764 2346 ha-

83 2374 178 2417 bere
209 2375 424 2430 colloquia.
474 2376 562 2417 Hoc
593 2377 700 2418 facto
733 2376 905 2418 clericus
938 2389 1106 2417 manum
1139 2375 1304 2417 domine
1337 2375 1495 2430 accepit
1527 2378 1567 2416 et
1598 2374 1763 2430 pulsum

1799 822 1840 855 10

1798 1178 1839 1211 15

1794 1742 1839 1776 20

1792 2101 1836 2135 25

82 2459 200 2488 suum
234 2447 383 2500 tetigit,
416 2447 562 2489 deinde
595 2460 826 2489 sermonem
859 2447 908 2489 de
932 2460 978 2488 eo
1006 2447 1116 2499 fecit,
1149 2459 1241 2488 cum
1271 2460 1350 2500 quo
1373 2450 1463 2488 erat
1483 2446 1765 2488 scandalizata
1789 2455 1834 2488 30

83 2521 124 2559 et
154 2517 372 2560 vehemens
405 2518 605 2572 suspicio:
639 2518 779 2560 statim
811 2532 884 2572 pre
915 2517 1065 2570 gaudio
1098 2517 1240 2572 pulsus
1272 2517 1428 2572 incepit
1458 2517 1654 2559 velociter
1676 2529 1763 2558 mo-

84 2588 169 2630 veri
202 2593 243 2630 et
273 2588 464 2642 calefieri,
497 2588 692 2643 quamdiu
725 2601 955 2630 sermonem
988 2588 1037 2629 de
1060 2601 1106 2629 eo
1128 2588 1268 2629 traxit.
1302 2587 1485 2630 Clericus
1508 2601 1599 2629 cum
1623 2599 1764 2642 perce-

82 2658 213 2713 pisset
243 2658 318 2700 hoc
349 2659 504 2714 incepit
535 2673 763 2701 sermonem
799 2659 849 2700 de
880 2659 967 2700 viro
1001 2672 1073 2700 suo
1105 2658 1269 2712 habere,
1301 2663 1343 2700 et
1373 2658 1515 2714 pulsus
1547 2658 1688 2699 statim
1711 2657 1762 2699 ab

82 2729 194 2770 omni
224 2734 339 2772 motu
373 2734 413 2772 et
443 2730 578 2772 calore
611 2730 808 2771 cessabat.
857 2729 919 2770 Ex
952 2729 1027 2771 hoc
1059 2731 1245 2784 percepit
1273 2729 1459 2782 clericus,
1493 2728 1600 2783 quod
1633 2728 1761 2770 alium

83 2799 246 2854 dilexit,
279 2800 328 2842 de
361 2813 440 2854 quo
473 2805 562 2842 erat
593 2800 886 2852 scandalizata,
920 2799 1012 2854 plus
1045 2813 1167 2854 quam
1202 2801 1334 2842 virum
1369 2799 1597 2855 proprium,
1631 2803 1672 2842 et
1701 2800 1762 2842 sic
1786 2808 1830 2842 35

82 2870 199 2913 miles
231 2884 305 2927 per
337 2871 530 2914 clericum
564 2871 616 2913 ad
647 2871 707 2913 rei
739 2871 956 2912 veritatem
989 2871 1138 2913 evenit.

175 2952 194 2986 7
221 2950 492 2996 Crucifigentes]
520 2958 604 2997 oriy.
630 2951 875 2996 Crucigentes.
973 2952 1018 2985 25
1043 2951 1185 2994 affectu]
1213 2957 1298 2996 orry.
1324 2951 1466 2985 effectu.

1402 3015 1479 3051 224*
