1954 3137
189 177 259 218 40.

190 247 258 288 41.

191 532 260 573 43.

191 674 260 715 44.

191 815 260 857 45.

193 958 263 999 46.

1003 70 1060 111 90

294 176 398 227 (85.)
446 175 616 228 Anfang
645 175 748 217 fehlt
777 176 897 230 noch,
929 176 983 218 bl.
1007 176 1077 218 56.
1128 175 1187 222 (In
1217 175 1364 219 waffen
1399 177 1633 230 begraben.)
1679 177 1751 220 lat.
1778 179 1872 220 134.

309 246 498 288 Valerius
531 247 721 300 regnavit
752 260 865 289 rome
897 251 1042 302 potens
1076 247 1194 289 valde
1227 248 1296 302 qui
1328 248 1492 290 unicam
1523 247 1651 290 filiam
1684 248 1872 292 habebat.

310 317 519 368 (Stricke.)
574 331 667 373 app.
697 320 760 360 16.

251 422 259 430 .
308 388 412 430 Erat
443 388 610 442 quidam
643 403 715 431 rex
749 390 1006 432 consciencia
1034 393 1170 432 motus
1195 390 1245 432 ad
1267 393 1419 432 terram
1442 394 1640 433 sanctam.
1688 388 1875 442 (Lowen-

310 459 527 511 hochzeit.)
579 473 673 515 app.
698 461 765 502 20.

308 530 611 586 Dyoclecianus
644 533 833 584 regnavit
855 531 984 573 Rome
1015 532 1083 586 qui
1108 545 1183 587 pro
1206 531 1294 585 lege
1318 532 1462 574 statuit
1484 532 1518 574 si
1541 532 1700 574 mulier.
1748 531 1875 581 (Sohn

310 601 443 644 todtet
473 605 628 643 mutter
659 603 803 654 nicht.)
849 602 920 644 lat.
950 604 1044 645 100.

309 672 414 715 Erat
453 672 619 727 quidam
662 687 734 715 rex
768 675 836 728 qui
871 674 1075 728 quendam
1108 688 1332 730 pauperem
1369 674 1418 716 ad
1451 674 1624 716 divicias
1657 675 1874 730 promovit.

311 743 600 795 (Freundliche
634 746 791 794 worte.)
839 745 908 787 lat.
937 746 1031 787 130.

310 816 519 857 Adrianus
552 816 741 868 regnavit
764 816 890 858 Rome
924 817 1037 859 dives
1060 816 1180 859 valde
1203 817 1271 871 qui
1296 816 1373 858 sibi
1396 815 1609 858 basilicam
1633 816 1875 859 construxit.

312 885 587 942 (Sarkophag,
623 886 797 940 langer.)
844 887 917 929 lat.
944 889 1009 929 16.

311 956 483 1011 Legitur
516 957 623 1012 quod
656 963 739 1000 tres
772 972 941 1014 syrenes
973 959 1013 1000 in
1049 958 1153 1000 silva
1184 958 1372 1000 fuissent.
1423 957 1643 1011 (Sirenen.)
1693 971 1786 1014 app.
1806 959 1875 1000 41.

427 1145 549 1181 XXV.
589 1145 680 1181 Cod.
707 1145 933 1189 stuttgard.
957 1145 1080 1181 theol.
1105 1146 1145 1181 et
1169 1146 1314 1190 philos.
1338 1146 1383 1191 N,
1403 1144 1486 1192 184,
1512 1146 1646 1189 quart.

775 1218 854 1252 XV.
875 1217 927 1262 jh.
966 1218 1098 1259 (1425.)
1144 1219 1186 1251 91
1214 1228 1293 1261 cap.

310 1314 381 1356 Bis
423 1313 495 1356 auf
533 1313 740 1356 einzelnes
777 1327 857 1355 von
896 1314 1076 1356 fremder
1115 1314 1224 1355 hand
1264 1327 1329 1355 am
1363 1313 1491 1355 rande
1522 1312 1880 1367 beigeschriebene

193 1387 298 1429 ohne
329 1385 645 1428 iiberschriften.
694 1386 773 1427 Am
805 1385 907 1427 ende
930 1385 1000 1427 des
1022 1385 1292 1427 unmittelbar
1313 1384 1676 1438 vorhergehenden
1698 1384 1877 1427 werkes:

196 1458 320 1500 1425.
370 1457 441 1498 Bis
474 1470 562 1512 cap.
589 1457 643 1497 76
675 1457 759 1498 fast
791 1456 1075 1510 durchgangig
1106 1456 1236 1510 gleich
1271 1456 1417 1498 XVIII.

225 1549 263 1589 1.

224 1696 262 1737 2.

225 1845 264 1885 3.

224 1993 263 2033 4.

310 1546 532 1601 Pompejus
571 1546 762 1599 regnavit
800 1546 915 1588 dives
957 1560 1080 1602 super
1119 1547 1257 1588 omnia
1297 1550 1338 1588 et
1374 1550 1532 1601 potens.
1597 1544 1730 1597 (Ohne
1768 1543 1881 1586 hund

312 1617 396 1659 und
427 1617 595 1672 lampe.)
645 1617 860 1669 (Entfiihrt
892 1617 974 1658 und
1008 1617 1263 1670 beschenkt.)
1311 1617 1381 1659 lat.
1411 1619 1445 1658 1.

313 1695 344 1737 F
348 1695 537 1736 racianus
569 1696 759 1747 regnavit
791 1695 860 1749 qui
894 1695 1039 1736 statuit
1070 1708 1144 1749 pro
1175 1694 1264 1748 lege
1297 1695 1372 1736 sub
1404 1707 1512 1750 pena
1543 1693 1701 1735 mortis.
1756 1692 1881 1745 (Zwei

312 1766 476 1819 briider‚
510 1766 663 1817 onkel.)
711 1766 782 1808 lat.
809 1767 847 1807 2.

313 1843 521 1885 Honorius
562 1844 751 1896 regnavit
788 1844 857 1897 qui
896 1843 1042 1884 statuit
1081 1856 1155 1898 pro
1193 1842 1283 1896 lege
1323 1842 1430 1896 quod
1469 1841 1618 1884 mulier
1650 1855 1728 1896 que
1760 1843 1879 1883 esset.

314 1914 526 1965 (Zweimal
558 1914 885 1965 hinabstiirzen.)
932 1914 1003 1955 lat.
1028 1915 1066 1955 23.

312 1991 523 2033 Fridricus
570 1991 613 2032 in
661 1991 827 2033 civitate
871 2004 1043 2032 romana
1084 1991 1275 2044 regnavit
1318 1991 1387 2044 qui
1427 1990 1497 2032 diu
1537 1990 1624 2032 sine
1663 1988 1780 2045 prole
1817 2001 1882 2031 re-

315 2063 479 2104 mansit.
530 2062 654 2116 (Ring
686 2063 758 2104 der
790 2062 1122 2116 vergessenheit.)
1169 2062 1240 2103 lat.
1270 2063 1333 2102 10.

314 2140 417 2182 Erat
455 2140 622 2193 quidam
664 2141 890 2195 imperator
928 2140 969 2181 in
1002 2140 1116 2193 (eujus
1148 2140 1322 2194 imperio
1357 2142 1445 2181 erat
1477 2138 1642 2192 quidam
1677 2136 1880 2179 sacerdos.

316 2211 647 2266 (Hundsquelle.)
694 2211 765 2252 lat.
794 2212 859 2252 12.

314 2287 487 2338 Quidam
520 2288 749 2343 imperator
781 2291 871 2330 erat
903 2288 971 2341 qui
1004 2287 1324 2342 pulcherrimam
1354 2300 1526 2328 uxorem
1548 2286 1702 2328 habuit.
1749 2284 1881 2337 (Platz

312 2359 379 2400 fiir
402 2359 467 2400 die
490 2359 743 2401 buohstaben
766 2360 809 2400 in
832 2359 904 2401 der
927 2358 1107 2400 moralis.
1128 2357 1362 2411 ausgefiillt.
1397 2357 1457 2409 (C.
1476 2357 1527 2399 D.
1545 2356 1600 2399 M.
1618 2356 1683 2409 R.)
1721 2356 1792 2398 lat.
1814 2357 1879 2398 13.

257 2470 265 2478 .
314 2436 418 2478 Erat
458 2436 625 2490 quidam
666 2437 891 2492 imperator
933 2436 1001 2490 qui
1034 2436 1178 2478 habuit
1210 2435 1414 2489 quandam
1448 2434 1657 2476 forestam.
1707 2433 1883 2486 (Nackte

309 2507 592 2561 jungfrauen.)
638 2506 708 2548 lat.
737 2508 831 2548 115.

316 2585 420 2626 Erat
459 2583 625 2639 quidam
666 2584 784 2626 miles
825 2584 894 2638 qui
935 2587 1115 2626 castrum
1156 2583 1479 2639 pulcherrimum
1510 2582 1699 2624 habebat.
1753 2581 1882 2633 (Stor-

317 2655 442 2706 chin.)
489 2655 560 2696 lat.
585 2656 652 2696 82.

318 2731 507 2774 Justinus
547 2732 590 2773 in
622 2732 788 2774 civitate
820 2745 991 2774 romana
1023 2732 1212 2785 regnavit
1244 2732 1312 2786 qui
1346 2731 1490 2773 statuit
1520 2743 1595 2785 pro
1627 2730 1728 2784 lege.
1782 2729 1882 2781 (Un—

318 2807 434 2845 treue
467 2816 596 2856 gegen
632 2804 835 2854 erretter.)
885 2803 957 2844 lat.
986 2804 1079 2845 117.

318 2879 437 2921 Miles
471 2880 635 2933 quidam
671 2884 760 2921 erat
792 2880 860 2933 qui
892 2885 975 2922 tres
1007 2880 1112 2921 filios
1144 2879 1322 2922 habebat
1353 2879 1422 2933 qui
1454 2892 1546 2920 cum
1575 2879 1678 2920 mori
1702 2878 1879 2921 deberet.

321 2950 437 3001 (Drei
470 2951 618 3004 ringe.)
666 2951 737 2992 lat.
762 2951 828 2992 89.
