1919 3157
863 25 941 66 501

64 131 115 174 ad
146 130 310 182 bonum,
344 144 463 184 quam
499 130 547 172 ad
582 130 755 183 malum,
795 130 867 171 hoc
900 131 1009 172 facit.
1065 129 1295 172 Secundum
1331 131 1458 173 eciam
1492 145 1630 173 verum
1666 135 1739 185 est,

64 202 160 257 quia
199 202 293 243 olim
335 201 470 243 clerici
515 202 628 243 laicis
668 216 740 256 per
780 202 928 243 bonum
971 202 1206 256 exemplum
1248 202 1298 243 ad
1339 207 1519 244 eternam
1561 202 1738 257 patriam

63 273 170 314 viam
204 273 474 328 prebuerunt,
515 274 584 314 sed
626 278 804 314 mutatus
838 278 899 315 est
930 273 1040 315 color
1072 273 1271 328 optimuS,
1315 274 1410 327 quia
1443 287 1583 315 omnes
1617 273 1740 315 decli-

63 349 278 396 naverunt,
313 344 433 385 simul
469 344 633 385 inutiles
666 345 760 385 facti
795 349 901 397 sunt,
936 359 1015 386 non
1050 349 1112 386 est
1144 345 1211 398 qui
1245 344 1370 385 faciat
1402 343 1566 386 bonum.
1622 343 1741 386 Patet

62 415 111 457 de
143 428 264 470 papa,
298 416 364 470 qui
398 415 493 456 oliui
530 415 723 456 beneficia
756 415 867 457 dedit
900 415 1058 457 clericis
1088 415 1223 468 dignis
1256 421 1425 470 propter
1458 415 1591 469 deum,
1625 429 1739 471 sper·
1766 420 1787 455 5

62 486 194 528 nendo
226 500 418 539 munera,
453 487 557 527 sicut
590 486 734 528 Petrus
768 487 980 542 respondit
1013 486 1169 528 Simoni
1203 499 1343 539 mago:
1386 485 1564 528 Pecunia
1596 487 1650 528 sit
1680 492 1740 528 te-

62 569 152 599 cum
187 558 227 599 in
262 557 515 613 perdicione!
551 557 635 598 lloc
669 558 774 600 idem
809 564 922 613 patet
955 558 994 599 in
1018 557 1235 610 religiosis,
1269 557 1337 610 qui
1371 556 1465 598 olim
1495 571 1567 612 per
1590 557 1738 599 bonam

63 629 188 670 vitam
223 629 329 670 viam
363 642 437 683 per
469 633 752 683 paupertatem
788 629 1075 681 ostendebant,
1115 628 1210 682 quia
1243 627 1511 669 attendebant
1543 628 1592 669 ad
1624 628 1739 682 illud,

62 700 168 754 quod
209 699 434 741 monachus
474 699 626 741 habens
667 700 827 742 obolum
868 713 947 741 non
982 699 1089 741 valet
1121 699 1298 741 obolum.
1355 698 1442 741 Hoc
1479 698 1587 740 idem
1627 703 1742 754 patet

61 771 102 812 in
135 770 308 823 clericis,
342 771 437 825 quia
470 775 513 812 ut
544 770 643 812 dicit
676 770 797 813 Iero.:
836 770 1035 824 Quicquid
1071 775 1208 825 preter
1238 770 1415 825 simplex
1450 770 1738 812 vestimentum
1768 775 1810 810 10

62 846 102 884 et
133 843 284 884 victum
319 842 367 884 de
391 841 510 883 altari
545 842 709 894 retines,
743 847 785 883 tu
819 842 1023 894 sacerdos,
1055 846 1170 882 tuum
1195 855 1275 883 non
1300 846 1374 894 est,
1407 841 1477 883 sed
1510 855 1738 896 pauperum

60 913 208 968 rapina
239 918 314 967 est,
347 913 606 965 sacrilegium
642 918 722 964 est3
762 914 828 955 isti
863 914 969 955 enim
1005 926 1145 954 omnes
1178 916 1261 954 tam
1296 912 1485 954 monachi
1519 926 1639 966 quam
1673 925 1740 954 ca-

60 984 196 1026 nonici
228 988 311 1026 tam
346 984 544 1025 moniales
578 997 698 1038 quam
733 984 867 1026 clerici
901 989 1059 1026 noctem
1094 988 1308 1025 verterunt
1339 984 1380 1025 in
1413 983 1542 1036 diem,
1577 987 1617 1025 et
1648 983 1739 1025 ideo

62 1059 151 1097 arta
183 1060 245 1097 est
277 1056 364 1109 via«,
398 1068 475 1110 que
507 1055 618 1097 ducit
651 1055 700 1096 ad
733 1057 932 1110 patriam,
966 1060 1006 1098 et
1036 1055 1158 1110 pauci
1193 1055 1288 1109 quia
1320 1058 1461 1096 carent
1491 1054 1646 1096 lumine
1677 1054 1740 1096 in-

60 1127 210 1169 cedunt
242 1140 314 1182 per
347 1140 449 1168 eam.
509 1126 696 1168 Tercium
731 1127 876 1182 primi:
919 1125 1032 1180 Fuga
1065 1132 1128 1168 est
1158 1139 1317 1181 pugna,
1352 1125 1550 1180 probatur
1581 1125 1740 1167 littera·
1765 1131 1809 1166 15

60 1198 179 1251 riter,
210 1211 313 1239 *nam
347 1197 443 1239 olim
478 1197 651 1250 domini,
692 1198 725 1239 si
758 1211 862 1239 unus
895 1197 1038 1239 habuit
1069 1197 1225 1252 aliquid
1259 1197 1455 1239 adversus
1489 1196 1635 1250 alium,
1675 1209 1740 1238 so-

58 1269 198 1312 lebant
230 1282 432 1324 pugnare,
471 1268 541 1310 sed
573 1269 694 1310 modo
726 1269 855 1310 honor
886 1269 1075 1321 recessit,
1116 1269 1212 1323 quia
1248 1268 1393 1310 nolunt
1424 1281 1628 1324 pugnare,
1668 1267 1739 1310 sed

59 1341 208 1383 cotidie
245 1354 319 1396 per
350 1340 539 1395 rapinam
582 1345 622 1382 et
652 1341 804 1383 furtum
847 1346 887 1383 et
925 1338 1025 1382 talia
1056 1353 1161 1382 unus
1201 1341 1330 1382 intrat
1368 1343 1521 1382 terram
1555 1339 1738 1393 alterius,

59 1411 204 1453 nolunt
235 1425 432 1467 pugnare,
468 1412 563 1466 quia
595 1416 737 1454 emunt
769 1425 893 1466 equos
926 1411 1205 1453 velocissimos
1239 1411 1287 1453 ad
1310 1411 1562 1465 fugiendum.
1608 1409 1739 1466 Spiri-

58 1483 225 1525 tualiter
256 1496 397 1525 verum
432 1488 506 1537 est,
541 1483 636 1537 quia
669 1483 765 1525 olim
799 1483 984 1525 homines
1017 1483 1314 1538 temptaciones
1346 1482 1566 1524 vincebant
1597 1486 1638 1525 et
1668 1482 1739 1524 ad·
1764 1488 1809 1522 20

59 1555 262 1597 versarios
310 1554 467 1597 scilicet
513 1568 675 1596 carnem
719 1555 915 1596 mundum
955 1558 995 1597 et
1034 1554 1239 1597 diabolum
1281 1553 1554 1609 superabant,
1603 1557 1643 1596 et
1680 1554 1739 1596 sic

59 1626 167 1682 apud
205 1626 324 1668 deum
367 1626 533 1667 fuerunt
571 1627 710 1679 magni
750 1626 889 1667 nuncii
931 1630 970 1668 et
1010 1625 1205 1668 honorem
1246 1625 1295 1667 de
1332 1625 1409 1667 hoc
1449 1625 1736 1681 reportabant3

58 1697 128 1739 sed
160 1697 293 1751 hodie,
327 1697 488 1752 quando
522 1697 718 1739 deberent
741 1710 936 1752 pugnare,
970 1697 1266 1739 consenciendo
1298 1697 1473 1750 fugiunt.
1527 1695 1738 1738 Secundus

57 1768 183 1810 dixit:
217 1768 330 1810 Unus
363 1772 425 1810 est
457 1768 535 1810 duo
569 1773 644 1810 etc.
704 1768 789 1818 Que
821 1773 882 1810 est
913 1768 1052 1810 racio?
1093 1768 1197 1818 Quia
1227 1768 1381 1810 veritas
1413 1767 1533 1809 hodie
1565 1781 1645 1809 non
1678 1771 1740 1809 est

57 1840 98 1882 in
131 1839 306 1893 mundo,
348 1840 427 1881 nisi
470 1840 576 1894 quod
610 1853 678 1881 cor
711 1844 751 1881 et
789 1839 949 1893 lingua,
991 1853 1068 1894 que
1108 1839 1305 1881 deberent
1337 1852 1426 1881 esse
1466 1853 1613 1893 unum,
1648 1839 1736 1893 jam
1764 1847 1808 1882 25

60 1916 156 1953 sunt
179 1911 355 1965 diversa,
389 1911 485 1965 quia
507 1911 700 1966 quicquid
723 1911 844 1953 homo
862 1912 947 1964 jam
973 1924 1046 1966 per
1069 1924 1112 1952 os
1136 1910 1328 1964 affirmat,
1362 1924 1431 1952 cor
1453 1914 1587 1964 negat.
1631 1909 1739 1952 Nota

57 1995 107 2025 ex
140 1983 240 2035 isto,
281 1983 387 2036 quod
428 1982 548 2024 hodie
590 1983 726 2024 littere
765 1982 942 2036 sigillate
979 1996 1059 2023 non
1100 1982 1256 2036 valent,
1290 1983 1529 2036 juramenta
1564 1982 1738 2037 prestita

56 2067 136 2095 non
179 2058 371 2095 tenentur
411 2058 508 2107 etc.,
549 2054 656 2108 quod
697 2067 776 2095 non
808 2054 886 2095 fuit
917 2053 1036 2106 olim,
1077 2053 1173 2108 quia
1211 2053 1244 2095 si
1278 2067 1382 2095 unus
1415 2053 1588 2095 dixisset
1619 2053 1736 2095 alteri

56 2124 233 2180 simplici
267 2124 412 2167 verbo:
445 2125 610 2167 Faciam
644 2125 717 2167 tibi
750 2124 849 2166 hoo!
883 2125 1137 2167 credidisset.
1183 2123 1466 2179 Spiritualiter
1495 2139 1636 2167 verum
1660 2128 1734 2178 est,

56 2197 152 2251 quia
191 2196 351 2249 anima,
393 2210 470 2251 que
509 2196 677 2238 deberet
715 2209 804 2238 esse
839 2194 958 2250 [120]
999 2196 1040 2238 in
1073 2196 1265 2249 caritate,
1306 2209 1388 2238 una
1426 2209 1517 2238 eum
1551 2196 1625 2237 deo
1661 2209 1736 2250 per
1761 2203 1806 2238 30

54 2271 268 2323 peccatum
303 2270 365 2309 est
397 2267 548 2308 divisa:
591 2265 844 2308 Secundum:
887 2267 1058 2309 Amicus
1099 2272 1162 2309 est
1192 2267 1381 2309 inimicus
1421 2271 1495 2309 etc.
1551 2266 1636 2317 Que
1675 2271 1737 2309 est

55 2339 189 2391 racio,
229 2339 308 2380 nisi
342 2338 449 2392 quod
481 2351 562 2379 non
596 2342 658 2379 est
688 2337 863 2380 fidelitas
902 2339 942 2379 in
977 2339 1150 2389 mund03
1191 2342 1300 2380 certe
1339 2339 1408 2392 qui
1449 2338 1616 2380 deberet
1647 2351 1735 2380 esse

56 2410 224 2462 amicus,
249 2410 336 2464 jam
371 2414 433 2451 est
463 2409 674 2460 inimicus;
702 2410 788 2463 jam
821 2409 1073 2451 verificatum
1099 2413 1161 2451 est
1183 2409 1350 2451 verbum
1375 2409 1550 2451 Christi:
1586 2409 1736 2463 Surget

55 2479 161 2522 filius
193 2485 337 2522 contra
369 2484 542 2536 patrem.
590 2480 720 2522 Credo
753 2481 860 2534 quod
893 2494 973 2521 non
1007 2481 1060 2522 sit
1082 2480 1202 2522 modo
1228 2480 1286 2522 ita
1310 2480 1437 2522 bonus
1461 2481 1629 2533 amicus,
1663 2480 1731 2534 qui

55 2564 129 2607 pro
163 2553 336 2606 pecunia
367 2565 448 2593 non
481 2551 597 2593 fieret
626 2552 828 2593 inimicus
879 2550 1161 2606 Spiritualiter
1193 2552 1320 2594 eciam
1356 2565 1495 2593 verum
1529 2555 1603 2604 est,
1637 2552 1733 2606 quia
1758 2559 1804 2595 35

55 2621 207 2665 Christi
240 2623 361 2664 amici
393 2624 433 2664 in
468 2622 679 2676 evangelio
712 2636 853 2664 sumus
892 2622 1010 2675 dicti,
1051 2623 1146 2677 quia
1178 2627 1281 2664 teste
1314 2621 1497 2676 Christo,
1531 2623 1617 2676 jam
1651 2635 1731 2664 non

55 2693 186 2736 dicam
221 2708 292 2736 vos
334 2708 495 2746 servos,
537 2694 607 2735 sed
649 2695 821 2742 amicos:
856 2694 926 2735 sed
960 2694 1077 2735 hodie
1110 2694 1205 2735 facti
1239 2708 1379 2735 sumus
1419 2693 1596 2746 inimici,
1637 2694 1732 2748 quia

55 2769 233 2807 castrum
283 2765 437 2807 domini
485 2765 642 2807 scilicet
687 2778 755 2807 cor
799 2769 983 2806 nostrum
1031 2765 1233 2806 tradimus
1281 2765 1456 2807 diabolo.
1521 2765 1730 2806 Tercium:

55 2834 208 2878 Malum
242 2840 304 2879 est
335 2837 487 2879 bonum
520 2841 595 2879 etc.
653 2835 738 2886 Que
771 2840 832 2877 est
864 2837 993 2889 racio,
1027 2836 1135 2890 quod
1169 2836 1287 2878 hodie
1320 2836 1377 2877 ita
1408 2849 1558 2889 magna
1588 2835 1731 2878 crude-

147 2918 191 2953 27
217 2918 311 2954 Nota
336 2937 377 2943 —
407 2917 524 2962 hodie]
552 2923 636 2964 oriq.
655 2917 748 2952 Nota
773 2917 867 2961 quod
895 2928 938 2951 ex
964 2918 1033 2952 isto
1058 2917 1174 2952 hodie.
