1949 3162
994 58 1080 101 514

195 173 378 225 beneficii
414 185 610 212 memores
638 170 796 225 fuyam
834 168 1048 209 celaturos.
1115 162 1268 206 Scitote
1306 164 1435 213 enim,
1481 175 1566 202 non
1609 175 1673 202 me
1708 159 1879 201 malicia

197 241 294 297 [121
310 240 350 296 b]
376 242 575 283 Antiochi
605 255 688 282 esse
707 240 924 295 fuqatum,
958 237 1030 277 sed
1053 249 1134 290 per
1154 235 1266 275 viam
1284 233 1472 287 feliciter
1493 232 1570 273 huc
1593 247 1685 272 sum
1705 231 1876 272 delatus.

195 314 319 356 Dabo
351 315 491 368 itaque
520 312 636 353 vobis
667 319 826 352 centum
856 309 974 350 milia
1004 306 1240 347 modiorum
1265 304 1477 358 frumenti
1511 317 1554 344 eo
1590 303 1758 358 precio,
1799 315 1879 357 quo

197 400 288 426 sum
317 386 363 425 in
394 385 538 439 patria
568 390 785 432 mercatus,
821 388 906 421 octo
930 379 1032 419 ereis
1054 376 1239 432 sinyulos
1260 375 1431 416 modios.
1481 372 1595 415 Cives
1616 373 1686 415 Iiec
1706 373 1880 414 audien-

127 462 148 497 5
197 464 268 507 tes,
304 456 416 510 quod
445 455 631 510 sinqulos
661 453 821 495 modios
853 459 939 492 octo
972 450 1075 490 ereis
1106 454 1408 497 mercarentur,
1445 445 1599 486 hilares
1629 444 1760 500 effecti
1789 451 1885 485 sunt

198 543 247 568 ac
276 528 439 583 ¹qratias
471 533 634 582 aqentes
665 525 804 565 statim
832 522 1054 577 frumenta
1085 518 1312 575 parabant.
1371 515 1488 558 Tunc
1519 516 1804 572 Appollonius
1833 529 1884 556 ne

199 599 387 654 deposita
417 599 535 653 rossia
567 597 768 652 diqnitate
798 593 1039 634 mercato-ris
1069 591 1204 645 mayis
1238 604 1363 644 quam
1394 588 1610 628 donatoris
1645 601 1794 628 nomen
1822 587 1886 627 vi-

200 671 364 711 deretur
395 683 618 720 assumere,
651 668 922 723 preciumque
954 676 1165 704 assumens
1206 660 1386 714 ejusdem
1423 660 1603 700 civitatis
1637 656 1886 699 utilitatibus

199 742 428 782 redonavit.
479 738 594 781 Cives
626 746 762 779 autem
792 744 837 777 ut
859 743 976 776 tanta
996 734 1181 775 videre-nt
1202 731 1288 785 ejus
1310 730 1517 783 beneficia,
1550 729 1690 785 biyam
1718 730 1766 770 in
1781 728 1886 783 foro

133 817 176 851 10
201 819 445 863 statuerunt,
477 812 523 852 in
546 825 630 865 qua
663 817 776 850 stans
799 809 946 848 (lea'tra
965 821 1093 846 manu
1112 803 1267 858 fruqu
1299 809 1336 843 et
1366 803 1535 843 sinistro
1561 801 1669 857 pede
1695 799 1886 850 calcaret,

201 891 238 925 et
274 885 320 923 in
359 882 454 923 base
493 883 772 936 scripserunt:
821 878 990 919 Civitati
1031 875 1205 917 learsie
1242 872 1380 928 Tyrus
1413 873 1697 928 Appollonius
1736 871 1890 912 donum

202 955 327 1005 dedit,
373 954 485 1009 quod
531 953 735 993 civitatem
775 966 802 990 a
845 965 940 990 seca
984 955 1113 988 morte
1160 945 1360 987 liberavit.
1424 944 1590 985 Deinde
1633 942 1890 998 interpositis

196 1027 348 1082 paucis
381 1024 524 1065 diebus
563 1023 750 1064 hortante
783 1020 1099 1075 Str-anquilione
1131 1025 1168 1057 et
1197 1016 1464 1071 Dionysiade
1502 1014 1588 1068 ejus
1627 1013 1798 1068 conjuqe
1836 1012 1893 1052 ad

202 1096 470 1152 Pentapolim
508 1093 770 1149 Tyrenorum
799 1093 1001 1147 naoiyare
1026 1089 1275 1146 proposuit,
1315 1095 1361 1128 ut
1394 1087 1482 1127 illic
1513 1086 1656 1127 lateret
1685 1100 1745 1137 eo,
1780 1083 1894 1140 quod

136 1172 179 1207 15
205 1168 398 1221 beneficia
429 1182 521 1208 cum
552 1166 765 1221 opulentia
797 1172 834 1205 et
864 1162 1168 1218 tranquillitate
1199 1166 1432 1215 aqerentur.
1481 1156 1581 1198 Ideo
1613 1172 1705 1198 cum
1733 1156 1896 1212 inqenti

205 1241 358 1282 honore
390 1240 556 1280 ducitur
587 1238 644 1277 ad
673 1250 809 1287 mare,
845 1242 881 1276 et
910 1234 1143 1274 valedicens
1176 1230 1363 1272 omnibus
1373 1263 1384 1282 ,
1419 1229 1605 1270 ascendit
1632 1229 1780 1280 ratim,
1823 1226 1896 1268 sed

206 1312 337 1354 tribus
377 1309 518 1351 (liebus
559 1316 596 1350 et
634 1302 822 1348 noct-ibus
861 1306 1029 1347 totidem
1066 1304 1196 1344 ventis
1228 1302 1449 1358 prosperis
1486 1301 1714 1355 naviyans,
1760 1296 1894 1339 subito

200 1384 379 1440 pelaqus
410 1388 591 1421 mutatus
625 1387 702 1430 est,
739 1386 966 1433 postquam
999 1377 1110 1417 littus
1149 1373 1323 1415 Tharsie
1361 1373 1542 1427 reliquit.
1596 1370 1711 1412 Nam
1742 1369 1895 1426 paucis

208 1454 321 1495 lioris
353 1453 482 1493 ventis
515 1451 729 1491 conc-itatis
769 1448 965 1503 aquilone
1004 1453 1121 1486 vento
1162 1459 1349 1499 auroque
1385 1445 1564 1484 instante
1602 1442 1731 1483 classe
1768 1440 1897 1481 celum

139 1530 184 1563 20
207 1526 341 1565 nimia
372 1538 412 1564 se
440 1523 589 1578 pluvia
620 1522 771 1576 erupit,
788 1519 976 1575 populus
1004 1517 1111 1572 Tyri
1126 1516 1315 1572 procella
1336 1515 1579 1570 corripitur,
1610 1513 1716 1554 ratis
1731 1513 1899 1568 pariter

210 1595 473 1646 dissolvitur,
522 1593 696 1648 zephyri
722 1591 887 1646 fretum
922 1588 1189 1645 perturbant,
1234 1587 1398 1643 qrando
1438 1601 1487 1626 ac
1522 1583 1649 1625 nubes
1686 1582 1899 1625 tenebrosa

209 1665 520 1716 incumbebant,
551 1665 663 1719 flant
692 1663 804 1703 venti
827 1661 1004 1716 fortiter
1033 1661 1264 1711 intantum,
1299 1658 1412 1713 quod
1441 1671 1551 1698 mors
1583 1663 1748 1696 cunctos
1779 1669 1898 1696 occu-

206 1745 353 1794 paret3
392 1745 488 1778 tunc
527 1736 813 1790 unusquisque
850 1733 996 1788 rapuit
1035 1731 1116 1772 sibi
1145 1730 1330 1781 tabulas,
1373 1737 1508 1770 tamen
1537 1729 1584 1768 in
1613 1727 1691 1767 illa
1723 1725 1901 1781 caliqine

213 1809 463 1864 tempestatis
496 1822 633 1848 omnes
658 1807 897 1862 perierunt,
941 1803 1226 1859 Appollonius
1257 1816 1352 1842 vero
1389 1801 1514 1840 unius
1545 1797 1682 1840 tabule
1711 1796 1901 1849 beneficio

144 1887 188 1922 25
213 1881 260 1921 in
280 1879 703 1934 Pentapolitanorum
734 1877 852 1917 litore
885 1883 942 1916 est
965 1875 1128 1930 pulsus.
1174 1872 1302 1915 Stans
1334 1879 1469 1912 autem
1497 1871 1544 1911 in
1576 1870 1708 1921 litore,
1739 1870 1902 1909 intuens

215 1966 330 1992 mare
361 1950 650 2005 tranquillum,
684 1949 743 1989 sic
775 1949 856 1988 ait:
893 1946 928 1987 O
955 1946 1104 2001 pelaqi
1122 1944 1244 1997 fides,
1266 1943 1448 1998 facilius
1478 1941 1665 1982 incidam
1686 1941 1733 1981 in
1755 1953 1904 1981 manus

219 2022 496 2063 crudelissimi
530 2022 662 2076 reqis,
705 2034 784 2074 quo
819 2033 1019 2074 per-qam,
1061 2030 1188 2071 quam
1218 2015 1410 2070 patriam
1442 2021 1607 2069 petam;
1655 2013 1748 2067 quis
1783 2018 1904 2052 notus

219 2093 314 2134 huic
342 2094 484 2148 i‘9noto
516 2092 723 2132 ancilium
754 2089 895 2130 dabit?
928 2088 1014 2129 Hec
1035 2088 1134 2128 dum
1156 2086 1392 2141 loqueretur
1413 2084 1711 2140 Appollonius,
1745 2081 1908 2137 aspeoeit

210 2164 405 2218 juvenem
434 2165 659 2204 venientem
690 2168 835 2202 contra
866 2175 921 2212 se,
955 2159 1161 2214 quendam
1190 2156 1405 2198 robustum
1429 2157 1703 2211 piscatorem,
1735 2152 1905 2195 sordido

151 2244 196 2278 30
222 2251 340 2276 sacco
381 2242 627 2290 coopertum.
693 2232 865 2288 C'oqeiite
902 2231 1139 2271 necessitate
1171 2229 1407 2284 prostravit
1450 2241 1492 2267 se
1537 2227 1594 2267 ad
1629 2226 1759 2282 pedes
1805 2223 1906 2278 ejus,

221 2307 411 2363 profusis
444 2307 629 2346 lacrimis
661 2306 740 2345 ait:
780 2303 1000 2353 Mis-erere,
1044 2302 1278 2356 quicunque
1310 2314 1372 2351 es,
1404 2299 1517 2339 nudo
1548 2297 1783 2352 naufrayo,
1823 2308 1910 2336 non

224 2377 448 2419 humilibus
473 2375 721 2432 parentibus
753 2376 825 2415 sed
853 2372 1106 2415 notabilibus
1125 2372 1279 2427 qeizito,
1313 2378 1350 2411 et
1369 2377 1415 2410 ut
1441 2370 1563 2421 scias,
1598 2369 1666 2409 cui
1683 2366 1907 2418 misereris,

227 2464 297 2505 egio
329 2464 420 2489 sum
447 2446 584 2502 Tyrus
606 2447 889 2502 Appollonius
914 2445 1055 2500 patrie
1075 2457 1160 2483 mee
1174 2444 1398 2498 princeps,·
1431 2441 1630 2495 deprecor
1649 2446 1686 2480 te
1706 2437 1912 2479 aua-ilium

226 2522 307 2561 vite
337 2534 430 2560 mee.
473 2519 682 2569 Piscator,
717 2525 761 2558 ut
781 2517 887 2557 vidit
907 2517 1083 2571 speciem
1103 2513 1286 2567 juvenis,
1319 2511 1608 2553 misericordia
1626 2517 1759 2550 motus
1791 2508 1913 2563 eriyit

158 2600 203 2634 35
228 2591 348 2632 illum
380 2598 417 2631 et
447 2590 566 2630 duxit
595 2589 713 2643 infra
745 2595 847 2629 tecta
879 2588 1045 2637 domus,
1072 2586 1219 2640 posu-it
1250 2583 1416 2639 epulas,
1450 2596 1554 2637 quas
1585 2579 1732 2622 habere
1755 2579 1909 2635 potuit,

231 2670 280 2713 et,
313 2669 360 2702 ut
385 2661 552 2717 plenius
583 2675 653 2700 sue
678 2660 832 2714 pietati
861 2657 1130 2711 sat-iay'aceret,
1165 2669 1313 2696 eaeuens
1344 2669 1399 2706 se,
1433 2652 1714 2694 tribunarium
1737 2651 1786 2692 in
1808 2650 1912 2691 duas

226 2740 371 2788 partes
403 2732 614 2782 dividens,
654 2745 782 2770 unam
814 2730 928 2770 dedit
946 2728 1110 2782 juveni,
1145 2727 1313 2767 dicens:
1366 2724 1503 2776 Tolle,
1547 2723 1660 2778 quod
1688 2721 1838 2774 liabeo,
1877 2725 1915 2762 et

231 2804 336 2844 vade
365 2804 413 2843 in
444 2801 672 2843 civitatem!
721 2800 790 2841 Ibi
817 2801 998 2841 invenies
1018 2799 1233 2853 forsitan,
1268 2798 1343 2852 qui
1372 2797 1435 2836 tui
1462 2795 1728 2843 misereatur5
1765 2793 1805 2833 si
1830 2804 1914 2832 non

232 2875 427 2925 invenies,
462 2873 539 2913 lzuc
570 2873 627 2912 ad
656 2886 719 2912 me
748 2879 970 2919 revertere5
996 2877 1229 2925 paupertas
1263 2880 1501 2923 quecunque
1530 2865 1723 2920 sufficiat.
1771 2863 1912 2905 Pisce-

164 2953 330 2987 40712212-
365 2944 510 2993 simul3
548 2944 657 2984 illud
695 2950 854 2983 tantum
891 2942 1090 2982 admoneo
1129 2947 1185 2992 te,
1226 2947 1294 2991 ut,
1335 2939 1374 2979 si
1411 2937 1579 2992 quando
1618 2935 1817 2991 diynitati
1851 2940 1914 2975 tue
