1949 3162
972 60 1056 101 438

178 164 350 206 credunt
381 177 453 219 per
484 164 614 217 legem
654 165 875 207 mosaicam
907 164 1009 207 illud
1046 165 1241 208 obtinere.
1300 165 1383 207 Ista
1422 166 1595 208 credicio
1635 171 1697 209 est
1728 168 1842 221 quasi

178 249 388 290 sompnus.
443 234 651 277 Secundus
691 236 844 290 socius,
879 237 948 290 qui
986 237 1236 292 sompniavit
1272 250 1314 278 se
1346 250 1433 279 esse
1464 237 1505 278 in
1538 237 1717 290 inferno,
1750 241 1846 280 sunt

177 306 246 348 isti
278 306 424 347 divites
458 319 503 347 ac
535 306 654 360 hujus
685 307 826 348 mundi
858 310 1058 362 potentes,
1092 308 1158 361 qui
1197 307 1283 349 sine
1316 306 1451 361 aliqua
1483 307 1741 350 dubitacione
1772 321 1845 363 per

178 376 454 432 predicatores
478 389 524 418 ac
555 377 808 419 confessores
841 378 987 430 sciunt,
1021 378 1128 432 quod
1160 378 1193 420 si
1223 378 1264 419 in
1286 378 1463 432 peccatis
1486 378 1573 420 sine
1595 379 1845 421 contricione

131 452 151 485 5
177 447 398 500 decedunt,
441 447 546 501 quod
587 447 638 489 ad
672 448 873 490 infernum
907 448 1154 491 descendent
1185 452 1225 490 et
1255 448 1311 490 ibi
1344 448 1579 490 eternaliter
1610 450 1844 504 punientur,

178 521 218 559 et
257 517 333 559 hoe
370 530 452 559 non
484 517 673 560 obstante
705 523 871 573 peccata
911 533 1033 574 super
1065 524 1232 574 peccata
1271 519 1546 571 accumulant3
1586 524 1626 561 et
1665 520 1755 562 ideo
1796 520 1846 562 de

177 587 370 629 divitibus
403 588 615 630 scribitur:
655 589 733 631 Ubi
767 594 862 630 sunt
893 594 1079 644 potentes
1111 590 1253 632 mundi
1285 590 1416 643 hujus,
1454 591 1523 644 qui
1554 603 1646 632 cum
1677 590 1846 633 canibus

177 662 218 700 et
261 658 403 701 avibus
451 659 722 703 ludebantur?
772 659 923 702 Mortui
969 665 1064 703 sunt
1109 666 1149 703 et
1195 661 1245 702 ad
1291 661 1493 702 infernum
1536 661 1844 703 descenderunt.

176 729 342 772 Tercius
375 731 528 784 socius,
562 731 718 773 seilicet
749 729 1028 785 Christianus,
1072 732 1140 786 qui
1173 745 1247 773 nec
1277 733 1319 773 in
1352 732 1529 786 peccatis
1560 745 1635 774 nec
1665 733 1707 774 in
1738 731 1847 774 mala

108 804 150 837 10
175 800 254 843 fide
286 801 457 854 dormit,
500 802 570 844 sed
602 802 644 843 in
676 801 792 843 bonis
825 802 1016 857 operibus
1050 803 1210 855 vigilat,
1244 816 1316 858 per
1348 802 1563 844 consilium
1596 802 1730 856 angeli
1760 803 1787 844 i.
1811 816 1844 845 e.

176 872 346 927 spiritus
371 873 503 915 sancti
536 873 655 925 dona,
689 873 816 914 vitam
849 886 963 915 suam
988 874 1047 916 sic
1068 874 1230 927 diriget,
1264 877 1310 915 ut
1329 887 1477 929 panem
1500 873 1656 916 scilicet
1674 887 1845 927 regnum

176 942 324 985 celeste
355 943 516 986 habeat.
564 943 630 985 Ad
662 943 769 997 quod
800 946 875 985 etc.

836 1171 937 1214 CAP.
965 1173 1059 1214 107.
1094 1174 1197 1223 (99.)

278 1259 352 1305 De
387 1260 605 1304 memoria
641 1260 799 1304 mortis
837 1265 876 1305 et
910 1274 1003 1305 non
1041 1259 1294 1305 delectando
1333 1261 1381 1305 ’ἰη
1419 1260 1744 1320 temporalibus.

107 1376 149 1410 15
295 1365 381 1421 [86]
416 1367 518 1409 Erat
550 1367 724 1422 quedam
756 1367 892 1421 imago
923 1368 966 1409 in
998 1368 1164 1410 civitate
1195 1381 1379 1421 romana,
1411 1381 1488 1422 que
1519 1368 1642 1410 rectis
1675 1367 1847 1423 pedibus

176 1438 313 1480 stabat
345 1438 602 1492 habebatque
632 1452 801 1480 manum
835 1439 1020 1480 dextram
1063 1443 1294 1492 extensam,
1339 1443 1379 1481 et
1418 1452 1540 1494 super
1577 1439 1757 1481 medium
1788 1439 1848 1481 di-

174 1510 302 1561 gitum
344 1512 432 1551 erat
471 1509 784 1564 superscriptio:
824 1509 996 1551 Percute
1033 1509 1119 1551 hic!
1160 1510 1297 1563 Imago
1338 1510 1418 1552 ista
1459 1524 1482 1552 a
1513 1511 1632 1564 longo
1663 1515 1848 1566 tempore

175 1580 233 1622 sic
265 1580 402 1622 stabat
433 1594 493 1633 eo,
527 1581 633 1634 quod
666 1580 801 1622 nullus
835 1580 1001 1634 sciebat,
1035 1581 1131 1634 quid
1163 1581 1239 1622 hoc
1260 1581 1527 1634 significaret:
1559 1581 1731 1624 Peroute
1763 1581 1846 1623 hie!

174 1650 295 1692 Multi
333 1651 525 1693 admirati
564 1655 659 1692 sunt
697 1655 737 1693 et
777 1652 914 1706 sepius
953 1652 1004 1693 ad
1035 1652 1254 1705 imaginem
1294 1657 1492 1694 venerunt
1521 1652 1684 1694 titulum
1718 1652 1848 1707 respi-

105 1729 150 1763 20
176 1721 334 1774 ciend0,
368 1726 408 1763 et
440 1722 498 1764 sic
531 1727 799 1775 recesserunt,
833 1723 941 1777 quod
973 1724 1361 1778 superscriptionem
1396 1724 1559 1778 penitus
1590 1723 1846 1777 ignorabant.

175 1793 279 1835 Erat
317 1793 482 1848 quidam
523 1793 694 1835 clericus
727 1793 888 1835 subtilis
927 1794 1065 1848 valde,
1106 1795 1194 1849 qui,
1234 1808 1325 1836 cum
1366 1794 1414 1835 de
1445 1794 1623 1848 imagine
1653 1794 1849 1848 audisset,

174 1865 349 1906 multum
385 1864 584 1906 sollicitus
618 1869 706 1906 erat
738 1878 825 1906 eam
859 1865 1018 1917 videre3
1053 1866 1147 1907 dum
1181 1869 1315 1906 autem
1344 1879 1433 1906 eam
1458 1865 1626 1908 vidisset
1646 1870 1686 1907 et
1707 1879 1849 1921 super-

177 1935 440 1990 scriptionem
481 1935 668 1988 legisset:
708 1935 880 1978 Percute
916 1936 1001 1978 hic!
1041 1936 1265 1990 vidensque
1302 1935 1427 1977 solem
1471 1950 1596 1991 super
1626 1937 1847 1990 imaginem

176 2020 250 2062 per
273 2006 370 2048 solis
392 2006 580 2048 umbram
604 2007 778 2060 digitum
812 2007 1081 2060 discernebat,
1115 2021 1188 2061 per
1211 2020 1327 2061 quem
1352 2007 1530 2049 dicebat:
1564 2007 1735 2050 Percute
1763 2008 1846 2049 hic!

107 2084 151 2117 25
179 2077 329 2120 Statim
369 2077 544 2130 ligonem
586 2078 743 2132 accepit
780 2082 820 2119 et
851 2078 919 2119 vix
951 2092 1024 2134 per
1056 2078 1296 2119 distanciam
1331 2078 1453 2119 trium
1489 2078 1635 2133 pedum
1667 2078 1850 2120 fodiebat

178 2152 218 2190 et
249 2148 446 2202 quosdam
477 2148 628 2201 gradus
666 2148 958 2190 descendentes
997 2148 1240 2190 inveniebat.
1304 2147 1484 2190 Clericus
1522 2162 1602 2190 non
1643 2149 1848 2191 modicum

176 2219 357 2272 gaudens
390 2220 565 2273 desuper
597 2219 801 2272 gradatim
845 2219 1074 2272 descendit,
1115 2233 1324 2274 quousque
1364 2220 1438 2261 sub
1469 2224 1580 2262 terra
1610 2219 1746 2262 nobile
1775 2234 1849 2275 pa—

175 2290 323 2332 lacium
365 2291 542 2343 invenit,
585 2294 625 2332 et
662 2290 799 2332 aulam
838 2290 1030 2344 intravit,
1072 2291 1295 2344 vidensque
1332 2304 1470 2344 regem
1511 2295 1552 2333 et
1585 2291 1770 2344 reginam
1809 2295 1849 2333 et

176 2361 326 2403 multos
365 2360 521 2403 nobiles
560 2361 603 2402 in
642 2374 785 2402 mensa
826 2361 1013 2403 sedentes
1060 2363 1243 2417 respexit
1288 2366 1329 2403 et
1366 2362 1681 2416 circumquaque
1718 2366 1847 2404 totam

108 2440 152 2473 30
179 2432 315 2474 aulam
348 2431 509 2487 plenam
544 2432 776 2474 hominibus
810 2436 850 2473 et
882 2446 1022 2474 omnes
1056 2437 1172 2474 erant
1204 2433 1457 2475 vestimentis
1481 2433 1676 2487 preciosis
1700 2433 1847 2485 induti,

178 2507 219 2545 et
248 2502 384 2544 nullus
417 2516 468 2544 ex
499 2503 688 2544 omnibus
721 2503 887 2544 unicum
920 2503 1087 2545 verbum
1120 2504 1157 2545 ei
1195 2503 1456 2557 loquebatur,
1496 2503 1758 2558 respexitque
1797 2503 1848 2545 ad
1903 2555 1908 2558 ἡ

178 2587 302 2615 11111111]
347 2573 538 2626 angulum
581 2578 620 2615 et
659 2574 763 2614 vidit
799 2574 977 2628 lapidem
1016 2573 1210 2629 politum,
1251 2576 1320 2629 qui
1361 2579 1527 2616 vocatur
1563 2573 1847 2627 carbunculus,

180 2661 203 2688 a
235 2658 311 2698 quo
343 2647 430 2687 tota
462 2645 605 2686 domus
638 2644 773 2686 lumen
806 2645 974 2699 recepit,
1008 2649 1048 2687 et
1079 2659 1127 2686 ex
1151 2646 1339 2700 opposito
1372 2645 1606 2687 carbunculi
1633 2645 1676 2686 in
1700 2646 1847 2699 angulo

179 2715 387 2757 hominem
420 2719 598 2757 stantem
629 2715 928 2769 habentemque
960 2716 1003 2757 in
1034 2729 1158 2757 manu
1189 2730 1262 2758 sua
1295 2729 1431 2758 arcum
1455 2721 1646 2770 paratum
1668 2729 1760 2758 eum
1782 2730 1846 2758 sa-

111 2793 156 2827 35
181 2787 286 2840 gitta
318 2787 369 2828 ad
400 2786 715 2840 percuciendum
748 2790 788 2828 et
818 2786 858 2827 in
890 2787 1024 2829 fronte
1056 2787 1141 2840 ejus
1174 2791 1261 2828 erat-
1292 2787 1508 2842 scriptum:
1540 2786 1627 2839 Ego
1660 2800 1750 2828 sum
1778 2787 1846 2841 qui

182 2871 290 2910 sum,
331 2857 466 2898 nullus
504 2870 642 2899 arcum
675 2870 811 2898 meum
844 2857 972 2898 vitare
1003 2861 1139 2912 potest
1169 2862 1209 2900 et
1239 2858 1431 2914 precipue
1462 2857 1732 2899 carbunculus
1763 2858 1845 2911 ille,

182 2927 251 2983 qui
291 2927 445 2970 relucet
475 2932 557 2970 tam
599 2927 823 2983 splendide.
879 2927 1059 2970 Clericus
1090 2942 1180 2970 cum
1213 2929 1288 2971 hoc
1323 2929 1511 2981 vidisset,
1552 2928 1845 2983 admirabatur,
