<?xml version="1.0" encoding="UTF-8"?>
<!DOCTYPE html PUBLIC "-//W3C//DTD XHTML 1.0 Transitional//EN"
    "http://www.w3.org/TR/xhtml1/DTD/xhtml1-transitional.dtd">
<html xmlns="http://www.w3.org/1999/xhtml" xml:lang="en" lang="en">
 <head>
  <title>
</title>
<meta http-equiv="Content-Type" content="text/html;charset=utf-8" />
  <meta name='ocr-system' content='tesseract 3.04.00' />
  <meta name='ocr-capabilities' content='ocr_page ocr_carea ocr_par ocr_line ocrx_word'/>
</head>
<body>
  <div class='ocr_page' id='page_1' title='image "./gestaromanorum00oestuoft_0052.png"; bbox 0 0 1954 3137; ppageno 0'>
   <div class='ocr_carea' id='block_1_1' title="bbox 209 183 275 295">
    <p class='ocr_par' dir='ltr' id='par_1_1' title="bbox 209 183 275 295">
     <span class='ocr_line' id='line_1_1' title="bbox 210 183 274 224; baseline 0.016 -1"><span class='ocrx_word' id='word_1_1' title='bbox 210 183 274 224; x_wconf 90' lang='lat'><strong>13.</strong></span> 
     </span>
     <span class='ocr_line' id='line_1_2' title="bbox 209 254 275 295; baseline 0 0"><span class='ocrx_word' id='word_1_2' title='bbox 209 254 275 295; x_wconf 87' lang='lat'><strong>14.</strong></span> 
     </span>
    </p>
   </div>
   <div class='ocr_carea' id='block_1_2' title="bbox 209 396 274 437">
    <p class='ocr_par' dir='ltr' id='par_1_2' title="bbox 209 396 274 437">
     <span class='ocr_line' id='line_1_3' title="bbox 209 396 274 437; baseline 0.015 -1"><span class='ocrx_word' id='word_1_3' title='bbox 209 396 274 437; x_wconf 91' lang='grc'><strong>15.</strong></span> 
     </span>
    </p>
   </div>
   <div class='ocr_carea' id='block_1_3' title="bbox 209 539 273 580">
    <p class='ocr_par' dir='ltr' id='par_1_3' title="bbox 209 539 273 580">
     <span class='ocr_line' id='line_1_4' title="bbox 209 539 273 580; baseline 0 0"><span class='ocrx_word' id='word_1_4' title='bbox 209 539 273 580; x_wconf 91' lang='grc'><strong>16.</strong></span> 
     </span>
    </p>
   </div>
   <div class='ocr_carea' id='block_1_4' title="bbox 209 682 274 722">
    <p class='ocr_par' dir='ltr' id='par_1_4' title="bbox 209 682 274 722">
     <span class='ocr_line' id='line_1_5' title="bbox 209 682 274 722; baseline 0 0"><span class='ocrx_word' id='word_1_5' title='bbox 209 682 274 722; x_wconf 80' lang='lat'><strong>17.</strong></span> 
     </span>
    </p>
   </div>
   <div class='ocr_carea' id='block_1_5' title="bbox 210 823 274 864">
    <p class='ocr_par' dir='ltr' id='par_1_5' title="bbox 210 823 274 864">
     <span class='ocr_line' id='line_1_6' title="bbox 210 823 274 864; baseline 0.016 -1"><span class='ocrx_word' id='word_1_6' title='bbox 210 823 274 864; x_wconf 81' lang='lat'><strong>18.</strong></span> 
     </span>
    </p>
   </div>
   <div class='ocr_carea' id='block_1_6' title="bbox 206 966 273 1079">
    <p class='ocr_par' dir='ltr' id='par_1_6' title="bbox 206 966 273 1079">
     <span class='ocr_line' id='line_1_7' title="bbox 208 966 273 1007; baseline 0.015 -1"><span class='ocrx_word' id='word_1_7' title='bbox 208 966 273 1007; x_wconf 77' lang='lat'><strong>19.</strong></span> 
     </span>
     <span class='ocr_line' id='line_1_8' title="bbox 206 1037 273 1079; baseline 0.015 -1"><span class='ocrx_word' id='word_1_8' title='bbox 206 1037 273 1079; x_wconf 92' lang='lat'><strong>20.</strong></span> 
     </span>
    </p>
   </div>
   <div class='ocr_carea' id='block_1_7' title="bbox 205 1181 272 1222">
    <p class='ocr_par' dir='ltr' id='par_1_7' title="bbox 205 1181 272 1222">
     <span class='ocr_line' id='line_1_9' title="bbox 205 1181 272 1222; baseline 0 0"><span class='ocrx_word' id='word_1_9' title='bbox 205 1181 272 1222; x_wconf 92' lang='lat'><strong>21.</strong></span> 
     </span>
    </p>
   </div>
   <div class='ocr_carea' id='block_1_8' title="bbox 204 1323 271 1365">
    <p class='ocr_par' dir='ltr' id='par_1_8' title="bbox 204 1323 271 1365">
     <span class='ocr_line' id='line_1_10' title="bbox 204 1323 271 1365; baseline 0.015 -1"><span class='ocrx_word' id='word_1_10' title='bbox 204 1323 271 1365; x_wconf 90' lang='lat'><strong>22.</strong></span> 
     </span>
    </p>
   </div>
   <div class='ocr_carea' id='block_1_9' title="bbox 204 1467 272 1508">
    <p class='ocr_par' dir='ltr' id='par_1_9' title="bbox 204 1467 272 1508">
     <span class='ocr_line' id='line_1_11' title="bbox 204 1467 272 1508; baseline 0 0"><span class='ocrx_word' id='word_1_11' title='bbox 204 1467 272 1508; x_wconf 92' lang='lat'><strong>23.</strong></span> 
     </span>
    </p>
   </div>
   <div class='ocr_carea' id='block_1_10' title="bbox 205 1609 274 1651">
    <p class='ocr_par' dir='ltr' id='par_1_10' title="bbox 205 1609 274 1651">
     <span class='ocr_line' id='line_1_12' title="bbox 205 1609 274 1651; baseline -0.014 0"><span class='ocrx_word' id='word_1_12' title='bbox 205 1609 274 1651; x_wconf 93' lang='lat'><strong>24.</strong></span> 
     </span>
    </p>
   </div>
   <div class='ocr_carea' id='block_1_11' title="bbox 207 1752 275 1794">
    <p class='ocr_par' dir='ltr' id='par_1_11' title="bbox 207 1752 275 1794">
     <span class='ocr_line' id='line_1_13' title="bbox 207 1752 275 1794; baseline -0.015 0"><span class='ocrx_word' id='word_1_13' title='bbox 207 1752 275 1794; x_wconf 90' lang='grc'><strong>25.</strong></span> 
     </span>
    </p>
   </div>
   <div class='ocr_carea' id='block_1_12' title="bbox 207 1895 276 1936">
    <p class='ocr_par' dir='ltr' id='par_1_12' title="bbox 207 1895 276 1936">
     <span class='ocr_line' id='line_1_14' title="bbox 207 1895 276 1936; baseline 0 0"><span class='ocrx_word' id='word_1_14' title='bbox 207 1895 276 1936; x_wconf 91' lang='grc'><strong>26.</strong></span> 
     </span>
    </p>
   </div>
   <div class='ocr_carea' id='block_1_13' title="bbox 209 2037 277 2078">
    <p class='ocr_par' dir='ltr' id='par_1_13' title="bbox 209 2037 277 2078">
     <span class='ocr_line' id='line_1_15' title="bbox 209 2037 277 2078; baseline 0 0"><span class='ocrx_word' id='word_1_15' title='bbox 209 2037 277 2078; x_wconf 76' lang='grc'><strong>27.</strong></span> 
     </span>
    </p>
   </div>
   <div class='ocr_carea' id='block_1_14' title="bbox 209 2179 276 2221">
    <p class='ocr_par' dir='ltr' id='par_1_14' title="bbox 209 2179 276 2221">
     <span class='ocr_line' id='line_1_16' title="bbox 209 2179 276 2221; baseline -0.015 0"><span class='ocrx_word' id='word_1_16' title='bbox 209 2179 276 2221; x_wconf 78' lang='grc'><strong>28.</strong></span> 
     </span>
    </p>
   </div>
   <div class='ocr_carea' id='block_1_15' title="bbox 210 2322 277 2364">
    <p class='ocr_par' dir='ltr' id='par_1_15' title="bbox 210 2322 277 2364">
     <span class='ocr_line' id='line_1_17' title="bbox 210 2322 277 2364; baseline -0.015 0"><span class='ocrx_word' id='word_1_17' title='bbox 210 2322 277 2364; x_wconf 84' lang='grc'><strong>29.</strong></span> 
     </span>
    </p>
   </div>
   <div class='ocr_carea' id='block_1_16' title="bbox 211 2464 278 2506">
    <p class='ocr_par' dir='ltr' id='par_1_16' title="bbox 211 2464 278 2506">
     <span class='ocr_line' id='line_1_18' title="bbox 211 2464 278 2506; baseline 0 -1"><span class='ocrx_word' id='word_1_18' title='bbox 211 2464 278 2506; x_wconf 94' lang='grc' dir='ltr'><strong>3Ο.</strong></span> 
     </span>
    </p>
   </div>
   <div class='ocr_carea' id='block_1_17' title="bbox 212 2606 280 2647">
    <p class='ocr_par' dir='ltr' id='par_1_17' title="bbox 212 2606 280 2647">
     <span class='ocr_line' id='line_1_19' title="bbox 212 2606 280 2647; baseline 0.015 -1"><span class='ocrx_word' id='word_1_19' title='bbox 212 2606 280 2647; x_wconf 89' lang='grc'><strong>31.</strong></span> 
     </span>
    </p>
   </div>
   <div class='ocr_carea' id='block_1_18' title="bbox 213 2747 280 2788">
    <p class='ocr_par' dir='ltr' id='par_1_18' title="bbox 213 2747 280 2788">
     <span class='ocr_line' id='line_1_20' title="bbox 213 2747 280 2788; baseline 0.015 -1"><span class='ocrx_word' id='word_1_20' title='bbox 213 2747 280 2788; x_wconf 90' lang='grc'><strong>32.</strong></span> 
     </span>
    </p>
   </div>
   <div class='ocr_carea' id='block_1_19' title="bbox 215 2889 282 2930">
    <p class='ocr_par' dir='ltr' id='par_1_19' title="bbox 215 2889 282 2930">
     <span class='ocr_line' id='line_1_21' title="bbox 215 2889 282 2930; baseline 0 0"><span class='ocrx_word' id='word_1_21' title='bbox 215 2889 282 2930; x_wconf 86' lang='grc'><strong>33.</strong></span> 
     </span>
    </p>
   </div>
   <div class='ocr_carea' id='block_1_20' title="bbox 1024 78 1080 120">
    <p class='ocr_par' dir='ltr' id='par_1_20' title="bbox 1024 78 1080 120">
     <span class='ocr_line' id='line_1_22' title="bbox 1024 78 1080 120; baseline 0 0"><span class='ocrx_word' id='word_1_22' title='bbox 1024 78 1080 120; x_wconf 88' lang='lat'><strong>34</strong></span> 
     </span>
    </p>
   </div>
   <div class='ocr_carea' id='block_1_21' title="bbox 320 182 1918 2874">
    <p class='ocr_par' dir='ltr' id='par_1_21' title="bbox 324 182 1895 381">
     <span class='ocr_line' id='line_1_23' title="bbox 324 182 1876 239; baseline 0.001 -15"><span class='ocrx_word' id='word_1_23' title='bbox 324 182 386 225; x_wconf 89' lang='lat' dir='ltr'><strong>De</strong></span> <span class='ocrx_word' id='word_1_24' title='bbox 418 183 560 237; x_wconf 87' lang='lat' dir='ltr'><strong>iniquo</strong></span> <span class='ocrx_word' id='word_1_25' title='bbox 587 182 737 236; x_wconf 85' lang='lat' dir='ltr'><strong>judice.</strong></span> <span class='ocrx_word' id='word_1_26' title='bbox 786 183 889 225; x_wconf 83' lang='lat' dir='ltr'><strong>Erat</strong></span> <span class='ocrx_word' id='word_1_27' title='bbox 921 184 1086 238; x_wconf 88' lang='lat' dir='ltr'><strong>quidam</strong></span> <span class='ocrx_word' id='word_1_28' title='bbox 1120 184 1359 239; x_wconf 85' lang='lat' dir='ltr'><strong>imperator.</strong></span> <span class='ocrx_word' id='word_1_29' title='bbox 1409 184 1665 237; x_wconf 81' lang='lat' dir='ltr'><strong>(Schinden.)</strong></span> <span class='ocrx_word' id='word_1_30' title='bbox 1711 184 1783 226; x_wconf 84' lang='lat' dir='ltr'><strong>lat.</strong></span> <span class='ocrx_word' id='word_1_31' title='bbox 1808 185 1876 226; x_wconf 82' lang='grc'><strong>29.</strong></span> 
     </span>
     <span class='ocr_line' id='line_1_24' title="bbox 324 253 1895 310; baseline 0.002 -15"><span class='ocrx_word' id='word_1_32' title='bbox 324 253 386 296; x_wconf 92' lang='lat' dir='ltr'><strong>De</strong></span> <span class='ocrx_word' id='word_1_33' title='bbox 433 254 657 296; x_wconf 78' lang='lat' dir='ltr'>honoribus</span> <span class='ocrx_word' id='word_1_34' title='bbox 704 255 871 297; x_wconf 82' lang='lat' dir='ltr'><strong>victoris</strong></span> <span class='ocrx_word' id='word_1_35' title='bbox 919 259 960 298; x_wconf 88' lang='lat' dir='ltr'><strong>et</strong></span> <span class='ocrx_word' id='word_1_36' title='bbox 1005 254 1220 297; x_wconf 72' lang='lat' dir='ltr'><strong>molestiis</strong></span> <span class='ocrx_word' id='word_1_37' title='bbox 1289 255 1393 298; x_wconf 99' lang='lat' dir='ltr'><strong>Erat</strong></span> <span class='ocrx_word' id='word_1_38' title='bbox 1440 255 1608 310; x_wconf 90' lang='lat' dir='ltr'><strong>quidam</strong></span> <span class='ocrx_word' id='word_1_39' title='bbox 1655 255 1895 310; x_wconf 88' lang='lat' dir='ltr'><strong>imperator.</strong></span> 
     </span>
     <span class='ocr_line' id='line_1_25' title="bbox 325 324 787 381; baseline 0.002 -15"><span class='ocrx_word' id='word_1_40' title='bbox 325 325 575 381; x_wconf 87' lang='lat' dir='ltr'><strong>(Triumph.)</strong></span> <span class='ocrx_word' id='word_1_41' title='bbox 622 324 694 367; x_wconf 83' lang='lat' dir='ltr'><strong>lat.</strong></span> <span class='ocrx_word' id='word_1_42' title='bbox 720 326 787 367; x_wconf 92' lang='lat'><strong>30.</strong></span> 
     </span>
    </p>

    <p class='ocr_par' dir='ltr' id='par_1_22' title="bbox 322 395 1897 522">
     <span class='ocr_line' id='line_1_26' title="bbox 325 395 1897 454; baseline 0.001 -16"><span class='ocrx_word' id='word_1_43' title='bbox 325 395 388 438; x_wconf 92' lang='lat' dir='ltr'><strong>De</strong></span> <span class='ocrx_word' id='word_1_44' title='bbox 419 400 552 438; x_wconf 88' lang='lat' dir='ltr'><strong>morte</strong></span> <span class='ocrx_word' id='word_1_45' title='bbox 583 396 842 439; x_wconf 81' lang='lat' dir='ltr'><strong>Allexandri.</strong></span> <span class='ocrx_word' id='word_1_46' title='bbox 900 397 963 440; x_wconf 90' lang='lat' dir='ltr'><strong>De</strong></span> <span class='ocrx_word' id='word_1_47' title='bbox 994 401 1128 439; x_wconf 88' lang='lat' dir='ltr'><strong>morte</strong></span> <span class='ocrx_word' id='word_1_48' title='bbox 1161 397 1406 440; x_wconf 77' lang='lat' dir='ltr'><strong>Allexandri</strong></span> <span class='ocrx_word' id='word_1_49' title='bbox 1438 411 1531 440; x_wconf 85' lang='lat' dir='ltr'><strong>eum</strong></span> <span class='ocrx_word' id='word_1_50' title='bbox 1565 397 1779 454; x_wconf 81' lang='lat' dir='ltr'><strong>sepultura</strong></span> <span class='ocrx_word' id='word_1_51' title='bbox 1811 397 1897 452; x_wconf 92' lang='lat' dir='ltr'><strong>ejus</strong></span> 
     </span>
     <span class='ocr_line' id='line_1_27' title="bbox 322 467 1272 522; baseline 0.001 -13"><span class='ocrx_word' id='word_1_52' title='bbox 322 467 450 510; x_wconf 87' lang='lat' dir='ltr'><strong>fieret.</strong></span> <span class='ocrx_word' id='word_1_53' title='bbox 501 467 776 519; x_wconf 81' lang='lat' dir='ltr'><strong>(Alexanders</strong></span> <span class='ocrx_word' id='word_1_54' title='bbox 809 468 1061 522; x_wconf 72' lang='lat' dir='ltr'><strong>begriibnis.)</strong></span> <span class='ocrx_word' id='word_1_55' title='bbox 1108 468 1178 511; x_wconf 86' lang='lat' dir='ltr'><strong>lat.</strong></span> <span class='ocrx_word' id='word_1_56' title='bbox 1204 470 1272 510; x_wconf 88' lang='grc'><strong>31.</strong></span> 
     </span>
    </p>

    <p class='ocr_par' dir='ltr' id='par_1_23' title="bbox 322 537 1898 664">
     <span class='ocr_line' id='line_1_28' title="bbox 322 537 1898 596; baseline 0.001 -16"><span class='ocrx_word' id='word_1_57' title='bbox 322 537 384 581; x_wconf 88' lang='lat' dir='ltr'><strong>De</strong></span> <span class='ocrx_word' id='word_1_58' title='bbox 418 538 564 581; x_wconf 88' lang='lat' dir='ltr'><strong>arbore</strong></span> <span class='ocrx_word' id='word_1_59' title='bbox 596 542 637 581; x_wconf 91' lang='lat' dir='ltr'><strong>et</strong></span> <span class='ocrx_word' id='word_1_60' title='bbox 667 539 866 582; x_wconf 83' lang='lat' dir='ltr'>uxoribus</span> <span class='ocrx_word' id='word_1_61' title='bbox 898 540 1124 596; x_wconf 84' lang='lat' dir='ltr'><strong>suspensis.</strong></span> <span class='ocrx_word' id='word_1_62' title='bbox 1181 539 1322 582; x_wconf 82' lang='lat' dir='ltr'>Refert</span> <span class='ocrx_word' id='word_1_63' title='bbox 1349 539 1540 582; x_wconf 89' lang='lat' dir='ltr'><strong>Valerius</strong></span> <span class='ocrx_word' id='word_1_64' title='bbox 1581 539 1690 594; x_wconf 91' lang='lat' dir='ltr'><strong>quod</strong></span> <span class='ocrx_word' id='word_1_65' title='bbox 1729 538 1898 594; x_wconf 88' lang='lat' dir='ltr'><strong>quidam</strong></span> 
     </span>
     <span class='ocr_line' id='line_1_29' title="bbox 322 608 1022 664; baseline 0.003 -13"><span class='ocrx_word' id='word_1_66' title='bbox 322 608 437 651; x_wconf 89' lang='lat' dir='ltr'><strong>flens.</strong></span> <span class='ocrx_word' id='word_1_67' title='bbox 487 609 807 664; x_wconf 73' lang='lat' dir='ltr'><strong>(Hangebaum.)</strong></span> <span class='ocrx_word' id='word_1_68' title='bbox 855 610 926 653; x_wconf 84' lang='lat' dir='ltr'><strong>lat..</strong></span> <span class='ocrx_word' id='word_1_69' title='bbox 954 612 1022 653; x_wconf 83' lang='lat'><strong>33.</strong></span> 
     </span>
    </p>

    <p class='ocr_par' dir='ltr' id='par_1_24' title="bbox 323 680 1898 804">
     <span class='ocr_line' id='line_1_30' title="bbox 323 680 1898 737; baseline 0.001 -15"><span class='ocrx_word' id='word_1_70' title='bbox 323 680 386 723; x_wconf 92' lang='lat' dir='ltr'><strong>De</strong></span> <span class='ocrx_word' id='word_1_71' title='bbox 417 681 562 735; x_wconf 84' lang='lat' dir='ltr'><strong>regina</strong></span> <span class='ocrx_word' id='word_1_72' title='bbox 600 685 641 723; x_wconf 92' lang='lat' dir='ltr'><strong>et</strong></span> <span class='ocrx_word' id='word_1_73' title='bbox 681 681 840 724; x_wconf 91' lang='lat' dir='ltr'><strong>duobus</strong></span> <span class='ocrx_word' id='word_1_74' title='bbox 880 681 989 724; x_wconf 91' lang='lat' dir='ltr'><strong>filiis.</strong></span> <span class='ocrx_word' id='word_1_75' title='bbox 1054 681 1240 737; x_wconf 82' lang='lat' dir='ltr'><strong>Pypinus</strong></span> <span class='ocrx_word' id='word_1_76' title='bbox 1280 682 1482 735; x_wconf 84' lang='lat' dir='ltr'><strong>regnavit.</strong></span> <span class='ocrx_word' id='word_1_77' title='bbox 1547 680 1776 734; x_wconf 85' lang='lat' dir='ltr'><strong>(Stiefkind</strong></span> <span class='ocrx_word' id='word_1_78' title='bbox 1814 680 1898 724; x_wconf 93' lang='lat' dir='ltr'><strong>und</strong></span> 
     </span>
     <span class='ocr_line' id='line_1_31' title="bbox 323 751 809 804; baseline 0.004 -11"><span class='ocrx_word' id='word_1_79' title='bbox 323 751 567 804; x_wconf 86' lang='lat' dir='ltr'><strong>leibliohes.)</strong></span> <span class='ocrx_word' id='word_1_80' title='bbox 615 752 686 795; x_wconf 91' lang='lat' dir='ltr'><strong>lat.</strong></span> <span class='ocrx_word' id='word_1_81' title='bbox 715 754 809 795; x_wconf 91' lang='grc'>116.</span> 
     </span>
    </p>

    <p class='ocr_par' dir='ltr' id='par_1_25' title="bbox 321 822 1899 950">
     <span class='ocr_line' id='line_1_32' title="bbox 321 822 1899 880; baseline 0.001 -15"><span class='ocrx_word' id='word_1_82' title='bbox 321 822 384 866; x_wconf 91' lang='lat' dir='ltr'><strong>De</strong></span> <span class='ocrx_word' id='word_1_83' title='bbox 409 823 608 879; x_wconf 75' lang='lat' dir='ltr'><strong>Dyogene</strong></span> <span class='ocrx_word' id='word_1_84' title='bbox 641 824 886 880; x_wconf 88' lang='lat' dir='ltr'><strong>philosopho</strong></span> <span class='ocrx_word' id='word_1_85' title='bbox 920 828 960 867; x_wconf 92' lang='lat' dir='ltr'><strong>et</strong></span> <span class='ocrx_word' id='word_1_86' title='bbox 982 824 1237 867; x_wconf 81' lang='lat' dir='ltr'><strong>Allexandro</strong></span> <span class='ocrx_word' id='word_1_87' title='bbox 1270 828 1310 867; x_wconf 91' lang='lat' dir='ltr'><strong>et</strong></span> <span class='ocrx_word' id='word_1_88' title='bbox 1342 825 1428 867; x_wconf 81' lang='lat' dir='ltr'><strong>vita</strong></span> <span class='ocrx_word' id='word_1_89' title='bbox 1458 828 1612 867; x_wconf 86' lang='lat' dir='ltr'><strong>nostra.</strong></span> <span class='ocrx_word' id='word_1_90' title='bbox 1661 823 1801 867; x_wconf 82' lang='lat' dir='ltr'><strong>Refert</strong></span> <span class='ocrx_word' id='word_1_91' title='bbox 1825 823 1899 866; x_wconf 90' lang='lat' dir='ltr'><strong>Sa·</strong></span> 
     </span>
     <span class='ocr_line' id='line_1_33' title="bbox 323 894 1444 950; baseline 0.002 -14"><span class='ocrx_word' id='word_1_92' title='bbox 323 899 482 937; x_wconf 89' lang='lat' dir='ltr'><strong>turnus.</strong></span> <span class='ocrx_word' id='word_1_93' title='bbox 534 894 757 949; x_wconf 80' lang='lat' dir='ltr'><strong>(Diogenes</strong></span> <span class='ocrx_word' id='word_1_94' title='bbox 790 896 875 938; x_wconf 90' lang='lat' dir='ltr'><strong>und</strong></span> <span class='ocrx_word' id='word_1_95' title='bbox 907 896 1175 948; x_wconf 80' lang='lat' dir='ltr'><strong>Alexander.)</strong></span> <span class='ocrx_word' id='word_1_96' title='bbox 1223 910 1351 950; x_wconf 87' lang='lat' dir='ltr'><strong>germ.</strong></span> <span class='ocrx_word' id='word_1_97' title='bbox 1379 898 1444 938; x_wconf 86' lang='grc'><strong>15.</strong></span> 
     </span>
    </p>

    <p class='ocr_par' dir='ltr' id='par_1_26' title="bbox 321 965 1899 1163">
     <span class='ocr_line' id='line_1_34' title="bbox 323 965 1838 1018; baseline 0.001 -10"><span class='ocrx_word' id='word_1_98' title='bbox 323 965 385 1008; x_wconf 91' lang='lat' dir='ltr'><strong>De</strong></span> <span class='ocrx_word' id='word_1_99' title='bbox 417 966 631 1009; x_wconf 80' lang='lat' dir='ltr'><strong>sacrificio.</strong></span> <span class='ocrx_word' id='word_1_100' title='bbox 681 966 822 1009; x_wconf 85' lang='lat' dir='ltr'><strong>Refert</strong></span> <span class='ocrx_word' id='word_1_101' title='bbox 845 967 1034 1010; x_wconf 88' lang='lat' dir='ltr'><strong>Valerius</strong></span> <span class='ocrx_word' id='word_1_102' title='bbox 1068 968 1109 1009; x_wconf 90' lang='lat' dir='ltr'><strong>in</strong></span> <span class='ocrx_word' id='word_1_103' title='bbox 1141 969 1263 1010; x_wconf 85' lang='lat' dir='ltr'><strong>tertio</strong></span> <span class='ocrx_word' id='word_1_104' title='bbox 1291 968 1410 1010; x_wconf 90' lang='lat' dir='ltr'><strong>libro.</strong></span> <span class='ocrx_word' id='word_1_105' title='bbox 1457 966 1635 1018; x_wconf 86' lang='lat' dir='ltr'><strong>(Kohle.)</strong></span> <span class='ocrx_word' id='word_1_106' title='bbox 1678 966 1750 1009; x_wconf 87' lang='lat' dir='ltr'><strong>lat.</strong></span> <span class='ocrx_word' id='word_1_107' title='bbox 1773 967 1838 1009; x_wconf 88' lang='grc'><strong>16.</strong></span> 
     </span>
     <span class='ocr_line' id='line_1_35' title="bbox 322 1037 1899 1094; baseline 0 -15"><span class='ocrx_word' id='word_1_108' title='bbox 322 1037 385 1079; x_wconf 89' lang='lat' dir='ltr'><strong>De</strong></span> <span class='ocrx_word' id='word_1_109' title='bbox 425 1037 571 1080; x_wconf 89' lang='lat' dir='ltr'><strong>arbore</strong></span> <span class='ocrx_word' id='word_1_110' title='bbox 610 1038 763 1080; x_wconf 76' lang='lat' dir='ltr'><strong>infecta</strong></span> <span class='ocrx_word' id='word_1_111' title='bbox 803 1042 844 1081; x_wconf 93' lang='lat' dir='ltr'><strong>et</strong></span> <span class='ocrx_word' id='word_1_112' title='bbox 880 1038 1001 1081; x_wconf 82' lang='lat' dir='ltr'><strong>beata</strong></span> <span class='ocrx_word' id='word_1_113' title='bbox 1032 1040 1204 1093; x_wconf 85' lang='lat' dir='ltr'><strong>virgine.</strong></span> <span class='ocrx_word' id='word_1_114' title='bbox 1259 1039 1376 1082; x_wconf 81' lang='lat' dir='ltr'><strong>Siout</strong></span> <span class='ocrx_word' id='word_1_115' title='bbox 1407 1039 1466 1081; x_wconf 87' lang='lat' dir='ltr'><strong>ait</strong></span> <span class='ocrx_word' id='word_1_116' title='bbox 1495 1038 1721 1094; x_wconf 84' lang='lat' dir='ltr'><strong>Polymius.</strong></span> <span class='ocrx_word' id='word_1_117' title='bbox 1777 1037 1899 1090; x_wconf 92' lang='lat' dir='ltr'><strong>(The-</strong></span> 
     </span>
     <span class='ocr_line' id='line_1_36' title="bbox 321 1109 715 1163; baseline 0.003 -13"><span class='ocrx_word' id='word_1_118' title='bbox 321 1109 445 1161; x_wconf 88' lang='lat' dir='ltr'><strong>riak.)</strong></span> <span class='ocrx_word' id='word_1_119' title='bbox 493 1123 621 1163; x_wconf 86' lang='lat' dir='ltr'><strong>germ.</strong></span> <span class='ocrx_word' id='word_1_120' title='bbox 650 1111 715 1151; x_wconf 81' lang='lat'><strong>17.</strong></span> 
     </span>
    </p>

    <p class='ocr_par' dir='ltr' id='par_1_27' title="bbox 321 1179 1900 1308">
     <span class='ocr_line' id='line_1_37' title="bbox 321 1179 1900 1237; baseline 0 -15"><span class='ocrx_word' id='word_1_121' title='bbox 321 1179 385 1222; x_wconf 94' lang='lat' dir='ltr'><strong>De</strong></span> <span class='ocrx_word' id='word_1_122' title='bbox 416 1181 608 1235; x_wconf 81' lang='lat' dir='ltr'><strong>ymagine</strong></span> <span class='ocrx_word' id='word_1_123' title='bbox 641 1185 681 1223; x_wconf 94' lang='lat' dir='ltr'><strong>et</strong></span> <span class='ocrx_word' id='word_1_124' title='bbox 711 1195 838 1235; x_wconf 88' lang='lat' dir='ltr'><strong>regno</strong></span> <span class='ocrx_word' id='word_1_125' title='bbox 871 1181 1015 1223; x_wconf 89' lang='lat' dir='ltr'><strong>mundi</strong></span> <span class='ocrx_word' id='word_1_126' title='bbox 1049 1186 1089 1224; x_wconf 91' lang='lat' dir='ltr'><strong>et</strong></span> <span class='ocrx_word' id='word_1_127' title='bbox 1121 1195 1257 1237; x_wconf 92' lang='lat' dir='ltr'><strong>pomo.</strong></span> <span class='ocrx_word' id='word_1_128' title='bbox 1306 1181 1448 1224; x_wconf 88' lang='lat' dir='ltr'><strong>Refert</strong></span> <span class='ocrx_word' id='word_1_129' title='bbox 1479 1180 1734 1223; x_wconf 78' lang='lat' dir='ltr'><strong>Allexander</strong></span> <span class='ocrx_word' id='word_1_130' title='bbox 1764 1180 1900 1237; x_wconf 91' lang='lat' dir='ltr'><strong>philo-</strong></span> 
     </span>
     <span class='ocr_line' id='line_1_38' title="bbox 322 1251 1286 1308; baseline 0.001 -15"><span class='ocrx_word' id='word_1_131' title='bbox 322 1251 488 1307; x_wconf 90' lang='lat' dir='ltr'><strong>sophus.</strong></span> <span class='ocrx_word' id='word_1_132' title='bbox 538 1252 708 1306; x_wconf 84' lang='lat' dir='ltr'><strong>(Virgils</strong></span> <span class='ocrx_word' id='word_1_133' title='bbox 742 1252 840 1307; x_wconf 83' lang='lat' dir='ltr'><strong>bild,</strong></span> <span class='ocrx_word' id='word_1_134' title='bbox 875 1253 1016 1308; x_wconf 81' lang='lat' dir='ltr'><strong>apsel.)</strong></span> <span class='ocrx_word' id='word_1_135' title='bbox 1065 1266 1193 1306; x_wconf 85' lang='lat' dir='ltr'><strong>germ.</strong></span> <span class='ocrx_word' id='word_1_136' title='bbox 1221 1254 1286 1295; x_wconf 81' lang='lat'><strong>18.</strong></span> 
     </span>
    </p>

    <p class='ocr_par' dir='ltr' id='par_1_28' title="bbox 320 1322 1898 1450">
     <span class='ocr_line' id='line_1_39' title="bbox 321 1322 1898 1380; baseline 0 -15"><span class='ocrx_word' id='word_1_137' title='bbox 321 1323 384 1366; x_wconf 90' lang='lat' dir='ltr'><strong>De</strong></span> <span class='ocrx_word' id='word_1_138' title='bbox 427 1323 565 1366; x_wconf 81' lang='lat' dir='ltr'><strong>anima</strong></span> <span class='ocrx_word' id='word_1_139' title='bbox 606 1323 839 1366; x_wconf 85' lang='lat' dir='ltr'><strong>adulterata</strong></span> <span class='ocrx_word' id='word_1_140' title='bbox 871 1327 912 1366; x_wconf 91' lang='lat' dir='ltr'><strong>et</strong></span> <span class='ocrx_word' id='word_1_141' title='bbox 944 1324 1187 1367; x_wconf 79' lang='lat' dir='ltr'><strong>austeritate</strong></span> <span class='ocrx_word' id='word_1_142' title='bbox 1219 1324 1351 1380; x_wconf 88' lang='lat' dir='ltr'><strong>patris</strong></span> <span class='ocrx_word' id='word_1_143' title='bbox 1385 1327 1425 1367; x_wconf 89' lang='lat' dir='ltr'><strong>et</strong></span> <span class='ocrx_word' id='word_1_144' title='bbox 1454 1323 1542 1366; x_wconf 89' lang='lat' dir='ltr'><strong>filii.</strong></span> <span class='ocrx_word' id='word_1_145' title='bbox 1595 1322 1700 1366; x_wconf 86' lang='lat' dir='ltr'><strong>Erat</strong></span> <span class='ocrx_word' id='word_1_146' title='bbox 1731 1322 1898 1378; x_wconf 87' lang='lat' dir='ltr'><strong>quidam</strong></span> 
     </span>
     <span class='ocr_line' id='line_1_40' title="bbox 320 1394 1511 1450; baseline 0.001 -14"><span class='ocrx_word' id='word_1_147' title='bbox 320 1395 561 1450; x_wconf 87' lang='lat' dir='ltr'><strong>imperator.</strong></span> <span class='ocrx_word' id='word_1_148' title='bbox 612 1394 742 1445; x_wconf 87' lang='lat' dir='ltr'><strong>(Sohn</strong></span> <span class='ocrx_word' id='word_1_149' title='bbox 774 1395 908 1438; x_wconf 77' lang='lat' dir='ltr'><strong>todtet</strong></span> <span class='ocrx_word' id='word_1_150' title='bbox 939 1399 1094 1438; x_wconf 90' lang='lat' dir='ltr'><strong>mutter</strong></span> <span class='ocrx_word' id='word_1_151' title='bbox 1125 1395 1269 1448; x_wconf 83' lang='lat' dir='ltr'><strong>nieht.)</strong></span> <span class='ocrx_word' id='word_1_152' title='bbox 1315 1395 1387 1438; x_wconf 89' lang='lat' dir='ltr'><strong>lat.</strong></span> <span class='ocrx_word' id='word_1_153' title='bbox 1414 1396 1511 1437; x_wconf 88' lang='lat'><strong>100.</strong></span> 
     </span>
    </p>

    <p class='ocr_par' dir='ltr' id='par_1_29' title="bbox 321 1465 1898 1580">
     <span class='ocr_line' id='line_1_41' title="bbox 321 1465 1898 1522; baseline 0 -14"><span class='ocrx_word' id='word_1_154' title='bbox 321 1466 450 1509; x_wconf 88' lang='lat' dir='ltr'><strong>Rome</strong></span> <span class='ocrx_word' id='word_1_155' title='bbox 497 1469 721 1521; x_wconf 84' lang='lat' dir='ltr'><strong>patuerunt</strong></span> <span class='ocrx_word' id='word_1_156' title='bbox 766 1466 942 1522; x_wconf 80' lang='lat' dir='ltr'><strong>hyancia</strong></span> <span class='ocrx_word' id='word_1_157' title='bbox 981 1466 1155 1510; x_wconf 84' lang='lat' dir='ltr'><strong>infinita.</strong></span> <span class='ocrx_word' id='word_1_158' title='bbox 1218 1467 1265 1509; x_wconf 90' lang='lat' dir='ltr'><strong>In</strong></span> <span class='ocrx_word' id='word_1_159' title='bbox 1303 1467 1438 1509; x_wconf 88' lang='lat' dir='ltr'><strong>medio</strong></span> <span class='ocrx_word' id='word_1_160' title='bbox 1478 1479 1605 1509; x_wconf 90' lang='lat' dir='ltr'><strong>rome.</strong></span> <span class='ocrx_word' id='word_1_161' title='bbox 1671 1465 1898 1519; x_wconf 89' lang='lat' dir='ltr'><strong>(Curtius.)</strong></span> 
     </span>
     <span class='ocr_line' id='line_1_42' title="bbox 322 1537 488 1580; baseline 0 -1"><span class='ocrx_word' id='word_1_162' title='bbox 322 1537 393 1579; x_wconf 90' lang='lat' dir='ltr'><strong>lat.</strong></span> <span class='ocrx_word' id='word_1_163' title='bbox 418 1539 488 1580; x_wconf 87' lang='lat'><strong>43.</strong></span> 
     </span>
    </p>

    <p class='ocr_par' dir='ltr' id='par_1_30' title="bbox 323 1608 1900 1736">
     <span class='ocr_line' id='line_1_43' title="bbox 323 1608 1900 1666; baseline 0.001 -15"><span class='ocrx_word' id='word_1_164' title='bbox 323 1608 386 1651; x_wconf 91' lang='lat' dir='ltr'><strong>De</strong></span> <span class='ocrx_word' id='word_1_165' title='bbox 425 1608 564 1664; x_wconf 86' lang='lat' dir='ltr'><strong>puella</strong></span> <span class='ocrx_word' id='word_1_166' title='bbox 603 1613 643 1652; x_wconf 92' lang='lat' dir='ltr'><strong>et</strong></span> <span class='ocrx_word' id='word_1_167' title='bbox 682 1609 942 1665; x_wconf 87' lang='lat' dir='ltr'><strong>pedissequa.</strong></span> <span class='ocrx_word' id='word_1_168' title='bbox 1008 1610 1182 1660; x_wconf 82' lang='lat' dir='ltr'><strong>Quidam</strong></span> <span class='ocrx_word' id='word_1_169' title='bbox 1222 1610 1451 1666; x_wconf 86' lang='lat' dir='ltr'><strong>imperator</strong></span> <span class='ocrx_word' id='word_1_170' title='bbox 1489 1609 1644 1652; x_wconf 88' lang='lat' dir='ltr'><strong>habuit.</strong></span> <span class='ocrx_word' id='word_1_171' title='bbox 1709 1609 1900 1662; x_wconf 89' lang='lat' dir='ltr'><strong>(Kaiser-</strong></span> 
     </span>
     <span class='ocr_line' id='line_1_44' title="bbox 323 1680 983 1736; baseline 0.002 -14"><span class='ocrx_word' id='word_1_172' title='bbox 323 1680 496 1734; x_wconf 79' lang='lat' dir='ltr'><strong>toehter‚</strong></span> <span class='ocrx_word' id='word_1_173' title='bbox 528 1680 712 1736; x_wconf 85' lang='lat' dir='ltr'><strong>pallast.)</strong></span> <span class='ocrx_word' id='word_1_174' title='bbox 761 1694 889 1735; x_wconf 86' lang='lat' dir='ltr'><strong>germ.</strong></span> <span class='ocrx_word' id='word_1_175' title='bbox 915 1681 983 1723; x_wconf 89' lang='lat'><strong>22.</strong></span> 
     </span>
    </p>

    <p class='ocr_par' dir='ltr' id='par_1_31' title="bbox 324 1750 1900 1880">
     <span class='ocr_line' id='line_1_45' title="bbox 324 1750 1900 1810; baseline 0.001 -16"><span class='ocrx_word' id='word_1_176' title='bbox 324 1750 387 1794; x_wconf 93' lang='lat' dir='ltr'><strong>De</strong></span> <span class='ocrx_word' id='word_1_177' title='bbox 427 1756 604 1806; x_wconf 83' lang='lat' dir='ltr'><strong>quatuor</strong></span> <span class='ocrx_word' id='word_1_178' title='bbox 635 1752 849 1795; x_wconf 86' lang='lat' dir='ltr'><strong>heremitis</strong></span> <span class='ocrx_word' id='word_1_179' title='bbox 882 1756 922 1795; x_wconf 92' lang='lat' dir='ltr'><strong>et</strong></span> <span class='ocrx_word' id='word_1_180' title='bbox 952 1752 1176 1795; x_wconf 79' lang='lat' dir='ltr'><strong>virtutibus</strong></span> <span class='ocrx_word' id='word_1_181' title='bbox 1209 1766 1364 1795; x_wconf 90' lang='lat' dir='ltr'><strong>eorum.</strong></span> <span class='ocrx_word' id='word_1_182' title='bbox 1419 1752 1591 1807; x_wconf 87' lang='lat' dir='ltr'><strong>Legitur</strong></span> <span class='ocrx_word' id='word_1_183' title='bbox 1623 1753 1665 1795; x_wconf 93' lang='lat' dir='ltr'><strong>in</strong></span> <span class='ocrx_word' id='word_1_184' title='bbox 1696 1754 1794 1797; x_wconf 87' lang='lat' dir='ltr'><strong>vitis</strong></span> <span class='ocrx_word' id='word_1_185' title='bbox 1826 1767 1900 1810; x_wconf 90' lang='lat' dir='ltr'><strong>pa-</strong></span> 
     </span>
     <span class='ocr_line' id='line_1_46' title="bbox 324 1822 1488 1880; baseline 0.001 -15"><span class='ocrx_word' id='word_1_186' title='bbox 324 1826 448 1865; x_wconf 91' lang='lat' dir='ltr'><strong>trum.</strong></span> <span class='ocrx_word' id='word_1_187' title='bbox 499 1823 614 1866; x_wconf 91' lang='lat' dir='ltr'><strong>Ohne</strong></span> <span class='ocrx_word' id='word_1_188' title='bbox 646 1823 829 1866; x_wconf 87' lang='lat' dir='ltr'><strong>moralis.</strong></span> <span class='ocrx_word' id='word_1_189' title='bbox 880 1822 1062 1875; x_wconf 76' lang='lat' dir='ltr'><strong>(Grosste</strong></span> <span class='ocrx_word' id='word_1_190' title='bbox 1093 1824 1279 1878; x_wconf 85' lang='lat' dir='ltr'><strong>tugend.)</strong></span> <span class='ocrx_word' id='word_1_191' title='bbox 1329 1838 1423 1880; x_wconf 86' lang='lat' dir='ltr'><strong>app.</strong></span> <span class='ocrx_word' id='word_1_192' title='bbox 1451 1826 1488 1867; x_wconf 91' lang='lat'><strong>1.</strong></span> 
     </span>
    </p>

    <p class='ocr_par' dir='ltr' id='par_1_32' title="bbox 324 1894 1897 2018">
     <span class='ocr_line' id='line_1_47' title="bbox 324 1894 1897 1951; baseline 0.002 -15"><span class='ocrx_word' id='word_1_193' title='bbox 324 1894 387 1937; x_wconf 89' lang='lat' dir='ltr'><strong>De</strong></span> <span class='ocrx_word' id='word_1_194' title='bbox 425 1894 569 1948; x_wconf 86' lang='lat' dir='ltr'><strong>regina</strong></span> <span class='ocrx_word' id='word_1_195' title='bbox 602 1908 679 1950; x_wconf 89' lang='lat' dir='ltr'><strong>que</strong></span> <span class='ocrx_word' id='word_1_196' title='bbox 712 1899 795 1938; x_wconf 89' lang='lat' dir='ltr'><strong>tres</strong></span> <span class='ocrx_word' id='word_1_197' title='bbox 829 1894 934 1937; x_wconf 92' lang='lat' dir='ltr'><strong>filios</strong></span> <span class='ocrx_word' id='word_1_198' title='bbox 968 1909 1017 1938; x_wconf 81' lang='lat' dir='ltr'><strong>ex</strong></span> <span class='ocrx_word' id='word_1_199' title='bbox 1051 1895 1252 1939; x_wconf 89' lang='lat' dir='ltr'><strong>adulterio</strong></span> <span class='ocrx_word' id='word_1_200' title='bbox 1286 1899 1362 1938; x_wconf 86' lang='lat' dir='ltr'><strong>ete.</strong></span> <span class='ocrx_word' id='word_1_201' title='bbox 1410 1895 1498 1939; x_wconf 79' lang='lat' dir='ltr'><strong>Rex</strong></span> <span class='ocrx_word' id='word_1_202' title='bbox 1532 1896 1702 1951; x_wconf 87' lang='lat' dir='ltr'><strong>quidam</strong></span> <span class='ocrx_word' id='word_1_203' title='bbox 1732 1895 1897 1939; x_wconf 90' lang='lat' dir='ltr'><strong>nobilis.</strong></span> 
     </span>
     <span class='ocr_line' id='line_1_48' title="bbox 327 1965 801 2018; baseline 0 -10"><span class='ocrx_word' id='word_1_204' title='bbox 327 1965 587 2018; x_wconf 83' lang='lat' dir='ltr'><strong>(Sohiessen.)</strong></span> <span class='ocrx_word' id='word_1_205' title='bbox 635 1966 707 2008; x_wconf 89' lang='lat' dir='ltr'><strong>lat.</strong></span> <span class='ocrx_word' id='word_1_206' title='bbox 731 1967 801 2008; x_wconf 90' lang='grc'><strong>45.</strong></span> 
     </span>
    </p>

    <p class='ocr_par' dir='ltr' id='par_1_33' title="bbox 326 2036 1898 2150">
     <span class='ocr_line' id='line_1_49' title="bbox 326 2036 1898 2093; baseline 0.002 -14"><span class='ocrx_word' id='word_1_207' title='bbox 326 2036 388 2080; x_wconf 90' lang='lat' dir='ltr'><strong>De</strong></span> <span class='ocrx_word' id='word_1_208' title='bbox 418 2037 509 2080; x_wconf 87' lang='lat' dir='ltr'><strong>fure</strong></span> <span class='ocrx_word' id='word_1_209' title='bbox 542 2041 583 2080; x_wconf 87' lang='lat' dir='ltr'><strong>et</strong></span> <span class='ocrx_word' id='word_1_210' title='bbox 614 2051 742 2080; x_wconf 83' lang='lat' dir='ltr'><strong>uxore</strong></span> <span class='ocrx_word' id='word_1_211' title='bbox 765 2041 806 2080; x_wconf 88' lang='lat' dir='ltr'><strong>et</strong></span> <span class='ocrx_word' id='word_1_212' title='bbox 827 2037 990 2093; x_wconf 87' lang='lat' dir='ltr'><strong>hospite</strong></span> <span class='ocrx_word' id='word_1_213' title='bbox 1012 2037 1222 2092; x_wconf 84' lang='lat' dir='ltr'><strong>vigilante.</strong></span> <span class='ocrx_word' id='word_1_214' title='bbox 1270 2038 1447 2089; x_wconf 84' lang='lat' dir='ltr'><strong>Quidam</strong></span> <span class='ocrx_word' id='word_1_215' title='bbox 1468 2039 1548 2082; x_wconf 84' lang='lat' dir='ltr'><strong>fur.</strong></span> <span class='ocrx_word' id='word_1_216' title='bbox 1591 2038 1898 2092; x_wconf 88' lang='lat' dir='ltr'><strong>(Mondstrahl.)</strong></span> 
     </span>
     <span class='ocr_line' id='line_1_50' title="bbox 327 2107 519 2150; baseline 0 0"><span class='ocrx_word' id='word_1_217' title='bbox 327 2107 397 2150; x_wconf 90' lang='lat' dir='ltr'><strong>lat.</strong></span> <span class='ocrx_word' id='word_1_218' title='bbox 423 2109 519 2150; x_wconf 82' lang='lat'><strong>136.</strong></span> 
     </span>
    </p>

    <p class='ocr_par' dir='ltr' id='par_1_34' title="bbox 325 2178 1897 2305">
     <span class='ocr_line' id='line_1_51' title="bbox 325 2178 1897 2237; baseline 0.003 -16"><span class='ocrx_word' id='word_1_219' title='bbox 325 2178 388 2222; x_wconf 90' lang='lat' dir='ltr'><strong>De</strong></span> <span class='ocrx_word' id='word_1_220' title='bbox 417 2179 550 2222; x_wconf 82' lang='lat' dir='ltr'><strong>milite</strong></span> <span class='ocrx_word' id='word_1_221' title='bbox 572 2180 642 2234; x_wconf 89' lang='lat' dir='ltr'><strong>qui</strong></span> <span class='ocrx_word' id='word_1_222' title='bbox 665 2180 987 2223; x_wconf 87' lang='lat' dir='ltr'><strong>semiambulans</strong></span> <span class='ocrx_word' id='word_1_223' title='bbox 1017 2184 1057 2223; x_wconf 87' lang='lat' dir='ltr'><strong>et</strong></span> <span class='ocrx_word' id='word_1_224' title='bbox 1078 2181 1374 2236; x_wconf 89' lang='lat' dir='ltr'><strong>semiequitans</strong></span> <span class='ocrx_word' id='word_1_225' title='bbox 1397 2182 1510 2225; x_wconf 87' lang='lat' dir='ltr'><strong>venit</strong></span> <span class='ocrx_word' id='word_1_226' title='bbox 1533 2182 1586 2225; x_wconf 88' lang='lat' dir='ltr'><strong>ad</strong></span> <span class='ocrx_word' id='word_1_227' title='bbox 1606 2195 1759 2237; x_wconf 89' lang='lat' dir='ltr'><strong>regem.</strong></span> <span class='ocrx_word' id='word_1_228' title='bbox 1801 2181 1897 2232; x_wconf 87' lang='lat' dir='ltr'><strong>Qui-</strong></span> 
     </span>
     <span class='ocr_line' id='line_1_52' title="bbox 327 2251 1240 2305; baseline 0.002 -13"><span class='ocrx_word' id='word_1_229' title='bbox 327 2251 422 2293; x_wconf 89' lang='lat' dir='ltr'><strong>dam</strong></span> <span class='ocrx_word' id='word_1_230' title='bbox 453 2251 585 2293; x_wconf 92' lang='lat' dir='ltr'><strong>miles.</strong></span> <span class='ocrx_word' id='word_1_231' title='bbox 635 2251 759 2303; x_wconf 90' lang='lat' dir='ltr'><strong>(Halb</strong></span> <span class='ocrx_word' id='word_1_232' title='bbox 791 2253 999 2305; x_wconf 89' lang='lat' dir='ltr'><strong>geritten.)</strong></span> <span class='ocrx_word' id='word_1_233' title='bbox 1047 2252 1116 2294; x_wconf 82' lang='lat' dir='ltr'><strong>lat.</strong></span> <span class='ocrx_word' id='word_1_234' title='bbox 1145 2253 1240 2294; x_wconf 78' lang='lat'><strong>124.</strong></span> 
     </span>
    </p>

    <p class='ocr_par' dir='ltr' id='par_1_35' title="bbox 326 2321 1901 2448">
     <span class='ocr_line' id='line_1_53' title="bbox 326 2321 1901 2378; baseline 0.003 -14"><span class='ocrx_word' id='word_1_235' title='bbox 326 2321 389 2364; x_wconf 90' lang='lat' dir='ltr'><strong>De</strong></span> <span class='ocrx_word' id='word_1_236' title='bbox 428 2322 586 2364; x_wconf 90' lang='lat' dir='ltr'><strong>duobus</strong></span> <span class='ocrx_word' id='word_1_237' title='bbox 624 2323 824 2366; x_wconf 68' lang='lat' dir='ltr'><strong>fram-ibus</strong></span> <span class='ocrx_word' id='word_1_238' title='bbox 864 2323 1012 2366; x_wconf 84' lang='lat' dir='ltr'><strong>elerico</strong></span> <span class='ocrx_word' id='word_1_239' title='bbox 1046 2327 1086 2366; x_wconf 86' lang='lat' dir='ltr'><strong>et</strong></span> <span class='ocrx_word' id='word_1_240' title='bbox 1116 2323 1234 2366; x_wconf 82' lang='lat' dir='ltr'><strong>laico.</strong></span> <span class='ocrx_word' id='word_1_241' title='bbox 1288 2324 1422 2366; x_wconf 88' lang='lat' dir='ltr'><strong>Erant</strong></span> <span class='ocrx_word' id='word_1_242' title='bbox 1453 2324 1533 2367; x_wconf 89' lang='lat' dir='ltr'><strong>duo</strong></span> <span class='ocrx_word' id='word_1_243' title='bbox 1564 2325 1727 2368; x_wconf 86' lang='lat' dir='ltr'><strong>fratres.</strong></span> <span class='ocrx_word' id='word_1_244' title='bbox 1783 2324 1901 2378; x_wconf 89' lang='lat' dir='ltr'><strong>(Drei</strong></span> 
     </span>
     <span class='ocr_line' id='line_1_54' title="bbox 327 2393 881 2448; baseline 0.002 -13"><span class='ocrx_word' id='word_1_245' title='bbox 327 2393 613 2445; x_wconf 79' lang='lat' dir='ltr'><strong>buohstaben.)</strong></span> <span class='ocrx_word' id='word_1_246' title='bbox 661 2408 788 2448; x_wconf 90' lang='lat' dir='ltr'><strong>germ.</strong></span> <span class='ocrx_word' id='word_1_247' title='bbox 814 2395 881 2436; x_wconf 89' lang='grc'><strong>26.</strong></span> 
     </span>
    </p>

    <p class='ocr_par' dir='ltr' id='par_1_36' title="bbox 327 2463 1918 2728">
     <span class='ocr_line' id='line_1_55' title="bbox 327 2463 1900 2521; baseline 0.003 -16"><span class='ocrx_word' id='word_1_248' title='bbox 327 2463 390 2506; x_wconf 93' lang='lat' dir='ltr'><strong>De</strong></span> <span class='ocrx_word' id='word_1_249' title='bbox 427 2464 560 2506; x_wconf 88' lang='lat' dir='ltr'><strong>tribus</strong></span> <span class='ocrx_word' id='word_1_250' title='bbox 601 2466 735 2519; x_wconf 88' lang='lat' dir='ltr'><strong>magis</strong></span> <span class='ocrx_word' id='word_1_251' title='bbox 775 2465 845 2519; x_wconf 89' lang='lat' dir='ltr'><strong>qui</strong></span> <span class='ocrx_word' id='word_1_252' title='bbox 883 2466 1049 2507; x_wconf 88' lang='lat' dir='ltr'><strong>domino</strong></span> <span class='ocrx_word' id='word_1_253' title='bbox 1089 2479 1262 2508; x_wconf 80' lang='lat' dir='ltr'><strong>munera</strong></span> <span class='ocrx_word' id='word_1_254' title='bbox 1303 2465 1552 2509; x_wconf 88' lang='lat' dir='ltr'><strong>obtulerunt.</strong></span> <span class='ocrx_word' id='word_1_255' title='bbox 1607 2465 1696 2509; x_wconf 81' lang='lat' dir='ltr'><strong>Rex</strong></span> <span class='ocrx_word' id='word_1_256' title='bbox 1733 2466 1900 2521; x_wconf 81' lang='lat' dir='ltr'><strong>quidam</strong></span> 
     </span>
     <span class='ocr_line' id='line_1_56' title="bbox 329 2534 1918 2590; baseline 0.003 -14"><span class='ocrx_word' id='word_1_257' title='bbox 329 2534 566 2577; x_wconf 90' lang='lat' dir='ltr'><strong>Dariorum.</strong></span> <span class='ocrx_word' id='word_1_258' title='bbox 614 2535 736 2588; x_wconf 89' lang='lat' dir='ltr'><strong>(Heil.</strong></span> <span class='ocrx_word' id='word_1_259' title='bbox 762 2535 850 2577; x_wconf 90' lang='lat' dir='ltr'><strong>drei</strong></span> <span class='ocrx_word' id='word_1_260' title='bbox 883 2536 1062 2590; x_wconf 73' lang='lat' dir='ltr'><strong>konig-e.)</strong></span> <span class='ocrx_word' id='word_1_261' title='bbox 1109 2536 1180 2579; x_wconf 88' lang='lat' dir='ltr'><strong>lat.</strong></span> <span class='ocrx_word' id='word_1_262' title='bbox 1205 2538 1275 2578; x_wconf 85' lang='lat'><strong>47.</strong></span> <span class='ocrx_word' id='word_1_263' title='bbox 1913 2587 1918 2590; x_wconf 40' lang='lat'><strong>.</strong></span> 
     </span>
     <span class='ocr_line' id='line_1_57' title="bbox 328 2605 1903 2663; baseline 0.003 -16"><span class='ocrx_word' id='word_1_264' title='bbox 328 2605 391 2648; x_wconf 92' lang='lat' dir='ltr'><strong>De</strong></span> <span class='ocrx_word' id='word_1_265' title='bbox 428 2605 606 2660; x_wconf 90' lang='lat' dir='ltr'><strong>Zelongo</strong></span> <span class='ocrx_word' id='word_1_266' title='bbox 645 2606 896 2662; x_wconf 84' lang='lat' dir='ltr'><strong>imperatore</strong></span> <span class='ocrx_word' id='word_1_267' title='bbox 936 2610 976 2649; x_wconf 91' lang='lat' dir='ltr'><strong>et</strong></span> <span class='ocrx_word' id='word_1_268' title='bbox 1013 2607 1096 2650; x_wconf 88' lang='lat' dir='ltr'><strong>filio</strong></span> <span class='ocrx_word' id='word_1_269' title='bbox 1137 2608 1207 2663; x_wconf 90' lang='lat' dir='ltr'><strong>qui</strong></span> <span class='ocrx_word' id='word_1_270' title='bbox 1248 2607 1475 2650; x_wconf 88' lang='lat' dir='ltr'><strong>deflorabat</strong></span> <span class='ocrx_word' id='word_1_271' title='bbox 1513 2607 1706 2662; x_wconf 87' lang='lat' dir='ltr'><strong>virgines.</strong></span> <span class='ocrx_word' id='word_1_272' title='bbox 1760 2607 1903 2652; x_wconf 88' lang='lat' dir='ltr'><strong>Refert</strong></span> 
     </span>
     <span class='ocr_line' id='line_1_58' title="bbox 331 2676 1040 2728; baseline 0.001 -10"><span class='ocrx_word' id='word_1_273' title='bbox 331 2676 531 2719; x_wconf 88' lang='lat' dir='ltr'><strong>Valerius.</strong></span> <span class='ocrx_word' id='word_1_274' title='bbox 582 2676 828 2728; x_wconf 79' lang='lat' dir='ltr'><strong>(Zaleucus.)</strong></span> <span class='ocrx_word' id='word_1_275' title='bbox 875 2677 946 2719; x_wconf 85' lang='lat' dir='ltr'><strong>lat.</strong></span> <span class='ocrx_word' id='word_1_276' title='bbox 971 2678 1040 2720; x_wconf 89' lang='grc'><strong>50.</strong></span> 
     </span>
    </p>

    <p class='ocr_par' dir='ltr' id='par_1_37' title="bbox 329 2746 1899 2874">
     <span class='ocr_line' id='line_1_59' title="bbox 329 2746 1899 2805; baseline 0.003 -16"><span class='ocrx_word' id='word_1_277' title='bbox 329 2746 392 2789; x_wconf 92' lang='lat' dir='ltr'><strong>De</strong></span> <span class='ocrx_word' id='word_1_278' title='bbox 413 2747 668 2790; x_wconf 80' lang='lat' dir='ltr'><strong>Allexandro</strong></span> <span class='ocrx_word' id='word_1_279' title='bbox 700 2761 850 2802; x_wconf 88' lang='lat' dir='ltr'><strong>magno</strong></span> <span class='ocrx_word' id='word_1_280' title='bbox 884 2752 924 2790; x_wconf 92' lang='lat' dir='ltr'><strong>et</strong></span> <span class='ocrx_word' id='word_1_281' title='bbox 944 2761 1045 2803; x_wconf 91' lang='lat' dir='ltr'><strong>poro</strong></span> <span class='ocrx_word' id='word_1_282' title='bbox 1067 2763 1164 2804; x_wconf 89' lang='lat' dir='ltr'><strong>rege</strong></span> <span class='ocrx_word' id='word_1_283' title='bbox 1184 2749 1391 2792; x_wconf 90' lang='lat' dir='ltr'><strong>Indorum.</strong></span> <span class='ocrx_word' id='word_1_284' title='bbox 1436 2749 1692 2793; x_wconf 77' lang='lat' dir='ltr'><strong>Allexander</strong></span> <span class='ocrx_word' id='word_1_285' title='bbox 1712 2763 1899 2805; x_wconf 87' lang='lat' dir='ltr'><strong>magnus.</strong></span> 
     </span>
     <span class='ocr_line' id='line_1_60' title="bbox 332 2817 971 2874; baseline 0 -14"><span class='ocrx_word' id='word_1_286' title='bbox 332 2817 542 2869; x_wconf 84' lang='lat' dir='ltr'><strong>(Gesehirr</strong></span> <span class='ocrx_word' id='word_1_287' title='bbox 575 2819 764 2869; x_wconf 89' lang='lat' dir='ltr'><strong>stehlen.)</strong></span> <span class='ocrx_word' id='word_1_288' title='bbox 812 2833 908 2874; x_wconf 88' lang='lat' dir='ltr'><strong>app.</strong></span> <span class='ocrx_word' id='word_1_289' title='bbox 933 2820 971 2860; x_wconf 92' lang='lat'><strong>2.</strong></span> 
     </span>
    </p>
   </div>
   <div class='ocr_carea' id='block_1_22' title="bbox 331 2888 1896 3011">
    <p class='ocr_par' dir='ltr' id='par_1_38' title="bbox 331 2888 1896 3011">
     <span class='ocr_line' id='line_1_61' title="bbox 331 2888 1896 2947; baseline 0.002 -16"><span class='ocrx_word' id='word_1_290' title='bbox 331 2888 393 2931; x_wconf 91' lang='lat' dir='ltr'><strong>De</strong></span> <span class='ocrx_word' id='word_1_291' title='bbox 424 2893 512 2944; x_wconf 74' lang='lat' dir='ltr'><strong>tyto</strong></span> <span class='ocrx_word' id='word_1_292' title='bbox 546 2893 586 2932; x_wconf 88' lang='lat' dir='ltr'><strong>et</strong></span> <span class='ocrx_word' id='word_1_293' title='bbox 616 2890 779 2944; x_wconf 83' lang='lat' dir='ltr'><strong>virgilio</strong></span> <span class='ocrx_word' id='word_1_294' title='bbox 812 2894 853 2932; x_wconf 92' lang='lat' dir='ltr'><strong>et</strong></span> <span class='ocrx_word' id='word_1_295' title='bbox 881 2894 1018 2932; x_wconf 87' lang='lat' dir='ltr'><strong>statua</strong></span> <span class='ocrx_word' id='word_1_296' title='bbox 1040 2894 1080 2934; x_wconf 89' lang='lat' dir='ltr'><strong>et</strong></span> <span class='ocrx_word' id='word_1_297' title='bbox 1100 2891 1192 2933; x_wconf 82' lang='lat' dir='ltr'><strong>foca</strong></span> <span class='ocrx_word' id='word_1_298' title='bbox 1211 2891 1342 2934; x_wconf 88' lang='lat' dir='ltr'><strong>fabro.</strong></span> <span class='ocrx_word' id='word_1_299' title='bbox 1389 2891 1518 2947; x_wconf 88' lang='lat' dir='ltr'><strong>Tytus</strong></span> <span class='ocrx_word' id='word_1_300' title='bbox 1539 2892 1584 2933; x_wconf 90' lang='lat' dir='ltr'><strong>in</strong></span> <span class='ocrx_word' id='word_1_301' title='bbox 1605 2892 1773 2935; x_wconf 84' lang='lat' dir='ltr'><strong>civitate</strong></span> <span class='ocrx_word' id='word_1_302' title='bbox 1794 2905 1896 2934; x_wconf 89' lang='lat' dir='ltr'><strong>rom.</strong></span> 
     </span>
     <span class='ocr_line' id='line_1_62' title="bbox 332 2959 721 3011; baseline 0.003 -10"><span class='ocrx_word' id='word_1_303' title='bbox 332 2959 509 3011; x_wconf 83' lang='lat' dir='ltr'><strong>(Foeas.)</strong></span> <span class='ocrx_word' id='word_1_304' title='bbox 557 2961 627 3002; x_wconf 89' lang='lat' dir='ltr'><strong>lat.</strong></span> <span class='ocrx_word' id='word_1_305' title='bbox 652 2962 721 3002; x_wconf 85' lang='grc'><strong>57.</strong></span> 
     </span>
    </p>
   </div>
  </div>
 </body>
</html>
