1919 3157
880 45 963 86 689

82 135 324 192 imperator:
374 139 518 184 Verius
550 156 630 185 non
663 149 796 199 potest
827 146 926 190 fieri.
985 149 1130 193 Statim
1165 157 1411 200 senescallus
1443 160 1545 203 adiit
1575 160 1749 216 Fulgen—

81 206 188 249 cium
227 212 268 251 et
304 211 431 252 traxit
469 226 560 254 eum
602 214 652 255 ad
692 217 888 270 parietem
930 224 970 261 et
1000 221 1125 264 dixit:
1178 223 1421 283 Karissime,
1466 235 1509 272 tu
1549 245 1590 274 es
1622 246 1748 289 nepos

79 289 194 319 meus
228 283 268 321 et
298 283 624 335 consanguineus
656 285 809 328 domini
843 290 921 331 inei
955 291 1234 347 imperatoris;
1283 298 1317 338 si
1358 299 1457 341 mihi
1489 307 1625 355 grates
1656 305 1749 347 red-

77 346 238 390 dideres
269 350 342 393 tibi
376 351 663 397 denunciarem
697 357 745 399 de
764 358 867 400 vicio
900 364 981 414 tuo,
1015 362 1064 405 de
1097 377 1174 418 quo
1207 366 1395 411 dominus
1429 385 1542 414 meus
1573 374 1746 418 multum

76 420 339 472 conqueritur
378 427 418 464 et
447 429 643 476 gravatur
681 427 722 468 in
761 432 934 484 tantum,
975 433 1082 486 quod
1113 442 1281 490 paratus
1314 445 1375 481 est
1412 445 1451 483 te
1482 456 1691 488 removere
1723 460 1747 489 a

75 489 247 532 servicio
294 495 333 534 et
381 496 678 539 verecundatur
723 499 771 541 de
812 500 884 541 hoc
935 502 1007 544 tibi
1053 503 1176 559 loqui.
1246 509 1317 550 Ait
1356 509 1619 565 Fulgencius:
1666 516 1744 559 Pro

74 557 184 601 illius
215 574 353 605 amore
386 565 454 619 qui
488 567 681 621 pependit
713 569 753 611 in
787 584 917 625 cruce,
951 573 1015 615 dic
1046 575 1144 617 mihi
1179 578 1274 631 quid
1298 585 1371 634 est,
1404 582 1550 637 dequo
1582 589 1742 631 tantum

72 629 261 674 dominus
293 647 407 676 meus
439 641 580 678 contra
619 652 682 680 me
715 647 981 696 aggravatur,
1021 646 1116 699 quia
1155 653 1322 702 paratus
1359 665 1447 694 sum
1481 654 1521 695 in
1554 658 1742 702 omnibus

71 702 289 745 emendare
312 708 351 746 et
374 705 478 748 bono
501 708 668 751 consilio
701 711 975 766 adquiescere.
1024 717 1095 758 Ait
1116 720 1383 763 senescallus:
1417 722 1599 773 Quadam
1626 727 1742 785 lepra

70 784 112 813 es
150 772 342 826 insectus;
383 778 543 830 quando
574 779 736 834 ciphum
771 782 935 826 domino
970 799 1057 828 meo
1090 789 1232 843 tradis,
1266 792 1426 835 videtur
1458 797 1565 849 quod
1597 803 1738 853 potum

67 843 266 896 projicere
298 845 463 890 deberet
494 863 567 904 pre
589 850 715 893 fetore
747 852 872 908 lepre.
926 856 999 898 Ait
1030 858 1297 913 Fulgencius:
1331 862 1430 905 Cum
1465 865 1609 910 effectu
1641 884 1738 925 rogo

68 918 247 956 vestrum
288 918 503 961 consilium
544 925 584 962 et
621 923 831 966 auxilium.
888 926 960 968 Ait
999 929 1267 973 senescallus:
1312 933 1354 975 Si
1394 937 1608 980 consilium
1645 954 1738 996 per-

65 988 228 1038 petrare
261 987 451 1043 volueris,
484 994 614 1033 totum
648 993 698 1034 ad
732 994 881 1038 bonum
905 996 1025 1039 finem
1060 1001 1293 1054 perducam.
1342 1005 1399 1047 At
1429 1006 1516 1049 ille:
1549 1008 1636 1052 Hoc
1668 1012 1737 1055 de-

64 1053 199 1097 sidero
239 1060 325 1099 toto
361 1061 585 1104 conamine.
643 1063 696 1105 Et
732 1065 823 1108 ille:
866 1067 1226 1126 Quocienscunque
1257 1076 1539 1130 propinaveris
1571 1080 1734 1126 domino

62 1124 302 1180 imperatori
340 1129 388 1171 de
429 1136 548 1186 potu,
588 1134 732 1177 faciem
773 1141 884 1179 tuam
927 1144 1084 1194 averte,
1129 1155 1179 1184 ne
1210 1144 1381 1188 fetorem
1419 1147 1532 1203 lepre
1563 1153 1733 1208 senciat,

61 1195 190 1239 donec
220 1199 445 1242 remedium
479 1202 642 1258 aliquod
676 1205 824 1249 habeas
856 1223 930 1263 pro
952 1210 1080 1253 fetore
1110 1212 1227 1268 lepri.
1270 1215 1513 1271 Fulgencius
1545 1222 1582 1263 ei
1611 1222 1731 1266 fidem

60 1265 172 1309 dedit
203 1273 243 1310 et
272 1270 313 1311 in
346 1273 534 1315 omnibus
567 1275 645 1316 ait:
678 1282 860 1320 vestrum
892 1281 1107 1324 consilium
1141 1284 1384 1341 adimplebo.
1419 1288 1520 1332 Cum
1552 1292 1732 1348 impera-

58 1338 137 1379 tori
174 1340 438 1385 ministraret
477 1348 517 1386 et
554 1359 719 1389 manum
769 1349 820 1390 ad
859 1364 950 1392 eum
998 1355 1202 1410 extendit,
1250 1358 1395 1401 faciem
1436 1374 1551 1403 suam
1597 1364 1647 1407 ab
1685 1379 1730 1408 eo

58 1411 217 1452 avertit.
273 1411 373 1454 Cum
414 1414 639 1470 imperator
677 1417 750 1460 hoc
791 1420 980 1476 vidisset,
1022 1437 1112 1467 eum
1155 1431 1298 1470 contra
1328 1434 1469 1485 pectus
1502 1445 1593 1475 cum
1625 1436 1730 1490 pede

56 1482 258 1534 percussit
303 1483 441 1526 dicens
489 1486 543 1527 ei:
586 1487 618 1529 O
650 1489 807 1532 ribalde
847 1494 1042 1548 pessime,
1090 1496 1161 1539 illa
1202 1503 1297 1541 sunt
1334 1514 1451 1555 vera,
1485 1516 1563 1557 que
1602 1505 1652 1548 de
1689 1510 1729 1550 te

55 1551 205 1594 audivi.
262 1553 373 1596 Vade
415 1559 532 1598 extra
563 1558 695 1600 visum
727 1574 862 1603 meum
901 1565 996 1618 quia
1028 1569 1216 1611 ammodo
1249 1584 1328 1613 non
1362 1573 1442 1614 eris
1473 1574 1582 1617 infra
1613 1577 1727 1632 pala-

54 1620 160 1663 cium
213 1637 361 1667 meum.
428 1626 460 1668 F
466 1627 673 1680 ulgencius
726 1630 837 1673 flevit
888 1648 1046 1688 amare;
1099 1638 1324 1694 imperator
1375 1645 1535 1687 vocavit
1585 1647 1636 1689 ad
1683 1663 1726 1692 se

53 1693 320 1737 senescallum
354 1700 394 1738 et
425 1698 483 1739 ait
514 1699 569 1740 ei:
612 1699 821 1750 Quomodo
855 1718 1019 1759 possum
1053 1707 1177 1752 istum
1210 1711 1436 1768 ribaldum,
1471 1717 1539 1770 qui
1571 1731 1636 1761 me
1667 1720 1726 1763 sic

51 1761 298 1819 diffamavit,
332 1767 381 1809 de
413 1769 564 1811 mundo
600 1771 772 1815 tollere?
811 1775 884 1817 Ait
915 1778 1182 1822 senescallus:
1222 1781 1365 1826 Eciam
1398 1785 1580 1842 domine,
1624 1791 1723 1833 satis

49 1833 162 1877 bene.
218 1836 298 1878 Vos
338 1838 496 1882 habetis
536 1842 604 1896 qui
645 1856 807 1899 semper
847 1848 1057 1902 copiosum
1096 1851 1231 1904 ignem
1271 1854 1427 1899 faciunt
1466 1858 1518 1900 ad
1557 1860 1723 1904 combu-

47 1905 218 1948 rendum
259 1907 416 1963 lapides
455 1925 529 1966 pro
567 1919 751 1956 cemento
790 1916 988 1960 faciendo.
1042 1920 1244 1965 Nuncium
1285 1926 1336 1967 ad
1375 1939 1443 1969 eos
1484 1928 1565 1971 ista
1603 1936 1720 1976 nocte

46 1974 316 2032 destinabitis,
350 1984 395 2022 ut
426 1982 656 2038 quicunque
688 1999 847 2028 summo
878 2002 996 2031 mane
1028 1991 1079 2033 ad
1101 2006 1168 2034 eos
1201 1997 1360 2038 venerit
1391 2001 1432 2039 et
1462 1999 1588 2042 dixit:
1621 2001 1719 2046 Pre-

45 2045 364 2101 cipit·dominus
396 2064 510 2094 meus
544 2054 656 2096 vobis
689 2056 859 2112 implere
892 2060 1143 2106 voluntatem
1177 2079 1315 2119 suam,
1357 2069 1464 2122 quod
1494 2070 1608 2113 illum
1643 2073 1718 2116 sub

42 2129 150 2171 pena
181 2121 325 2162 mortis
357 2125 397 2163 et
428 2123 510 2165 vite
542 2126 746 2181 accipiant
778 2132 818 2170 et
855 2129 898 2171 in
935 2131 1070 2185 ignem
1105 2136 1334 2190 projiciant.
1382 2138 1603 2194 Fulgencio
1634 2143 1715 2187 ista

41 2191 159 2230 nocte
192 2191 403 2246 precipere
434 2193 604 2249 debetis,
646 2201 690 2238 ut
726 2198 766 2239 in
801 2213 948 2243 aurora
988 2209 1130 2257 surgat
1169 2211 1208 2248 et
1246 2208 1296 2249 ad
1328 2211 1536 2264 operarios
1568 2218 1715 2268 pergat

41 2260 82 2299 et
121 2262 166 2300 ut
207 2260 265 2302 eis
297 2261 424 2304 dicat:
465 2264 672 2320 Numquid
704 2269 954 2314 voluntatem
988 2274 1143 2318 domini
1174 2278 1254 2320 mei
1287 2280 1469 2323 fecistis?
1509 2283 1621 2326 Tunc
1651 2284 1712 2328 illi

40 2329 261 2372 secundum
299 2332 461 2385 jussum
502 2339 682 2379 vestrum
725 2352 815 2381 eum
863 2342 904 2383 in
943 2343 1077 2397 ignem
1126 2349 1365 2404 projicient,
1413 2356 1454 2394 et
1498 2353 1557 2394 sic
1601 2355 1712 2398 mala

38 2404 169 2443 morte
200 2402 408 2444 morietur.
458 2405 530 2446 Ait
560 2406 803 2462 imperator:
836 2411 993 2455 Revera
1014 2417 1215 2471 optimum
1248 2425 1310 2462 est
1340 2422 1554 2464 consilium
1578 2428 1706 2468 tuum.

38 2468 266 2525 Imperator
297 2474 458 2515 vocavit
489 2475 539 2517 ad
561 2490 604 2518 se
625 2477 656 2519 F
661 2478 890 2532 ulgencium
923 2490 964 2526 et
995 2486 1053 2527 ait
1084 2488 1142 2529 ei:
1177 2489 1266 2532 Tibi
1298 2493 1480 2548 precipio
1506 2494 1580 2536 sub
1601 2509 1708 2550 pena

35 2541 201 2595 mortis,
239 2546 284 2584 ut
323 2543 366 2584 in
406 2558 553 2587 aurora
590 2561 733 2602 surgas
772 2555 812 2593 et
849 2553 899 2594 ad
939 2558 1148 2609 operarios
1188 2573 1336 2614 pergas
1376 2562 1426 2604 ad
1461 2567 1545 2606 tres
1576 2564 1706 2609 Cucas

34 2609 103 2652 ubi
128 2610 285 2667 lapides
308 2614 601 2658 comburuntur
632 2632 704 2673 pro
737 2621 845 2663 calce
877 2624 1076 2680 facienda,
1109 2632 1149 2670 et
1179 2642 1271 2672 cum
1304 2632 1361 2674 eis
1393 2633 1449 2674 sis
1481 2638 1575 2677 ante
1607 2636 1704 2680 solis

33 2684 168 2723 ortum
200 2687 241 2725 et
270 2684 335 2726 dic
366 2685 424 2727 eis
457 2699 506 2728 ex
539 2693 655 2742 parte
687 2703 790 2743 mea,
823 2697 868 2735 ut
899 2700 1136 2751 preceptum
1170 2713 1305 2742 meum
1339 2702 1550 2759 impleant,
1584 2706 1703 2750 aliter

31 2751 141 2793 mala
162 2757 293 2796 morte
315 2767 382 2796 eos
404 2756 723 2813 condempnabo.
772 2761 1016 2816 Fulgeneius
1049 2781 1144 2810 vero
1176 2770 1320 2813 intime
1351 2774 1558 2827 cogitabat
1582 2790 1702 2821 mane

31 2833 196 2876 surgere
237 2829 278 2867 et
314 2831 551 2881 preceptum
593 2829 747 2872 domini
788 2833 1025 2890 adimplere.
1089 2838 1317 2894 Imperator
1363 2857 1457 2886 vero
1504 2848 1700 2890 nuncium

17 2892 142 2951 'misit
171 2895 306 2937 media
335 2900 453 2938 nocte
483 2911 606 2953 super
637 2913 782 2955 equum
817 2904 867 2945 ad
890 2908 1113 2962 operarios,
1147 2911 1216 2963 qui
1248 2912 1305 2954 eis
1329 2913 1453 2956 dixit:
1486 2915 1562 2958 sub
1591 2931 1699 2972 pena

77 2973 292 3013 Oesterley.
315 2977 405 3004 Gesta
427 2978 634 3007 Romanorum.
1374 2989 1416 3022 44
