1919 3157
866 74 947 116 337

735 238 836 280 CAP.
862 239 930 280 37.
965 240 1067 289 (2313.)

511 336 583 380 De
618 339 774 382 mentis
812 338 859 382 z'n
897 336 1035 381 celum
1073 336 1300 381 erectione.

186 461 325 504 Refert
368 460 546 513 Plinius,
587 462 695 515 quod
735 462 871 516 aquila
911 462 952 503 in
994 461 1121 503 altum
1161 460 1273 502 volat
1312 465 1352 502 et
1388 460 1591 514 nidificat,
1630 462 1746 515 cujus

67 531 190 588 pullis
222 532 442 574 insidiatur
478 546 647 588 serpens
680 533 866 587 quidam,
907 533 976 587 qui
1010 537 1178 574 vocatur
1210 545 1370 586 pervas.
1419 531 1495 581 Qui
1529 531 1671 573 videns
1704 545 1747 574 se

65 617 147 645 non
180 616 299 658 posse
331 604 666 658 appropinquare
701 609 867 659 propter
901 603 1161 645 altitudinem
1193 602 1323 644 trahit
1355 602 1405 644 ad
1435 617 1478 645 se
1509 608 1675 644 ventum
1708 606 1748 644 et
1773 608 1794 641 5

66 687 268 716 venenum
308 674 480 726 emittit,
523 679 568 716 ut
608 689 677 717 aer
710 676 884 717 infectus
927 687 999 729 per
1039 687 1241 716 venenum
1284 674 1334 715 ad
1374 673 1508 729 pullos
1549 673 1746 716 deductus

66 744 157 786 illos
204 744 381 796 occidat3
431 745 501 787 sed
550 746 687 800 aquila
734 760 783 788 ex
833 746 1027 787 instinctu
1076 744 1255 786 naturali
1304 744 1534 786 mirabilem
1583 744 1750 786 adhibet

65 815 281 858 cautelam.
346 815 487 858 Portat
527 817 634 858 enim
675 817 874 873 lapidem,
923 816 991 870 qui
1034 819 1203 857 vocatur
1243 815 1428 867 achates,
1469 819 1510 857 et
1547 815 1666 870 ponit
1706 815 1747 857 in

64 887 162 930 nido
194 888 237 929 in
268 887 339 929 illa
371 892 508 943 parte,
548 901 626 942 que
666 894 728 930 est
768 893 910 931 contra
942 892 1129 939 ventum,
1171 891 1211 929 et
1242 887 1320 928 iste
1351 886 1457 941 lapis
1490 886 1641 928 virtute
1674 900 1750 928 sua

65 972 268 1002 venenum
308 958 500 1014 expellit,
540 972 590 1000 ne
630 959 681 1001 ad
721 959 854 1015 pullos
893 958 1080 1010 accedat,
1122 963 1162 1000 et
1201 958 1260 999 sic
1293 957 1393 1012 pulli
1426 957 1659 1010 salvantur,
1698 971 1749 999 ne
1777 966 1819 998 10

64 1030 376 1073 interficiantur.

182 1100 418 1153 Carissimi,
467 1115 540 1156 per
580 1101 781 1155 aquilam,
831 1115 909 1155 que
948 1105 1012 1142 est
1050 1099 1167 1141 ardui
1208 1099 1367 1141 volatus
1408 1103 1448 1141 et
1488 1099 1598 1141 acuti
1638 1099 1748 1141 visus

64 1172 185 1214 homo
231 1171 497 1225 intelligitur,
552 1172 665 1226 cujus
714 1173 798 1214 vita
841 1176 881 1214 et
927 1171 1175 1213 desiderium
1225 1184 1248 1212 a
1286 1170 1461 1213 terrenis
1509 1170 1630 1212 debet
1668 1170 1748 1213 ele-

63 1243 174 1296 vari,
223 1241 314 1298 [34]
359 1247 403 1285 ut
449 1243 583 1285 dicere
630 1243 760 1298 possit
813 1256 905 1285 cum
953 1241 1138 1297 apostolo
1185 1241 1289 1283 Phil.
1333 1254 1382 1282 11:
1454 1241 1605 1283 Nostra
1652 1255 1748 1284 con-

65 1314 248 1356 versacio
302 1314 344 1356 in
391 1313 489 1356 celis
538 1318 611 1356 est.
690 1314 734 1356 In
788 1314 864 1356 hac
909 1313 1128 1356 altitudine
1175 1313 1504 1354 conversacionis
1552 1312 1747 1355 debemus
1776 1319 1817 1353 15

65 1385 219 1440 pulios,
260 1385 302 1427 id
335 1389 397 1427 est
429 1398 555 1440 opera
596 1390 739 1427 nostra
773 1386 879 1428 bona
916 1398 1090 1440 ponere3
1126 1389 1223 1426 tunc
1255 1397 1425 1439 serpens
1459 1384 1671 1438 antiquus,
1704 1383 1745 1425 id

64 1460 127 1498 est
158 1455 345 1498 diabolus
386 1457 522 1511 querit
560 1456 675 1498 illum
718 1457 902 1499 occidere
934 1469 1008 1510 per
1040 1455 1347 1510 apposicionem
1381 1454 1554 1509 alicujus
1588 1454 1747 1509 peccati

65 1527 274 1581 mortalis,
313 1527 385 1569 sed
425 1527 530 1569 forte
570 1531 739 1582 propter
779 1527 861 1568 vite
899 1526 1171 1569 eminenciam
1211 1526 1470 1582 propositum
1512 1539 1630 1567 suum
1663 1539 1746 1566 non

64 1602 201 1653 potest
232 1598 470 1654 adimplere.
535 1598 647 1640 Tunc
690 1598 802 1640 vadit
833 1597 1020 1640 diabolus
1061 1603 1101 1640 et
1132 1601 1309 1653 temptat
1340 1596 1433 1638 illos
1465 1601 1585 1638 vento
1619 1596 1746 1638 inter-

64 1669 206 1723 ficere,
247 1669 343 1711 dum
384 1669 546 1712 laudem
588 1669 810 1710 humanam
851 1670 929 1712 sibi
969 1669 1251 1722 commendat,
1293 1667 1402 1722 quod
1441 1668 1475 1709 si
1507 1667 1644 1722 sepius
1677 1681 1745 1710 ve·
1772 1677 1816 1710 :20

65 1741 196 1793 niunt,
229 1745 274 1782 ut
305 1745 475 1796 propter
506 1741 735 1795 appetitum
770 1740 864 1782 talis
895 1741 1029 1782 laudis
1061 1741 1186 1782 faciat
1216 1739 1323 1781 bona
1345 1752 1483 1794 opera,
1516 1738 1746 1780 morientur

64 1811 166 1868 pulli
207 1811 369 1867 quodad
409 1812 615 1854 meritum.
678 1812 944 1867 Accipiamus
985 1825 1081 1865 ergo
1120 1816 1302 1867 petram,
1344 1810 1387 1852 id
1426 1814 1488 1852 est
1519 1809 1744 1864 Christum,

64 1888 105 1926 et
135 1896 337 1938 ponamus
369 1883 479 1925 inter
511 1896 637 1938 opera
668 1887 811 1924 nostra
849 1887 889 1925 et
927 1886 1094 1925 ventum
1129 1896 1230 1924 vane
1261 1881 1410 1935 glorie,
1450 1885 1496 1922 ut
1527 1881 1586 1922 sic
1619 1894 1745 1936 opera

64 1958 206 1996 nostra
236 1954 464 2008 dirigamus
496 1954 547 1996 ad
570 1954 704 2007 deum,
739 1958 779 1996 et
810 1954 888 1996 erit
909 1953 1027 1995 nobis
1049 1953 1271 1996 retribucio
1293 1965 1465 2006 magna;
1499 1952 1607 2006 quia,
1639 1952 1746 1994 sicut

63 2024 178 2067 vobis
210 2029 398 2068 constare
430 2025 564 2078 debet,
596 2030 680 2067 tres
712 2025 884 2079 sagittas
917 2025 1107 2067 dominus
1133 2024 1261 2079 jaciet
1293 2024 1335 2065 in
1358 2023 1592 2065 hominibus
1626 2022 1744 2065 valde
1771 2030 1816 2063 25

64 2104 226 2150 acutas,
274 2097 409 2152 prima
457 2097 708 2149 vocacionis,
756 2096 935 2138 secunda
973 2096 1252 2152 decepcioniS,
1301 2095 1429 2137 tercia
1467 2093 1742 2136 diffinicionis.

64 2166 226 2221 Sagitta
255 2168 499 2221 vocacionis,
533 2167 696 2222 quando
719 2168 846 2210 dicet:
882 2166 1061 2221 Surgite,
1093 2167 1260 2219 mortui,
1293 2166 1430 2208 venite
1453 2165 1503 2207 ad
1518 2165 1743 2219 judicium!

62 2238 126 2281 De
155 2239 236 2281 ista
267 2239 486 2281 vocacione
517 2238 689 2280 habetur
719 2238 811 2281 Joh.
837 2239 915 2280 xii:
951 2238 1118 2291 Omnes,
1151 2238 1219 2291 qui
1251 2238 1294 2278 in
1325 2236 1603 2279 monumentis
1635 2241 1743 2290 sunt,

64 2310 232 2352 audient
263 2323 402 2352 vocem
436 2309 509 2351 filii
542 2310 619 2351 dei.
682 2309 738 2351 Et
769 2310 897 2351 eciam
931 2309 1039 2351 lero:
1085 2309 1180 2351 Sive
1213 2308 1440 2361 comedam,
1473 2308 1559 2350 sive
1591 2307 1743 2361 bibam,

63 2394 226 2436 semper
261 2381 423 2423 videtur
455 2381 496 2422 in
531 2380 697 2423 auribus
730 2381 831 2423 meis
864 2393 1030 2422 sonare:
1067 2380 1245 2433 Surgite,
1280 2379 1431 2421 mortui
1464 2383 1538 2421 etc,
1583 2377 1745 2432 Sagitta
1769 2384 1814 2417 30

63 2451 343 2507 decepcionis,
377 2451 540 2507 quando
572 2451 796 2505 injudicio
829 2451 987 2493 dicetur
1020 2449 1324 2505 peccatoribus:
1371 2449 1558 2503 Esurivi,
1591 2454 1632 2491 et
1662 2463 1743 2491 non

63 2522 235 2565 dedistis
280 2523 405 2565 michi
444 2522 706 2565 manducare.
770 2522 932 2576 Sagitta
972 2521 1235 2563 diffinicionis
1273 2521 1371 2574 erit,
1419 2520 1581 2575 quando
1613 2520 1743 2574 judex

63 2593 192 2636 dicet:
224 2593 298 2647 Ite,
331 2593 553 2647 maledicti,
585 2593 626 2635 in
660 2593 796 2647 ignem
829 2598 1029 2635 eternum.

110 2697 154 2732 23
180 2697 244 2742 sic]
272 2703 358 2744 oriq.
384 2698 531 2733 scilicet.

126 3025 344 3064 Oeuterley.
367 3026 458 3055 Gesta
478 3026 690 3054 Romanorum.
1420 3018 1465 3052 ⁴22
