1919 3157
861 95 946 137 495

60 192 192 246 vivat,
231 196 271 235 et
307 194 397 249 ipse
434 195 586 250 impius
626 198 667 239 in
700 198 919 254 iniquitate
958 214 1032 243 sua
1074 209 1324 259 moreretur,
1365 209 1606 262 sanguinem
1648 224 1744 253 vero

59 263 146 317 ejus
178 263 228 306 de
259 278 382 307 manu
416 269 486 307 tua
519 269 738 322 requiram.
788 270 991 325 Rogemus
1024 273 1150 326 igitur
1182 279 1256 317 etc.

696 500 797 542 off.
828 502 921 542 141.
956 503 1089 555 (133.)

112 580 186 626 De
220 597 334 627 sano
374 583 560 628 consilio
599 600 770 645 semper
807 589 1032 634 audiendo
1073 597 1113 636 et
1148 595 1378 638 contrario
1419 594 1679 654 abjiciendo.

169 688 415 744 Fulgencius
448 694 649 747 regnavit,
684 695 723 735 in
757 696 870 749 cujus
903 697 1077 751 imperio
1112 704 1200 742 erat
1232 701 1398 754 quidam
1433 703 1550 745 miles
1573 706 1739 749 nomine
1765 714 1786 747 5

49 758 293 814 Zedechias,
338 762 407 816 qui
447 777 615 806 uxorem
656 765 870 820 pulchram
911 770 1089 824 accepit,
1137 771 1207 812 sed
1248 785 1328 813 non
1369 774 1627 828 prudentem.
1693 776 1736 819 In

50 831 165 885 eujus
197 832 318 874 domo
352 833 518 887 quidam
553 849 723 891 serpens
756 838 796 878 in
831 839 1006 893 quadam
1038 854 1202 883 camera
1234 842 1458 899 habitabat,
1493 846 1611 889 miles
1641 862 1736 890 vero

49 905 335 946 torneamenta
374 908 414 946 et
456 905 679 949 hastiludia
724 908 1004 963 frequentavit
1048 912 1090 953 in
1130 918 1313 968 tantum,
1363 917 1469 970 quod
1511 919 1648 961 evenit
1685 920 1734 961 ad

47 986 242 1027 magnam
275 979 521 1030 egestatem,
555 976 668 1020 flevit
700 993 838 1022 amare
870 984 911 1023 et
943 983 1058 1036 quasi
1093 983 1334 1040 desperatus
1369 987 1560 1031 hincinde
1593 990 1735 1032 ambu-

46 1043 148 1086 lavit
179 1046 387 1100 ignorans,
420 1048 517 1102 quid
551 1062 670 1102 agere
703 1050 881 1094 deberet.
933 1052 1112 1109 Serpens
1137 1056 1278 1099 videns
1312 1059 1398 1112 ejus
1432 1059 1614 1102 dolorem
1639 1062 1735 1104 data
1762 1068 1805 1102 10

46 1120 109 1158 est
139 1117 175 1159 ei
209 1131 287 1159 vox
320 1131 344 1160 a
376 1118 450 1160 deo
484 1119 590 1162 sicut
622 1122 828 1175 quondam
862 1124 975 1167 asine
1008 1125 1177 1168 Balaam
1212 1133 1252 1170 et
1285 1130 1360 1171 ait:
1400 1129 1483 1172 Cur
1514 1130 1612 1174 fles?
1653 1132 1735 1176 Fac

44 1188 268 1230 secundum
309 1190 525 1232 consilium
565 1205 702 1234 meum
743 1198 782 1235 et
821 1199 916 1249 post
953 1196 1106 1238 factum
1149 1212 1231 1241 non
1277 1201 1501 1256 penitebis!
1550 1202 1732 1257 Singulis

43 1257 187 1301 diebus
219 1260 284 1302 lac
313 1261 438 1303 michi
472 1262 588 1304 dulce
621 1264 813 1307 ministra
845 1271 885 1308 et
915 1271 955 1309 te
988 1268 1148 1311 ditabo!
1190 1270 1309 1313 Miles
1348 1272 1423 1314 hoc
1456 1274 1627 1316 audiens
1659 1289 1731 1329 ga-

42 1329 155 1371 visus
189 1334 251 1373 est
281 1331 401 1374 valde
433 1332 509 1375 hoc
540 1333 717 1377 fideliter
749 1336 976 1393 adimplere
1016 1341 1221 1395 promisit.
1277 1342 1426 1386 Statim
1466 1345 1575 1387 infra
1607 1346 1730 1390 breve

41 1390 205 1456 tempus
251 1402 406 1446 ditatus
449 1409 512 1447 est
549 1405 687 1460 valde,
736 1411 776 1448 et
813 1409 969 1463 prolem
1013 1411 1227 1466 pulchram
1268 1418 1308 1456 et
1346 1429 1518 1469 magnas
1557 1417 1728 1461 divicias
1757 1425 1799 1460 15

42 1469 194 1527 [116b]
244 1473 432 1517 habebat.
500 1477 665 1520 Accidit
710 1492 793 1520 una
839 1480 1019 1536 dierum,
1067 1484 1175 1537 quod
1221 1498 1326 1527 uxor
1365 1487 1519 1530 diceret
1556 1490 1726 1532 marito:

39 1541 237 1598 Domine,
271 1546 406 1600 credo,
440 1548 547 1601 quod
580 1549 649 1592 ille
681 1563 852 1606 serpens
885 1552 1016 1594 multa
1048 1554 1154 1596 bona
1185 1556 1370 1610 possidet
1400 1558 1442 1600 in
1476 1572 1651 1615 camera,
1684 1562 1726 1603 in

40 1626 121 1668 qua
145 1615 268 1670 jacet.
317 1617 494 1660 Consulo
518 1620 655 1674 igitur,
690 1625 735 1663 ut
764 1623 986 1678 occidatur,
1020 1629 1060 1667 et
1083 1626 1188 1668 bona
1210 1628 1296 1682 ejus
1320 1628 1609 1673 obtinebimus.
1654 1632 1726 1675 Ille

39 1698 134 1728 vero
167 1687 218 1728 ad
250 1688 564 1732 instructionem
600 1692 784 1734 mulieris
817 1695 1011 1737 malleum
1048 1699 1241 1752 portavit,
1275 1703 1321 1741 ut
1352 1706 1584 1756 serpentem
1619 1704 1725 1746 occi-

37 1756 165 1811 deret,
199 1771 290 1800 cum
323 1774 420 1803 vase
451 1761 583 1804 lactis.
640 1763 741 1806 Cum
776 1779 872 1808 vero
906 1781 1076 1823 serpens
1112 1783 1185 1812 vas
1217 1770 1336 1813 lactis
1375 1772 1559 1827 videbat,
1600 1778 1725 1830 caput
1751 1781 1796 1816 20

37 1833 155 1871 extra
186 1829 370 1874 foramen
405 1845 566 1876 camere
600 1836 796 1890 extendit,
830 1842 875 1879 ut
907 1839 970 1882 lac
992 1854 1105 1884 more
1129 1846 1324 1884 consueto
1350 1843 1570 1897 lamberet3
1605 1846 1722 1889 miles

35 1912 133 1942 vero
171 1900 247 1943 hoc
288 1903 431 1946 videns
472 1905 664 1947 malleum
707 1909 894 1951 extendit
933 1915 973 1953 et
1014 1918 1248 1968 serpentem
1291 1919 1505 1969 percutere
1548 1916 1721 1960 volebat.

36 1968 215 2027 Serpens
254 1973 331 2016 hoc
369 1975 504 2017 subit-o
544 1977 710 2020 videbat
748 1983 789 2021 et
827 1987 953 2037 caput
990 1985 1185 2038 retraxit,
1227 1988 1267 2027 et
1305 1985 1433 2034 ictum
1473 1987 1611 2030 mallei
1650 2003 1720 2031 vas

33 2044 235 2099 suscepit,
282 2047 506 2101 statimque
551 2049 710 2104 prolem
752 2056 845 2106 post
880 2053 956 2096 hoc
995 2059 1036 2096 et
1076 2056 1235 2109 omnia,
1276 2071 1354 2112 que
1396 2057 1560 2113 habuit,
1601 2060 1719 2103 miles

33 2114 184 2156 amisit.
237 2116 312 2158 Ait
341 2118 378 2159 ei
410 2132 534 2161 uxor:
575 2119 666 2162 Heu
702 2122 857 2165 malum
890 2125 1107 2168 consilium
1141 2127 1235 2169 dedi
1267 2128 1364 2182 tibi,
1406 2129 1478 2172 sed
1511 2144 1635 2185 perge
1667 2132 1718 2174 ad
1745 2138 1790 2172 25

30 2182 216 2228 foramen
249 2190 452 2243 serpentis
484 2195 525 2233 et
556 2195 595 2234 te
623 2192 665 2234 in
688 2194 878 2237 omnibus
911 2196 1095 2251 humilia,
1129 2199 1162 2240 si
1195 2199 1300 2242 forte
1322 2201 1505 2253 graciam
1528 2215 1603 2257 per
1625 2216 1716 2245 eum

31 2254 236 2300 obtineas!
270 2258 460 2303 Perrexit
491 2262 609 2305 miles
643 2263 693 2305 ad
726 2278 932 2308 cameram
965 2271 1170 2324 serpentis
1203 2274 1244 2312 et
1274 2270 1389 2314 flevit
1411 2285 1550 2315 amare
1572 2278 1716 2329 petens

27 2328 230 2383 graciam,
272 2334 318 2373 ut
354 2345 429 2386 per
461 2346 551 2375 eum
593 2334 700 2377 sicut
730 2337 845 2391 prius
887 2338 1013 2381 ditari
1050 2341 1194 2395 possit.
1254 2342 1327 2384 Ait
1359 2357 1551 2398 serpens:
1594 2343 1715 2388 Modo

29 2398 161 2453 video,
194 2401 303 2455 quod
335 2402 485 2445 stultus
518 2418 574 2458 es,
608 2411 649 2448 et
680 2412 724 2449 tu
756 2409 797 2450 in
821 2409 1005 2452 stulticia
1036 2413 1311 2467 permanebis,
1346 2415 1442 2468 quia
1473 2429 1553 2457 non
1579 2420 1716 2471 potest

0 2463 1 2466 ¹
29 2481 131 2523 esse,
164 2471 261 2525 quin
293 2472 363 2515 ille
395 2474 499 2517 ictus
532 2490 706 2531 magnus
739 2480 877 2523 mallei
910 2481 962 2523 ad
983 2483 1225 2525 memoriam
1258 2485 1398 2541 sepius
1429 2486 1551 2529 michi
1577 2488 1715 2530 veniat
1739 2495 1785 2530 30

28 2542 70 2582 et
106 2547 314 2597 occurrat,
354 2547 558 2599 quomodo
595 2549 753 2603 prolem
787 2555 900 2594 tuam
933 2553 1064 2595 occidi
1097 2558 1138 2596 et
1168 2567 1309 2598 omnes
1343 2557 1514 2599 divicias
1547 2558 1711 2613 abstuli,

28 2613 69 2652 et
98 2611 158 2654 sic
186 2613 301 2656 nulla
331 2628 413 2671 pax
445 2631 543 2660 vera
574 2619 682 2662 inter
713 2635 788 2664 nos
821 2627 931 2666 stare
961 2628 1111 2680 potest.
1164 2625 1282 2669 Miles
1314 2641 1411 2670 vero
1444 2629 1712 2672 contristatus

27 2684 90 2724 est
119 2683 238 2727 valde
270 2689 311 2728 et
341 2687 420 2729 ait:
455 2688 546 2731 Tibi
576 2689 752 2734 fideliter
773 2695 985 2748 promitto,
1020 2696 1210 2739 ammodo
1233 2702 1377 2741 contra
1399 2703 1439 2741 te
1460 2699 1584 2742 nichil
1608 2701 1712 2744 velle

25 2757 278 2811 perpetrare,
311 2759 346 2800 si
377 2759 560 2813 graciam
591 2765 704 2803 tuam
736 2763 887 2807 habere
916 2779 1083 2821 possum
1118 2768 1252 2810 modo.
1301 2769 1378 2811 Cui
1409 2783 1599 2825 serpens:
1633 2771 1711 2814 Ca-

24 2823 207 2880 rissime,
244 2831 394 2872 natura
425 2832 630 2886 serpentis
663 2839 726 2876 est
757 2836 916 2878 astucia
947 2841 988 2879 et
1018 2851 1174 2880 veneno
1207 2839 1351 2894 plena3
1394 2840 1602 2884 sufficiant
1632 2843 1709 2886 tibi
1734 2852 1779 2887 35

24 2895 149 2938 verba
189 2911 300 2953 mea,
340 2901 436 2954 quia
461 2902 549 2956 jam
583 2903 707 2946 michi
740 2908 919 2950 occurrit
950 2908 1000 2950 ad
1033 2910 1274 2953 memoriam
1308 2911 1413 2954 ictus
1445 2912 1582 2955 mallei
1615 2926 1708 2956 cum

63 2983 66 2987 ·
119 2978 162 3012 10
185 2980 306 3024 agere]
334 2987 419 3027 oriy.
437 2991 575 3027 argere.
