1949 3162
1000 42 1085 84 706

209 145 326 201 [166]
376 147 530 188 Matres
577 161 756 188 annuere
795 162 879 188 non
917 146 1061 189 debent
1096 147 1272 206 filiabus
1310 149 1395 189 suis
1427 148 1662 201 juvenculis
1704 156 1880 190 tractare

295 218 510 259 luxuriosa
545 216 638 258 123.

207 288 461 329 Maoeimiani
489 302 659 344 reynum
691 287 760 329 67.

207 358 492 399 Maximianus
522 373 595 399 rea:
626 359 738 400 dedit
758 359 919 411 justum
940 358 1152 411 judicium
1183 359 1232 400 cle
1263 358 1422 400 duobus
1453 359 1653 400 militibus
1686 358 1782 400 128.

208 429 444 470 Maxentius
476 437 679 484 tyrannus
711 429 922 470 Romanos
954 430 1176 470 hereditate
1200 431 1375 485 privare
1404 430 1536 471 voluit
1565 428 1634 470 95.

206 499 352 540 Medro
383 514 456 540 rea:
475 500 616 553 filiuni
646 502 813 541 unicum
852 499 995 541 liabuit
1033 514 1151 555 quem
1187 508 1332 555 postea
1366 501 1412 541 in
1442 500 1610 542 exilium
1639 501 1753 542 misit
1783 501 1883 556 quia

291 578 453 625 patrem
482 585 601 611 suum
631 572 786 626 sprevit
819 569 914 610 138.

207 641 364 682 Medici
393 642 473 682 duo
506 643 782 696 expertissimi
813 642 887 695 qui
915 640 1158 681 altrinsecus
1190 640 1327 682 oculos
1349 655 1444 682 suos
1475 641 1701 696 effoderunt
1731 649 1768 683 et
1796 642 1884 683 sine

295 711 444 753 lesione
475 712 531 752 ad
560 713 694 753 visum
722 713 947 767 pristinum
978 719 1015 752 et
1047 711 1205 752 clarum
1234 719 1571 754 restauraverunt
1601 711 1668 753 76.

207 781 363 823 Medici
392 789 471 823 tres
503 790 698 837 quartum
728 798 753 823 a
776 784 938 823 civitate
959 796 1098 823 eorum
1130 782 1337 837 expellunt
1367 790 1404 824 et
1431 783 1686 840 interficiunt
1707 789 1884 838 propter

294 867 370 893 sua
401 853 637 894 eoecellentia
670 852 766 893 132.

209 923 364 964 Medici
391 924 661 978 reproborum
693 925 767 978 qui
795 925 887 964 sint.
937 923 1107 964 Ibidem.

208 993 416 1034 Mercator
438 996 609 1049 quidam
630 1002 710 1035 tres
732 996 957 1049 sapientias
980 995 1230 1036 Domiciano
1250 995 1498 1049 imperatori
1516 994 1713 1046 vendidit,
1737 1008 1882 1049 quam-

296 1063 390 1105 libet
417 1079 496 1119 pro
526 1065 638 1106 mille
657 1066 847 1119 florenis,
883 1079 959 1120 que
989 1066 1118 1106 vitam
1148 1065 1234 1119 ejus
1265 1065 1425 1120 sinqule
1455 1064 1673 1106 salvabant
1706 1064 1800 1106 103.

208 1135 330 1176 Miles
363 1136 533 1189 quidam
563 1144 643 1177 tres
666 1137 784 1195 filios
822 1136 985 1188 liabuit,
1027 1144 1063 1177 et
1100 1151 1191 1177 cum
1229 1137 1338 1178 mori
1367 1135 1590 1189 debuisset,
1630 1136 1713 1178 tria
1749 1136 1885 1191 leqata

295 1207 351 1247 eis
383 1206 553 1248 donavit
583 1206 650 1248 89.

208 1276 330 1318 Miles
360 1291 530 1318 uxorem
559 1285 789 1333 suspectam
820 1277 967 1318 habuit
995 1277 1065 1318 40.

209 1347 332 1388 Miles
371 1347 457 1388 loco
491 1349 709 1403 pereqrini
735 1349 1015 1407 interficiendi
1041 1349 1216 1389 vitulum
1246 1350 1441 1390 mactavit
1476 1356 1512 1389 et
1540 1349 1587 1389 in
1616 1361 1733 1389 sacco
1763 1362 1884 1404 repo-

296 1419 372 1459 sito
423 1419 548 1459 uxori
591 1420 765 1460 ostendit
811 1420 948 1460 dicens
987 1434 1070 1460 esse
1108 1419 1278 1461 militem
1324 1420 1381 1460 ad
1418 1433 1507 1460 eam
1540 1417 1808 1475 probandam
1847 1419 1887 1460 si

297 1496 427 1530 tacere
456 1489 586 1541 vellet,
620 1491 732 1544 quod
759 1505 845 1531 non
871 1491 1010 1546 potuit
1042 1489 1138 1530 124.

212 1559 333 1600 Miles
365 1559 526 1601 oculum
556 1575 683 1600 unum
714 1561 848 1602 doluit
884 1569 921 1602 et
956 1560 1104 1601 mulier
1139 1560 1224 1614 ejus
1255 1560 1489 1602 adulterata
1520 1560 1694 1602 alterum
1725 1559 1886 1602 oculum

298 1629 380 1670 sibi
409 1632 531 1684 quasi
549 1631 790 1673 medicando
821 1646 872 1673 ne
903 1648 929 1673 a
951 1632 1031 1673 leso
1065 1632 1254 1673 leseretur
1285 1630 1502 1684 obstruxit,
1535 1639 1572 1673 et
1601 1633 1660 1672 sic
1681 1632 1886 1672 amasium

299 1715 417 1741 suum
449 1715 652 1742 cameram
682 1704 793 1743 eaire
824 1703 1043 1758 disposuit,
1075 1717 1126 1743 ne
1156 1703 1350 1743 meretrix
1377 1704 1559 1757 pessima
1589 1702 1787 1744 adulterii
1814 1716 1887 1743 rea

300 1787 327 1811 a
355 1772 444 1812 viro
477 1773 806 1814 consideraretur
839 1773 933 1814 122.

213 1841 336 1882 Miles
373 1851 596 1897 serpentem
641 1860 666 1884 a
706 1852 835 1886 morte
872 1843 1050 1886 liberans
1082 1858 1166 1899 pro
1198 1845 1342 1900 precio
1381 1856 1533 1884 veneno
1570 1842 1621 1884 ab
1660 1844 1752 1899 ipso
1788 1856 1885 1899 per-

284 1913 488 1967 funditm
522 1913 617 1955 174.

215 1984 462 2025 Ministeriis
493 1999 562 2026 sex
594 1984 750 2041 obliyat
778 2000 819 2026 se
850 1985 979 2026 bonus
1010 1983 1267 2026 Christianus
1299 1986 1452 2026 servi7e
1482 1985 1557 2026 deo
1592 1983 1656 2026 17.

216 2055 409 2096 Molestia
439 2056 590 2111 t7ipleoe
620 2057 726 2097 inte7
756 2056 843 2097 alia
871 2070 1024 2111 96ηενα
1061 2064 1124 2098 t07
1128 2064 1281 2097 7nent07
1283 2070 1353 2096 um
1390 2063 1426 2097 et
1449 2069 1658 2111 penarum
1675 2054 1801 2109 facta
1830 2061 1889 2097 est

303 2124 383 2167 Cho
384 2127 460 2167 isto
492 2126 561 2167 30.

217 2197 381 2252 Moyses
412 2198 591 2238 armavit
622 2212 662 2238 se
693 2197 854 2253 duplici
883 2205 1100 2238 armatura
1133 2198 1299 2252 quando
1332 2197 1485 2238 leonem
1515 2197 1666 2238 occidit
1696 2195 1791 2237 120.

218 2267 373 2309 Mulier
409 2268 552 2309 77iilitis
599 2282 676 2323 que
715 2276 814 2323 post
850 2269 1104 2323 evanyelizcm
1150 2268 1358 2309 ecclesiam
1395 2269 1484 2309 viro
1524 2268 1716 2308 renitenti
1751 2267 1890 2322 eyredi

303 2338 452 2391 voluit,
493 2340 695 2393 quomodo
735 2355 762 2380 a
792 2338 957 2380 diabolo
998 2354 1089 2380 cum
1119 2354 1291 2394 corpore
1327 2346 1364 2380 et
1399 2340 1541 2379 anima
1570 2339 1738 2394 rapitur
1767 2344 1805 2379 et
1833 2337 1890 2378 ad

303 2409 472 2464 inferna
501 2410 717 2451 deducitur
749 2410 844 2450 160.

220 2480 375 2521 Mulier
404 2481 560 2535 pandit
595 2488 790 2522 secretum
826 2482 911 2522 viri
947 2482 1014 2522 sui
1043 2481 1092 2522 de
1121 2480 1250 2522 vitulo
1283 2481 1436 2533 occiso,
1478 2494 1597 2535 quem
1619 2479 1919 2535 pereqrinum*

308 2565 389 2592 esse
419 2552 593 2592 credidit
626 2550 720 2591 124.

223 2621 377 2662 Mulier
413 2622 630 2662 consilium
669 2622 782 2663 dedit
816 2630 862 2663 ut
891 2636 1058 2677 serpens
1077 2621 1317 2676 familiaris
1355 2622 1605 2663 occideretur
1633 2627 1672 2661 et
1693 2627 1794 2675 post
1821 2619 1889 2661 de-

302 2699 556 2747 paupertata
588 2700 643 2733 est
674 2700 844 2733 eatreme
876 2707 953 2747 que
977 2693 1102 2747 prius
1133 2693 1245 2733 dives
1269 2706 1350 2747 per
1370 2706 1460 2733 eum
1478 2691 1605 2746 facta
1614 2689 1762 2746 fuerat
1793 2688 1888 2731 141.

224 2762 419 2803 Mulieres
438 2777 522 2803 non
542 2762 674 2803 solum
691 2763 884 2816 pandunt
903 2771 1054 2804 secreta
1075 2763 1146 2804 sed
1167 2770 1203 2804 et
1223 2763 1279 2804 ad
1294 2762 1369 2804 lioc
1384 2764 1635 2804 mentiuntur
1646 2760 1774 2816 plura
1793 2758 1888 2801 125.

224 2833 407 2873 Mundus
437 2848 519 2874 non
544 2834 747 2888 permittit
775 2833 976 2874 hominem
1005 2835 1124 2888 sequi
1154 2832 1359 2874 Christum
1387 2835 1433 2874 in
1456 2838 1707 2889 paupertate
1738 2830 1804 2871 14.

226 2899 376 2956 [1666]
411 2904 595 2944 Mundus
624 2905 729 2944 miro
760 2904 879 2944 modo
911 2904 1051 2958 dil‘iyit
1070 2904 1190 2960 filios
1220 2918 1315 2944 suos
1350 2903 1413 2944 16.
