1919 3157
850 83 935 123 473

694 206 795 246 CAP.
826 206 918 248 123.
953 209 1086 257 (115.)

122 286 257 346 Qvod
275 287 515 346 juvem-ule
551 297 655 336 smil
687 307 770 351 per
800 300 1011 352 parentes
1050 312 1076 339 a
1116 295 1362 342 luxuriosIs
1401 300 1669 345 cohercende

414 378 454 416 et
489 373 708 419 voluntati
738 378 926 435 proprie
963 392 1054 422 mm
1092 378 1390 438 relinquenda

167 465 284 508 Miles
325 468 490 521 quidam
534 475 642 515 erat.
691 472 758 525 qui
802 486 972 528 peregre
1012 474 1275 529 proficiscens
1316 479 1522 520 commisit
1563 493 1729 521 uxorem

49 550 164 578 suam
198 539 332 580 socrui
368 553 438 581 sue
471 541 713 582 servandam
750 543 774 584 i.
801 557 834 584 e.
864 545 984 586 matri
1019 547 1159 587 uxoris
1193 561 1276 590 sue.
1326 547 1438 590 Uxor
1471 554 1605 591 autem
1641 555 1733 605 post
1758 556 1779 589 5

48 607 260 650 decessum
293 611 431 651 mariti
466 612 668 665 quendam
687 614 880 667 juvenem
916 617 1090 670 amavit,
1124 618 1231 671 quod
1264 621 1386 661 matri
1410 621 1617 662 indicavit.
1658 622 1733 663 llla

48 692 143 721 vero
184 680 323 721 statim
362 682 438 723 sibi
480 682 622 725 favens
656 685 797 737 jureni
842 687 1078 738 accessivit3
1122 689 1268 743 quibus
1312 691 1572 746 epulantibus
1614 692 1731 735 miles

47 749 269 792 adveniens
310 751 487 793 hostium
530 753 723 809 pulsavit.
783 756 930 799 Statim
972 772 1075 800 uxor
1116 773 1287 814 surgens
1321 763 1521 804 amasium
1556 764 1595 805 in
1628 763 1731 806 lecto

47 820 280 874 abscondit,
329 827 369 864 et
415 829 508 879 post
550 825 623 867 hoc
662 828 812 868 ostium
855 830 1003 870 marito
1052 832 1226 886 aperuit.
1289 831 1364 883 Qui
1414 847 1503 875 cum
1545 835 1729 889 intravit,

46 893 250 948 precepit,
290 899 336 936 ut
371 894 499 937 lectus
534 904 762 951 pararetur,
796 899 929 941 lassus
962 914 1139 956 namque
1173 903 1381 957 quiescere
1426 905 1564 947 voluit.
1618 906 1731 949 Uxor
1761 914 1802 947 10

45 963 224 1017 turbata,
258 966 355 1019 quid
387 967 553 1020 faceret,
587 970 796 1021 cogitavit.
855 970 969 1020 Quod
1004 973 1148 1014 videns
1181 979 1311 1016 mater
1345 976 1420 1018 ait:
1455 976 1513 1018 Ne
1545 977 1728 1031 festines,

45 1033 149 1088 filia,
188 1035 337 1078 lectum
378 1051 548 1093 parare,
589 1039 717 1082 donec
758 1046 1034 1085 monstremus
1075 1046 1224 1087 marito
1257 1050 1327 1087 tuo
1359 1047 1580 1101 lintheum,
1622 1049 1728 1104 quod

44 1106 227 1148 fecimus.
287 1107 419 1151 Mater
452 1111 613 1164 erigens
645 1112 868 1167 lintheum,
903 1121 1101 1169 quantum
1137 1117 1290 1172 potuit,
1324 1132 1396 1173 per
1428 1133 1553 1160 unum
1588 1133 1727 1173 cornu,

45 1176 218 1219 alterum
252 1178 333 1221 filie
366 1181 416 1222 ad
450 1181 745 1226 sublevandum
781 1185 911 1237 dedit3
949 1191 988 1228 et
1020 1187 1178 1229 tamdiu
1210 1188 1410 1231 lintheum
1442 1191 1727 1244 extenderunt,

43 1247 172 1291 donec
219 1251 400 1293 amasius
448 1258 510 1294 est
557 1268 758 1308 egressus.
827 1256 880 1298 Et
928 1258 985 1298 sic
1025 1259 1199 1301 maritus
1241 1260 1406 1302 delusus
1447 1265 1507 1303 est
1546 1276 1619 1317 per
1658 1277 1727 1305 ex·
1758 1269 1799 1302 15

42 1320 285 1363 tensionem.
350 1321 436 1372 Quo
476 1324 583 1366 facto
628 1327 684 1367 ait
725 1332 857 1369 mater
897 1327 978 1370 filie
1019 1342 1110 1371 sue:
1156 1330 1272 1372 Nunc
1313 1333 1487 1374 extende
1526 1333 1724 1375 lintheum

43 1394 167 1446 super
198 1392 346 1434 lectum
381 1396 520 1437 mariti
553 1397 626 1449 tui,
661 1398 767 1452 quod
801 1399 991 1441 manibus
1025 1401 1106 1442 tuis
1140 1405 1179 1443 et
1209 1403 1312 1444 meis
1346 1408 1582 1446 contextum
1617 1410 1690 1448 est.

159 1464 447 1508 Mor-alicacia
512 1466 746 1522 Carissimi,
789 1470 905 1512 miles
940 1471 1015 1513 iste
1049 1476 1111 1514 est
1149 1473 1320 1527 quilibet
1352 1474 1492 1528 homo,
1533 1477 1600 1531 qui
1634 1482 1727 1532 post

42 1533 291 1589 baptismum
327 1538 462 1592 pergit
493 1542 703 1594 tamquam
740 1542 980 1596 peregrinus
1013 1543 1053 1584 in
1078 1544 1230 1586 mundo
1260 1545 1353 1599 ist0,
1387 1547 1495 1600 quia,
1530 1549 1724 1602 quamdiu

42 1605 108 1646 hic
140 1619 296 1660 sumUS,
329 1610 536 1663 peregrini
570 1624 723 1653 snmus.
773 1611 1014 1655 Psalmista:
1047 1614 1135 1668 Ego
1168 1617 1409 1671 peregrinus
1443 1632 1532 1660 sum
1556 1623 1596 1661 et
1616 1619 1724 1662 filius
1752 1627 1795 1660 20

39 1677 184 1718 matris
225 1691 326 1720 mee.
393 1679 471 1722 Sed
520 1682 561 1723 in
601 1682 673 1724 illa
712 1685 1048 1738 peregrinacione
1096 1700 1200 1728 uxor
1246 1688 1403 1731 scilicet
1449 1703 1542 1732 caro
1586 1692 1723 1747 sepius

39 1747 295 1790 adulteratur
335 1763 425 1792 cum
470 1753 583 1794 viciis
624 1759 664 1796 et
702 1756 1063 1810 concupiscenciis.
1126 1757 1246 1802 Miles
1293 1760 1344 1801 ad
1383 1761 1533 1803 ostium
1572 1763 1722 1818 pulsat,

39 1820 232 1872 quociens
265 1822 524 1876 recordatur,
559 1825 656 1878 quid
689 1830 728 1867 et
760 1831 958 1881 quantum
992 1832 1135 1870 contra
1167 1829 1288 1872 deum
1327 1831 1521 1887 deliquit,
1561 1838 1601 1875 et
1632 1834 1721 1876 ideo

38 1894 200 1933 tenetur
238 1892 404 1947 pulsare
445 1894 469 1935 i.
495 1908 528 1936 e.
563 1909 699 1949 orare,
735 1897 923 1951 jejunare
964 1904 1062 1952 ete,
1101 1914 1228 1955 opera
1261 1901 1365 1944 bona
1404 1904 1558 1955 facere;
1593 1909 1633 1947 et
1664 1906 1722 1947 sic

38 1962 190 2016 poterit
221 1976 425 2006 cameram
460 1965 564 2008 bone
605 1968 687 2009 vite
727 1968 882 2011 intrare
922 1975 962 2012 et
1001 1971 1042 2012 in
1076 1972 1273 2026 predictis
1314 1974 1464 2016 divinis
1497 1976 1719 2029 quiescere.
1748 1985 1793 2018 25

39 2031 118 2075 Sed
158 2047 262 2076 uxor
300 2035 326 2077 i.
351 2049 384 2077 e.
427 2050 521 2078 caro
561 2051 657 2094 sepe
698 2039 773 2081 hoc
822 2042 1073 2096 percipienS,
1123 2043 1230 2097 quod
1278 2044 1398 2087 homo
1445 2047 1719 2102 penitenciam

37 2105 232 2160 proponit
275 2106 429 2160 facere,
477 2109 688 2163 turbatur,
737 2111 833 2165 quia
880 2126 960 2154 non
1002 2114 1178 2157 sustinet
1217 2115 1392 2158 libenter
1430 2119 1718 2173 penitenciam.

38 2173 185 2217 Statim
219 2181 352 2219 mater
383 2178 408 2219 i.
433 2192 466 2220 e.
491 2180 668 2222 mundus
700 2181 776 2224 hoc
798 2184 1030 2239 percipiens
1053 2186 1174 2239 erigit
1193 2186 1446 2230 lintheamen
1468 2189 1494 2231 i.
1519 2203 1552 2231 e.
1578 2191 1719 2233 mundi

37 2246 275 2300 vanitatem,
309 2249 351 2290 in
374 2249 520 2304 quibus
551 2255 710 2294 tantum
746 2253 866 2295 homo
899 2255 1139 2310 delectatur,
1173 2258 1279 2312 quod
1313 2257 1466 2314 [1055]
1490 2261 1718 2315 periculum

36 2318 248 2373 proprium
281 2333 360 2361 non
395 2321 587 2375 advertit,
621 2323 728 2376 quod
760 2330 822 2367 est
853 2325 1086 2369 dolendum.
1744 2337 1789 2371 30

682 2540 784 2584 CAp.
815 2544 907 2585 124.
943 2545 1075 2597 (116.)

37 2620 173 2681 Quod
187 2624 449 2672 mulieribus
468 2642 561 2672 non
581 2633 642 2673 est
659 2630 937 2683 credendum,
959 2646 1099 2692 neque
1118 2634 1322 2680 archana
1346 2637 1714 2690 committendum,

255 2711 469 2768 quoniam
497 2715 691 2770 tempore
717 2713 985 2758 iracundiae
1010 2715 1155 2760 celare
1178 2732 1274 2763 non
1290 2724 1493 2779 possunt.

150 2814 324 2865 Quidam
357 2817 475 2859 miles
515 2831 736 2871 generosus
777 2821 980 2874 quendam
1019 2836 1178 2877 regem,
1219 2839 1243 2867 a
1275 2840 1353 2880 quo
1385 2826 1572 2868 feodatus
1611 2832 1712 2881 erat,

34 2884 215 2936 graviter
246 2885 484 2941 offenderat,
518 2893 559 2931 et
590 2889 704 2931 misit
735 2890 786 2932 ad
819 2905 910 2933 eum
946 2893 1111 2946 milites,
1145 2900 1190 2938 ut
1221 2910 1295 2952 pro
1319 2911 1364 2939 eo
1397 2897 1710 2941 intercederent.
1737 2909 1782 2943 35

125 2965 147 3000 5
171 2966 248 3010 sue]
275 2973 359 3014 ori-q.
378 2979 455 3004 suo.
