1954 3137
179 187 245 229 16.

181 327 248 368 17.

182 467 248 508 18.

182 608 248 650 19.

181 749 251 791 20.

183 890 252 931 21.

183 1032 252 1074 22.

185 1173 253 1215 23.

185 1314 254 1355 24.

187 1455 256 1496 25.

249 1557 258 1566 .
307 1523 451 1565 Gallus
483 1522 675 1575 regnavit
706 1521 888 1576 prudens
921 1520 1041 1563 valde
1074 1519 1144 1574 qui
1177 1518 1384 1573 quoddam
1415 1516 1636 1572 palacium.
1685 1513 1885 1567 (Keuseh-

190 1665 259 1707 27.

191 1806 259 1848 28.

192 1947 260 1988 29.

193 2017 261 2059 30.

194 2157 262 2199 31.

196 2297 264 2339 32.

197 2438 265 2480 33.

198 2578 266 2619 34.

200 2716 268 2759 35.

200 2858 270 2898 36.

996 76 1053 117 30

293 185 382 227 Rex
421 183 589 238 quidam
629 182 679 224 de
718 195 801 224 una
840 181 1008 223 civitate
1050 179 1102 222 ad
1141 179 1265 221 aliam
1298 177 1523 220 transitum
1554 176 1664 218 feeit.
1720 174 1872 225 (Kreuz

295 256 372 297 mit
402 253 680 304 insehriften.)
729 252 801 294 lat.
827 252 895 294 65.

297 325 527 381 Symaehus
574 323 766 377 regnavit
812 322 881 377 qui
929 321 1035 363 miro
1082 319 1205 362 modo
1254 332 1404 361 avarus
1450 320 1550 360 erat.
1615 315 1874 367 (Schwarz.)

297 410 425 449 germ.
451 395 520 436 35.
726 385 729 387 Α

296 466 471 516 Quidam
512 478 586 506 rex
627 463 819 517 regnavit
859 463 929 517 qui
966 461 1096 504 filiam
1132 460 1455 516 pulcherrimam
1488 457 1645 500 habuit.
1700 454 1877 508 (Waffen

298 536 567 589 aufh'angen.)
613 534 684 576 lat.
710 534 779 575 66.

298 606 577 649 Maximianus
617 605 809 659 regnavit
844 602 1026 659 prudens
1059 601 1191 644 valde.
1248 599 1402 652 (Weise
1433 598 1538 652 folgt
1570 597 1664 640 dem
1695 596 1878 648 narren.)

298 677 371 719 lat.
397 678 466 718 67.
1582 705 1586 710 .

299 746 539 790 Alexander
577 746 768 799 regnavit
801 745 871 800 qui
903 744 1072 786 unicum
1104 741 1236 783 filium
1271 754 1325 782 se.
1350 739 1575 782 Celestium
1607 737 1775 780 nomine
1805 736 1879 779 ha·-

299 818 433 860 bebat.
481 816 559 859 Mit
590 816 678 858 drei
710 816 993 858 reductionen.
1044 813 1185 865 (Pserd
1216 813 1294 854 mit
1318 811 1421 853 zwei
1443 809 1643 860 sehafen.)
1686 808 1759 850 lat.
1782 808 1877 849 163.

301 888 428 930 Cesar
460 887 651 941 regnavit
680 887 724 928 in
757 887 872 941 eujus
904 885 1081 941 imperio
1115 887 1205 927 erat
1237 882 1407 939 quidam
1438 880 1570 923 miles.
1619 878 1764 927 (Krete
1795 877 1879 920 und

303 959 529 1012 sehlange.)
578 957 650 999 lat.
677 958 745 998 90.

299 1030 525 1073 Jordianus
566 1028 758 1082 regnavit
789 1027 831 1069 in
864 1027 979 1081 cujus
1010 1040 1138 1080 regno
1172 1029 1261 1068 erat
1293 1023 1462 1079 quidam
1494 1021 1628 1064 miles.
1684 1019 1878 1073 (Hahne.)

300 1102 372 1143 lat.
399 1101 467 1141 68.

300 1171 435 1213 Erant
473 1170 553 1211 duo
592 1169 745 1210 milites
786 1182 960 1222 quorum
1002 1181 1108 1209 unus
1147 1179 1321 1208 manens
1360 1164 1403 1206 in
1434 1163 1589 1218 Egipto
1629 1165 1670 1205 et
1701 1161 1806 1204 alter
1837 1161 1881 1203 in

301 1240 498 1283 Baldaeh.
550 1240 760 1295 (Egypten
792 1239 878 1280 und
909 1238 1124 1289 Baldaeh.)
1170 1237 1243 1279 lat.
1270 1237 1366 1277 171.

303 1312 580 1354 Diodesianus
618 1309 810 1363 regnavit
849 1309 920 1364 qui
957 1309 1104 1351 statuit
1136 1321 1211 1364 pro
1242 1307 1346 1360 lege.
1402 1304 1533 1357 (Sohn
1564 1303 1698 1346 tedtet
1728 1305 1883 1345 mutter

303 1382 448 1433 nieht.)
495 1382 568 1423 lat.
596 1382 691 1422 100.

304 1453 446 1496 Refert
464 1451 654 1494 Valerius
678 1450 788 1505 quod
810 1450 979 1504 quidam
1001 1450 1231 1505 imperator
1249 1446 1407 1489 statuit.
1443 1444 1690 1497 (Zaleucus.)
1721 1443 1793 1486 lat.
1813 1442 1882 1485 50.

306 1593 571 1644 heitshemd.)
618 1592 689 1634 lat.
716 1593 784 1634 69.

307 1664 370 1706 De
403 1663 582 1718 quodam
615 1666 811 1705 narratur
843 1662 913 1717 qui
946 1663 1117 1703 vocatur
1149 1658 1369 1702 Gauterus.
1420 1657 1598 1710 (Fi-eude
1623 1656 1729 1698 ohne
1751 1655 1885 1708 ende.)

307 1734 379 1777 lat.
407 1735 503 1776 101.

308 1805 413 1847 Erat
450 1804 619 1858 quidam
651 1817 726 1845 rex
759 1802 829 1857 qui
862 1802 1069 1856 quendam
1101 1813 1344 1856 pauperum.
1403 1796 1695 1851 (Freundliehe
1725 1796 1886 1846 worte.)

309 1876 380 1918 lat.
408 1876 506 1916 130.

308 1945 484 1995 Quidam
500 1958 575 1986 rex
594 1947 683 1986 erat
700 1944 770 1997 qui
787 1943 1002 1998 pulchram
1019 1941 1148 1983 filiam
1165 1941 1357 1984 habebat.
1393 1940 1510 1992 (Drei
1525 1937 1701 1992 fragen.)
1732 1937 1805 1979 lat.
1818 1937 1886 1978 70.

310 2016 485 2066 Quidam
526 2029 600 2057 rex
641 2017 730 2056 erat
767 2013 810 2054 in
842 2013 997 2066 Anglia
1036 2013 1079 2054 in
1119 2013 1235 2067 cujus
1276 2024 1403 2065 regno
1445 2013 1565 2053 erant
1605 2009 1685 2051 duo
1718 2007 1886 2050 milites.

312 2086 447 2142 (Gydo
478 2085 564 2127 und
596 2084 790 2140 Thyrus.)
837 2083 909 2125 lat.
938 2084 1033 2124 172.

312 2156 489 2206 Quidam
520 2169 596 2198 rex
627 2159 717 2197 erat
749 2154 818 2208 qui
849 2156 1012 2196 tantum
1044 2154 1213 2195 unicum
1244 2151 1376 2194 filium
1398 2150 1589 2193 habebat.
1640 2148 1687 2201 (F
1691 2147 1889 2191 reundes-

311 2226 472 2281 probe.)
519 2225 591 2267 lat.
622 2226 717 2267 129.

313 2297 491 2347 Quidam
528 2309 603 2338 rex
642 2294 792 2337 nobilis
832 2297 922 2336 erat
963 2294 1034 2348 qui
1066 2294 1109 2335 in
1141 2306 1268 2347 regno
1301 2305 1375 2334 suo
1408 2291 1511 2334 duos
1543 2289 1697 2332 milites
1729 2287 1888 2330 habuit.

314 2367 419 2418 (Aus
450 2366 547 2409 neid
580 2365 821 2418 auss‘atzig.)
867 2364 940 2406 lat.
967 2364 1062 2405 151.

313 2437 593 2480 Maximianus
625 2435 817 2489 regnavit
846 2435 890 2476 in
921 2435 1037 2489 eujus
1068 2447 1196 2488 regno
1230 2435 1349 2476 erant
1375 2431 1456 2473 duo
1478 2430 1645 2472 milites.
1695 2428 1892 2481 (Todten-

315 2507 473 2561 siegel.)
521 2506 593 2548 lat.
620 2507 717 2548 128.

317 2577 426 2619 Olim
467 2580 558 2619 erat
593 2575 763 2630 quidam
803 2588 878 2617 rex
916 2575 987 2629 qui
1025 2575 1069 2616 in
1107 2587 1236 2627 regno
1273 2586 1346 2615 suo
1377 2571 1558 2628 habebat
1589 2570 1691 2612 duos
1723 2568 1919 2611 milites(

318 2646 586 2700 (Nachtigal.)
633 2645 705 2687 lat.
734 2646 830 2686 121.

316 2716 489 2770 Legitur
516 2717 560 2758 in
588 2715 748 2757 naturis
769 2728 909 2757 rerum
932 2714 1040 2769 quod
1061 2728 1136 2757 rex
1161 2712 1425 2756 Allexander.
1469 2710 1609 2763 (Fisoh
1629 2709 1892 2761 umkehren.)

318 2800 447 2840 germ.
472 2787 540 2828 62.

316 2857 406 2898 Rex
439 2856 607 2910 quidam
640 2858 730 2897 erat
761 2855 829 2909 qui
861 2868 1058 2908 magnum
1090 2853 1325 2896 convivium
1357 2852 1524 2895 fecerat.
1579 2850 1776 2903 (Lahmer
1807 2849 1893 2891 und

318 2925 512 2978 blinder.)
558 2925 629 2967 lat.
654 2926 723 2966 71.
