1919 3157
883 87 968 128 323

81 184 195 227 dedit
225 186 325 231 sibi.
359 188 428 229 sed
463 189 519 229 sic
553 190 780 241 ordinavit,
821 192 927 245 quod
964 194 1208 236 vestimenta
1240 210 1313 238 sua
1346 197 1511 260 diversi.
1530 201 1691 251 generis
1724 207 1764 242 et

79 255 227 297 coloris
260 257 424 310 faceret,
460 259 720 301 medietatem
757 262 805 303 de
839 262 907 303 vili
944 278 1078 317 panno
1111 269 1150 306 et
1182 265 1306 308 alium
1331 268 1379 309 de
1404 269 1587 323 precioso
1612 285 1761 325 panno,

80 330 124 367 ut
154 327 317 380 quando
351 329 470 370 vilem
507 332 740 386 respiceret,
775 346 796 373 a
830 334 1023 388 superbia
1057 340 1096 376 et
1129 337 1237 377 omni
1273 338 1376 379 vicio
1411 354 1667 396 ‹piocumque
1700 356 1762 384 re-

78 396 323 451 traheretur,
357 401 519 453 quando
554 415 647 442 vero
681 403 857 444 nobilem
893 418 1088 458 pannum,
1123 419 1173 448 ne
1206 408 1372 449 omnino
1397 409 1653 465 dejiceretur,
1688 427 1762 456 nec

76 467 200 509 nimis
233 468 429 512 humilem
464 486 506 512 se
540 472 765 515 exhiberet.
1787 491 1808 523 5

195 537 493 596 [Applicat-io]
549 544 777 591 Carissimi,
811 546 869 587 sic
901 546 1174 601 spiritualiter
1207 561 1300 589 caro
1334 555 1475 592 nostra
1499 566 1572 606 per
1594 554 1758 596 modum

76 610 216 651 uxoris
249 612 432 653 carnalia
471 613 644 666 diligens
686 616 771 657 vult
810 630 883 657 nos
922 618 1122 670 retinere,
1164 633 1213 660 ne
1256 634 1474 674 pergamus
1515 624 1563 665 ad
1607 629 1760 667 terram

75 681 375 735 promissionis,
409 685 601 737 quociens
636 691 846 740 peccatum
884 688 1054 730 mortale
1087 690 1395 733 committimus.
1445 692 1550 743 Quid
1582 709 1676 749 ergo
1700 701 1762 738 est

74 750 191 793 nobis
223 752 481 796 faciendum?
534 755 653 797 Certe
686 757 881 800 debemus
922 759 1019 801 dare
1052 761 1165 801 carni
1200 761 1397 804 annulum
1432 764 1672 820 oblivionis,
1717 774 1760 809 ut

74 821 337 865 abstrahatur
369 839 392 866 a
424 825 784 880 delectacionibus,
818 843 895 883 que
918 835 1014 871 sunt
1035 832 1257 873 secundum
1283 846 1464 887 sensum,
1499 841 1542 877 ut
1574 838 1633 879 sic
1656 838 1759 880 obli-
1789 846 1830 878 10

73 892 283 936 viscantur
314 895 612 939 delectaciones
645 900 850 953 carnales,
892 901 962 942 sed
1003 902 1196 943 annulum
1239 906 1435 947 memorie
1469 907 1589 949 debet
1621 910 1759 952 anima

71 963 150 1006 sibi
182 966 373 1019 retinere,
408 973 452 1009 ut
483 969 674 1011 videlicet
707 971 746 1012 in
782 973 980 1014 memoria
1005 973 1161 1026 jugiter
1195 974 1344 1017 habeat
1378 991 1503 1030 penas
1536 979 1758 1023 infernales

71 1040 112 1077 et
149 1037 418 1080 novissimum
461 1040 542 1081 vite
581 1054 672 1094 sue,
723 1047 766 1083 ut
811 1043 869 1083 sio
911 1049 1123 1098 peccatum
1163 1059 1257 1087 caro
1298 1047 1576 1091 obliviscatur.
1641 1050 1758 1093 Unde

70 1107 269 1162 scriptum
305 1115 386 1151 est:
431 1110 659 1154 Memorare
692 1114 917 1155 novissima
949 1120 1038 1168 tua,
1073 1121 1113 1158 et
1144 1118 1184 1158 in
1218 1122 1403 1160 eternum
1438 1133 1519 1161 non
1554 1123 1755 1176 peccabis,

69 1177 322 1222 Eecles.v11.
364 1181 564 1224 Tunicam
598 1183 647 1225 de
680 1184 749 1225 vili
783 1198 919 1239 panno
952 1186 1147 1229 debemus
1182 1188 1345 1242 habere,
1380 1191 1477 1244 quia
1509 1205 1650 1234 sumus
1682 1193 1755 1235 filii
1787 1201 1827 1234 15

70 1250 233 1303 rustici,
271 1251 346 1293 hoc
379 1257 439 1294 est
472 1258 595 1295 terre.
643 1254 734 1296 Job.
760 1269 839 1297 v11:
881 1255 1093 1299 Putredini
1133 1259 1240 1301 dixi:
1282 1260 1403 1302 Pater
1442 1276 1557 1304 meus
1597 1277 1638 1305 es
1678 1269 1754 1306 etc.

71 1319 187 1363 Unde
227 1322 260 1362 si
293 1322 410 1364 nobis
444 1330 658 1378 queratur:
699 1326 804 1376 Quid
839 1333 900 1369 est
932 1327 1079 1370 homo?
1120 1335 1230 1372 certe
1262 1331 1459 1386 dicemus,
1495 1334 1601 1387 quod
1634 1335 1755 1377 homo

70 1396 322 1448 estpauper
353 1399 424 1436 aut
455 1396 623 1449 debilis,
664 1397 814 1439 stultus
848 1404 918 1441 aut
957 1401 1148 1442 rusticus.
1204 1400 1245 1443 Si
1288 1416 1465 1458 pauper,
1505 1405 1663 1459 indiget
1695 1407 1755 1448 di—

70 1463 207 1515 viciis:
254 1465 288 1506 si
329 1465 495 1520 debilis,
543 1468 700 1521 indiget
739 1471 947 1524 potencia3
988 1472 1021 1512 si
1063 1473 1263 1525 rusticus,
1312 1474 1472 1528 indiget
1511 1477 1751 1530 nobilitate;

69 1533 102 1574 si
134 1534 305 1588 stultus,
339 1538 559 1591 sapiencia.
614 1539 728 1588 Quod
769 1554 927 1596 pauper
966 1543 1043 1595 sis,
1086 1544 1227 1597 probo.
1282 1544 1416 1586 Niehil
1458 1546 1583 1589 habes
1615 1549 1665 1590 de
1698 1554 1751 1603 te,
1781 1557 1825 1590 20

67 1604 147 1646 nisi
180 1611 405 1660 peccatum.
462 1608 504 1650 Si
537 1611 645 1651 enim
686 1611 833 1652 reddas
873 1613 937 1654 ovi
977 1613 1135 1667 lanam,
1182 1614 1273 1656 bovi
1314 1615 1603 1672 calciamenta,
1643 1624 1752 1663 terre

67 1681 243 1730 segetes,
283 1679 408 1721 nichil
449 1684 584 1722 tecum
625 1685 765 1723 manet
805 1683 883 1724 nisi
923 1689 1149 1738 peccatum.
1204 1685 1391 1728 Secundo
1433 1693 1475 1730 tu
1515 1703 1558 1731 es
1590 1690 1750 1745 debilis,

67 1748 162 1801 quia
202 1749 328 1790 nichil
369 1750 464 1792 boni
504 1752 639 1806 operis
681 1757 796 1807 potes
839 1754 887 1796 de
926 1759 978 1796 te.
1034 1755 1150 1798 Unde
1190 1757 1310 1799 homo
1350 1765 1615 1815 comparatur
1644 1761 1749 1816 flori,

66 1819 134 1872 qui
174 1833 294 1863 mane
332 1824 395 1863 est
433 1822 604 1877 pulcher
644 1828 684 1866 et
715 1824 956 1879 splendens,
997 1826 1046 1868 de
1078 1841 1169 1869 sero
1202 1831 1430 1872 marcescit.
1484 1831 1585 1873 Item
1620 1833 1746 1876 fumo.

64 1887 305 1933 psalmista:
346 1891 461 1935 Sicut
503 1893 639 1935 deficit
675 1895 832 1950 fumus,
873 1897 932 1938 sic
972 1898 1164 1940 deficiant
1203 1906 1438 1954 peccatores
1478 1916 1501 1944 a
1532 1903 1636 1945 facie
1669 1905 1746 1946 dei.
1774 1912 1819 1946 25

64 1959 163 2003 Item
198 1964 383 2005 vanitati.
438 1964 678 2007 psalmista:
714 1966 846 2009 Homo
879 1969 1052 2011 vanitati
1085 1970 1233 2012 similis
1256 1972 1389 2014 factus
1417 1978 1490 2015 est.
1535 1972 1622 2029 [27]
1649 1976 1747 2018 Ter-

63 2031 123 2073 cio
155 2037 200 2074 tu
231 2047 310 2076 non
345 2048 387 2076 es
420 2037 606 2091 sapienS,
647 2038 743 2092 quia
780 2053 861 2080 non
903 2041 1114 2093 cognoscis
1155 2043 1346 2097 teipsum.
1402 2043 1612 2093 Quomodo
1651 2061 1746 2101 ergo

63 2102 143 2144 alia
174 2117 417 2158 cognoscere
451 2108 592 2162 potes?
644 2108 797 2158 Quarto
835 2114 880 2152 tu
921 2125 1000 2153 non
1042 2126 1084 2154 es
1124 2113 1172 2155 de
1212 2127 1363 2167 magna
1400 2116 1633 2170 parentela,
1675 2118 1745 2159 sed

61 2172 110 2215 de
142 2187 223 2228 qua
254 2176 404 2219 dicitur
434 2177 526 2220 Job.
551 2192 629 2220 vn:
664 2179 879 2222 Putredini
912 2181 1019 2224 dixi:
1054 2182 1177 2225 Pater
1199 2198 1314 2226 meus
1337 2198 1379 2226 es
1403 2190 1446 2227 tu
1470 2190 1544 2228 etc.
1593 2187 1744 2238 Quinto

61 2247 106 2286 tu
136 2259 215 2288 non
249 2260 291 2289 es
326 2248 507 2303 pulcher,
542 2250 639 2304 quia
671 2251 750 2293 cito
783 2253 935 2294 transis
968 2257 1009 2295 et
1040 2267 1145 2296 vana
1177 2259 1239 2296 est
1269 2256 1529 2310 pulchritudo
1563 2263 1634 2300 tua
1666 2264 1741 2301 etc.
1769 2268 1814 2302 30

60 2313 153 2358 Ideo
184 2331 268 2360 una
298 2332 395 2374 pars
427 2321 555 2375 panni
589 2325 650 2362 est
682 2336 776 2364 caro
808 2323 1022 2377 vilissima,
1057 2325 1137 2367 alia
1165 2340 1260 2381 pars
1283 2327 1553 2382 nobilissima,
1586 2330 1744 2373 scilicet

60 2387 209 2441 anima,
242 2393 283 2431 et
315 2390 350 2431 si
381 2391 462 2433 ista
494 2392 573 2433 duo
606 2394 827 2436 secundum
853 2407 993 2436 eorum
1019 2400 1208 2438 naturam
1234 2397 1483 2441 voluerimus
1507 2399 1740 2454 observare,

60 2457 109 2499 ad
140 2472 312 2513 regnum
344 2466 530 2504 eternum
564 2465 790 2518 poterimus
823 2467 1052 2521 pervenire.

149 2563 194 2598 24
219 2566 420 2610 marcescit]
447 2573 532 2613 orig).
551 2569 749 2603 marcessit.

1376 3036 1454 3071 21*
