1919 3157
863 69 942 109 1381

70 173 270 216 fortarent
307 187 353 215 eo
393 174 498 228 quod
538 174 711 216 multum
751 179 839 215 erat
877 173 1084 216 desolatus
1123 175 1219 228 quia
1257 175 1412 230 prolem
1446 189 1525 217 non
1559 175 1747 217 habebat.

71 244 218 287 Medici
251 258 345 286 vero
378 258 467 286 cum
509 251 659 287 statum
704 246 977 300 imperatricis
1010 249 1051 287 et
1082 245 1236 287 domini
1271 246 1489 298 vidissent,
1522 246 1747 288 remedium

70 323 363 371 apposuerunt,
396 316 453 357 sic
485 316 591 370 quod
625 317 866 372 imperatrix
894 315 1022 357 tilium
1048 314 1368 370 pulcherrimum
1393 318 1564 372 peperit.
1599 317 1746 359 Statim

70 386 300 442 philosophi
341 392 379 429 et
418 387 514 441 quid
556 387 604 428 de
643 401 767 442 puero
801 388 1001 429 sentirent
1034 387 1273 441 imperatori
1308 388 1547 430 indicarent.
1612 388 1748 430 Philo-

69 457 186 512 sophi
225 470 315 499 cum
359 471 526 513 puerum
563 458 770 510 viderunt,
810 458 1049 512 imperatori
1091 457 1300 500 dixerunt:
1352 458 1546 511 Domine,
1586 463 1750 514 oportet

69 528 176 582 quod
215 542 315 584 puer
353 529 440 581 ille,
482 529 514 570 si
556 529 624 570 diu
666 529 801 570 vivere
842 528 982 580 debet,
1024 527 1130 582 quod
1171 528 1245 570 sub
1285 533 1396 571 terra
1434 530 1663 583 nutriatur,
1704 535 1748 571 ut

67 598 223 641 nullum
247 599 383 642 lumen
417 613 488 655 per
511 604 665 654 septem
691 613 818 641 annos
842 599 990 652 videat,
1025 603 1064 641 et
1096 603 1192 640 tunc
1226 613 1326 654 puer
1354 600 1428 642 deo
1453 605 1492 642 et
1515 601 1747 643 hominibus

67 674 155 713 erat
185 672 406 724 graciosus.
455 671 682 726 Imperator
704 670 925 712 secundum
949 669 1166 711 concilium
1195 669 1530 725 philosophorum
1555 676 1748 725 operatus

68 745 148 795 est,
189 755 358 797 puerum
400 755 490 783 cum
532 742 687 783 nutrice
728 745 768 782 et
799 741 944 782 ceteris
978 740 1219 782 mulieribus
1252 740 1291 781 in
1326 740 1444 782 domo
1479 741 1748 784 subterranea

67 811 256 868 ponebat,
291 818 334 853 ut
365 812 519 854 nullum
554 812 690 854 lumen
724 816 861 867 preter
892 811 1030 853 lumen
1063 811 1223 853 candeli
1257 811 1394 854 videre
1428 817 1630 867 poterant.
1679 813 1747 855 Fi-

66 883 164 924 nitis
197 883 249 937 vij
289 884 405 925 annis
439 897 540 938 puer
571 884 680 925 foras
713 883 926 924 adducitur
959 882 1007 924 de
1040 882 1158 923 domo
1192 887 1232 924 et
1264 887 1352 924 erat
1383 884 1591 938 speciosus
1629 883 1746 926 valde

66 957 106 996 et
136 954 345 1007 graciosus
378 968 514 996 coram
549 955 622 996 deo
656 959 696 997 et
727 953 916 996 amabilis
949 966 1087 995 coram
1120 953 1366 995 hominibus.
1415 953 1584 1004 Quando
1609 958 1745 997 autem

65 1024 115 1067 ad
140 1028 289 1067 etatem
312 1025 537 1079 legitimam
562 1026 762 1081 pervenit,
796 1029 913 1080 pater
944 1025 1030 1078 ejus
1053 1024 1102 1065 de
1127 1038 1252 1066 uxore
1278 1039 1349 1079 pro
1373 1038 1419 1066 eo
1442 1026 1634 1080 providit,
1667 1039 1746 1080 que

65 1099 154 1138 erat
185 1095 268 1138 filia
300 1097 406 1150 regis
440 1096 638 1150 hungarie
660 1097 847 1152 speciosa
879 1096 1007 1138 valde.
1057 1095 1214 1150 Nupcie
1243 1100 1361 1137 erant
1383 1096 1621 1138 solemniter
1642 1096 1746 1138 cele-

66 1167 193 1220 brate,
227 1168 388 1222 quando
413 1181 506 1209 vero
528 1182 608 1209 nox
633 1168 794 1210 adesset
815 1167 942 1210 lectus
965 1167 1175 1222 preciosus
1197 1166 1330 1208 factus
1350 1171 1412 1208 est
1434 1171 1473 1208 et
1496 1168 1534 1208 in
1563 1167 1747 1221 quolibet

65 1251 190 1281 cornu
220 1238 335 1281 lectis
368 1239 575 1281 caniculus
608 1253 759 1294 parvus
793 1239 861 1293 qui
894 1238 943 1280 de
976 1242 1093 1280 nocte
1117 1237 1318 1291 vigilaret,
1350 1241 1445 1280 ante
1478 1237 1627 1280 lectum
1658 1243 1748 1281 erat

64 1309 224 1366 lampas
256 1310 415 1352 ardens.
464 1309 581 1352 Unde
613 1310 758 1351 statuit
787 1311 1015 1365 imperator
1047 1309 1121 1351 sub
1155 1322 1259 1364 pena
1288 1309 1432 1350 mortis
1464 1309 1571 1363 quod
1609 1309 1746 1352 nullus

66 1381 305 1423 accenderet
345 1381 577 1436 lampadem
620 1381 698 1422 nisi
741 1385 848 1423 esset
880 1381 1006 1434 virgo.
1062 1379 1191 1421 Filius
1224 1393 1319 1421 vero
1359 1380 1621 1434 imperatoris
1653 1393 1745 1422 cum

65 1465 256 1508 sponsam
292 1453 459 1494 visitare
491 1452 670 1505 deberet,
703 1452 752 1493 ad
785 1451 1020 1507 lampadem
1052 1451 1235 1506 respexit
1274 1454 1314 1492 et
1344 1450 1501 1493 nullum
1534 1451 1672 1494 lumen
1703 1451 1747 1494 in

66 1537 113 1566 ea
144 1523 260 1576 vidit,
292 1523 455 1564 vocavit
486 1536 625 1564 servos
658 1536 752 1565 suos
786 1528 825 1565 et
858 1523 932 1565 ait:
966 1522 1114 1564 Votum
1140 1535 1265 1563 voveo
1296 1522 1369 1564 deo
1404 1522 1511 1576 quod
1542 1523 1623 1564 nisi
1644 1522 1746 1564 lam-

67 1607 143 1652 pas
177 1594 444 1647 accendatur,
486 1594 633 1636 lectum
678 1607 759 1635 non
801 1594 975 1636 intrabo.
1025 1593 1228 1644 Queratur
1260 1606 1354 1635 vero
1387 1593 1502 1647 virgo
1536 1607 1613 1648 que
1644 1593 1748 1635 lam-

64 1665 212 1722 padem
246 1665 451 1707 accendat.
510 1664 625 1706 Servi
664 1665 739 1707 hoc
772 1665 983 1706 audientes
1022 1663 1240 1717 diligenter
1271 1664 1534 1718 inquirebant
1565 1664 1599 1706 si
1631 1664 1747 1718 virgo

65 1737 241 1779 inveniri
274 1740 423 1792 posset,
456 1739 497 1778 et
528 1749 608 1777 non
632 1740 693 1778 est
715 1736 829 1790 virgo
851 1736 1030 1778 inventa.
1070 1734 1295 1777 Redierunt
1320 1736 1429 1778 servi
1451 1735 1747 1777 denunciantes

66 1808 173 1863 quod
212 1807 365 1849 nullam
398 1807 599 1860 virginem
640 1807 825 1849 invenire
864 1810 1066 1862 poterant.
1122 1806 1193 1848 Ille
1233 1806 1308 1848 hoc
1341 1806 1511 1848 audiens
1550 1819 1746 1862 sponsam

66 1879 222 1922 dimisit
260 1883 300 1921 et
339 1879 375 1920 ei
416 1878 581 1920 anulum
626 1878 776 1920 amoris
816 1877 988 1919 tradidit
1026 1877 1165 1919 dicens
1206 1877 1262 1919 ei:
1316 1877 1422 1920 Ecce
1461 1890 1614 1933 sponsa
1655 1890 1748 1919 mea

66 1949 322 2003 dulcissima,
356 1949 420 1992 lex
454 1950 585 2005 patris
618 1949 697 1991 mei
731 1948 980 1990 adnichilata
1013 1953 1093 2002 est,
1128 1949 1241 2002 virgo
1272 1948 1450 1991 inveniri
1482 1961 1563 1990 non
1596 1952 1745 2003 potest,

66 2035 143 2077 que
175 2021 408 2076 lampadem
441 2021 650 2073 accendat,
684 2024 723 2062 et
754 2020 845 2062 ideo
875 2020 1054 2062 circuibo
1087 2033 1160 2075 per
1191 2033 1319 2073 regna
1351 2020 1479 2061 donec
1511 2019 1746 2061 inveniatur

65 2093 193 2146 virgo.
243 2092 288 2134 In
321 2105 468 2133 aurora
500 2092 680 2134 surrexit
711 2096 751 2134 et
783 2105 930 2147 sponse
962 2090 1167 2133 valedicit.
1216 2090 1291 2132 Illa
1323 2104 1418 2132 vero
1451 2090 1642 2132 continue
1674 2090 1745 2132 do-

64 2163 193 2206 lorem
226 2162 440 2205 emittebat
470 2177 544 2206 nec
575 2164 626 2206 ab
660 2163 795 2217 aliquo
828 2161 1031 2205 consolari
1065 2165 1236 2217 poterat.
1285 2160 1386 2203 Cum
1418 2165 1552 2203 autem
1580 2161 1745 2215 juvenis

66 2247 139 2290 per
169 2234 294 2276 trium
326 2233 484 2275 dierum
516 2235 700 2289 spacium
733 2233 995 2287 ambulasset,
1029 2233 1269 2275 occurrebat
1300 2233 1337 2275 ei
1370 2232 1534 2286 quidam
1565 2231 1628 2274 leo
1650 2245 1745 2287 por-

65 2309 158 2348 tans
196 2305 358 2360 spinam
397 2305 438 2346 in
470 2305 573 2360 pede
612 2309 652 2348 et
688 2306 805 2359 signa
837 2305 936 2347 satis
970 2308 1110 2360 aperte
1141 2304 1258 2357 fecit,
1292 2308 1336 2346 ut
1365 2304 1526 2358 spinam
1561 2303 1610 2345 de
1641 2303 1746 2358 pede

66 2389 139 2419 suo
171 2375 416 2418 extraheret.
471 2375 642 2418 Juvenis
675 2390 769 2418 vero
808 2389 899 2418 cum
940 2375 1213 2418 intellexisset
1250 2375 1433 2428 signum,
1474 2374 1636 2429 spinam
1675 2387 1746 2416 ex-

66 2448 195 2490 traxit
224 2447 275 2489 ab
307 2460 367 2489 eo.
415 2446 502 2489 Hoc
532 2447 638 2489 facto
670 2447 734 2490 leo
767 2451 929 2490 secutus
962 2451 1025 2489 est
1063 2461 1155 2489 eum
1196 2459 1325 2501 usque
1358 2445 1408 2487 ad
1441 2445 1645 2500 quoddam
1678 2457 1746 2486 ca-

67 2522 197 2561 strum
225 2519 346 2573 juxta
366 2519 577 2572 forestam,
609 2520 650 2561 in
684 2532 805 2574 quam
839 2518 900 2560 leo
923 2518 1117 2561 intrabat.
1150 2517 1237 2559 Rex
1258 2516 1369 2559 illius
1392 2516 1516 2558 castri
1538 2515 1745 2570 quandam

68 2589 246 2646 puellam
284 2589 486 2643 virginem
533 2589 575 2631 in
615 2588 742 2631 filiam
787 2589 973 2631 habebat.
1036 2588 1165 2639 Quam
1215 2602 1305 2630 cum
1347 2587 1538 2640 vidisset,
1579 2585 1745 2640 juvenis

65 2665 211 2717 captus
253 2666 315 2703 est
352 2661 394 2702 in
433 2674 614 2702 amorem
646 2660 756 2702 illius
789 2660 830 2701 in
862 2663 1021 2702 tantum
1056 2659 1162 2714 quod
1195 2672 1284 2701 eam
1318 2659 1359 2700 111
1394 2670 1561 2700 uxorem
1595 2670 1619 2698 a
1651 2669 1745 2710 rege

67 2732 204 2788 peciit.
259 2731 346 2774 Rex
378 2745 474 2773 vero
507 2744 597 2773 cum
641 2731 824 2773 audisset
864 2730 970 2785 quod
1011 2734 1100 2772 erat
1138 2729 1245 2772 filius
1285 2730 1428 2771 unicus
1468 2726 1744 2783 imperatoris,

68 2803 126 2845 ait
157 2803 213 2845 ei:
260 2802 508 2855 Karissime,
547 2802 597 2844 de
635 2802 793 2857 optima
830 2801 1025 2857 progenie
1064 2801 1286 2856 productus
1328 2813 1370 2842 es
1410 2802 1450 2841 et
1480 2797 1605 2840 filiam
1636 2797 1745 2852 regis

67 2873 266 2927 hungarie
293 2874 335 2916 in
356 2886 528 2916 uxorem
551 2873 756 2929 accepisti.
795 2871 1089 2914 Verumtamen
1121 2885 1203 2914 non
1233 2871 1330 2913 dum
1362 2869 1604 2924 cognovisti,
1637 2868 1744 2923 quod

67 2943 132 2987 lex
165 2949 228 2987 est
257 2944 397 2988 dedita
427 2945 534 3000 quod
567 2949 662 2987 ante
692 2944 841 2987 lectum
876 2948 1060 2986 nostrum
1093 2946 1157 2985 est
1187 2942 1370 2998 lampas,
1403 2954 1481 2996 que
1511 2953 1593 2982 non
1625 2938 1746 2982 debet
