1949 3162
1010 39 1095 80 442

220 151 344 194 alium
378 150 420 191 in
452 149 696 191 necessitate
728 160 807 189 non
839 144 1023 198 deficere,
1056 142 1216 198 quando
1256 142 1466 184 dixerunt:
1507 138 1769 182 Abrenuncio
1799 138 1886 180 dia-

219 223 310 265 bolo
344 225 383 263 et
415 220 577 275 pompis
610 219 708 273 ejus.
755 217 809 259 Et
840 219 933 272 post
953 216 1027 257 hoc
1050 214 1147 256 fact-i
1173 217 1268 255 sunt
1289 213 1387 255 socii
1408 212 1449 253 in
1472 210 1660 253 omnibus
1682 209 1886 265 operibus,

219 293 289 335 sed
322 305 426 333 unus
460 291 548 332 sine
571 289 697 332 altero
721 292 783 331 est
804 291 947 342 captus
980 290 1019 329 et
1040 286 1201 328 fortiter
1233 283 1527 326 advinculatuS.
1575 280 1744 331 Quando
1766 279 1887 322 homo

218 363 452 406 mortaliter
485 365 639 416 peccat,
673 360 809 402 anima
831 358 1020 411 subjugo
1053 356 1204 398 diaboli
1225 359 1375 397 manet.
1419 353 1535 396 Alter
1557 352 1703 404 socius,
1735 350 1890 393 scilicet

173 443 194 477 5
219 448 367 490 corpus
399 432 591 475 hincinde
623 432 665 473 in
688 430 844 472 deliciis
874 429 957 470 suis
990 431 1120 470 vacat.
1170 426 1248 468 Sed
1281 426 1408 467 bonus
1440 423 1700 476 christianus,
1731 421 1806 464 deo
1828 420 1889 463 di-

220 506 363 558 lectus,
397 517 489 546 cum
522 502 727 555 intelligit,
762 500 867 554 quod
902 499 1038 541 anima
1062 499 1104 540 in
1127 497 1304 553 peccatis
1320 497 1443 550 jacet,
1475 498 1516 536 et
1546 507 1619 548 per
1639 504 1890 546 consequens

222 577 263 618 in
297 588 460 618 carcere
493 572 664 626 diaboli,
697 571 820 613 habet
851 584 892 612 se
925 569 1070 611 offerre
1099 568 1187 610 1000
1220 568 1327 621 ejus,
1365 566 1440 608 hoc
1471 569 1552 618 est,
1584 564 1627 605 in
1657 563 1745 604 loco
1776 561 1891 617 peni-

223 647 355 689 tencie
396 657 659 701 permanere,
702 654 912 696 quousque
943 641 1082 682 anima
1112 639 1163 681 ad
1196 651 1363 680 uxorem
1395 637 1421 678 i.
1446 650 1478 678 e.
1513 635 1564 677 ad
1595 632 1890 676 conscienciam

223 721 369 774 pergat
400 720 440 759 et
471 729 561 758 cum
585 728 632 756 ea
663 714 854 768 disponat
886 711 934 754 de
956 711 1070 766 prole
1102 714 1141 752 et
1161 708 1318 751 familia
1338 709 1364 749 i.
1389 720 1422 749 e.
1446 707 1495 748 de
1517 705 1667 748 divinis
1688 703 1891 760 preceptis

156 798 197 831 10
227 794 267 832 et
298 788 491 845 peccatis,
524 786 620 840 quid
653 789 693 826 et
725 787 920 838 quantum
954 785 1095 824 contra
1117 780 1255 823 divina
1275 782 1469 835 precepta
1499 776 1671 831 deliquit
1691 779 1731 818 et
1751 787 1893 830 quam-

225 861 295 903 diu
327 861 367 902 in
401 857 579 914 peccatis
621 854 870 910 permansit,
913 857 952 895 et
990 866 1063 909 pro
1104 851 1284 906 quolibet
1313 852 1478 905 peccato
1510 847 1630 890 debet
1659 846 1893 889 satisfacere

225 932 313 974 deo.
364 930 442 972 Sed
476 930 541 971 dic
566 926 703 980 michi,
738 924 970 980 quomodo?
1002 923 1121 965 Certe
1152 936 1225 978 per
1257 921 1502 974 oracionem,
1530 918 1730 973 jejunium
1752 920 1793 960 et
1813 916 1894 960 ele·

224 1003 440 1045 mosinam.
495 999 664 1041 Interim
703 1009 850 1051 corpus
889 995 1009 1037 debet
1039 994 1216 1036 clamare
1247 993 1357 1034 trina
1393 991 1502 1043 1110ος
1543 990 1678 1045 prima
1714 1002 1793 1029 vox
1832 990 1895 1030 est

226 1087 368 1116 amara
407 1070 622 1122 contricio,
664 1068 843 1110 secunda
881 1067 1040 1119 integra
1079 1064 1300 1117 confessiO,
1339 1062 1466 1104 tercia
1504 1060 1626 1117 plena
1656 1058 1893 1102 satisfactio.

155 1152 199 1187 15
227 1145 375 1188 Statim
407 1143 458 1185 ad
479 1143 579 1184 istos
601 1140 799 1182 clamores
832 1138 982 1190 anima,
1017 1150 1094 1191 que
1108 1136 1196 1190 jam
1218 1134 1384 1176 domum
1407 1131 1658 1175 consciencie
1679 1128 1894 1186 disposuit,

226 1217 277 1258 ad
315 1220 354 1258 te
396 1214 530 1256 veniet
567 1213 608 1253 in
647 1211 781 1252 forma
819 1208 975 1261 debita,
1023 1211 1063 1249 et
1102 1206 1241 1260 ambo,
1288 1205 1444 1246 80111001
1481 1216 1629 1258 corpus
1666 1205 1707 1244 et
1745 1200 1895 1253 anima,

225 1286 456 1341 regnabunt
486 1284 528 1325 in
551 1287 692 1325 eterna
712 1279 990 1333 tabernacula,
1024 1278 1074 1320 ad
1102 1291 1179 1332 que
1211 1290 1284 1318 1108
1307 1276 1429 1318 ducat
1449 1274 1638 1317 dominus
1658 1275 1798 1315 noster
1819 1274 1894 1314 etc.

871 1510 973 1553 CAP.
1000 1510 1094 1552 109.
1129 1507 1261 1559 (101.)

232 1604 355 1665 Quos
393 1604 504 1648 ditat
540 1600 745 1647 diabolus
775 1614 856 1660 per
882 1597 1142 1648 avariciam,
1181 1595 1338 1654 infime
1374 1593 1535 1652 decipit
1556 1591 1618 1636 ad
1637 1588 1897 1650 yelzemzam.

159 1721 203 1755 20
346 1712 520 1762 Quidam
543 1709 658 1751 faber
681 1709 808 1761 dives,
834 1708 955 1762 juxta
985 1718 1099 1747 mare
1120 1705 1162 1745 in
1184 1702 1359 1757 quadam
1381 1701 1546 1743 civitate
1566 1711 1750 1752 manens,
1782 1696 1900 1739 valde

230 1798 377 1827 avarus
410 1787 450 1825 et
478 1781 611 1823 malus
643 1783 732 1822 erat
763 1783 803 1821 et
838 1777 1008 1820 multam
1042 1775 1254 1831 pecuniam
1289 1772 1452 1826 collegit
1482 1774 1523 1813 et
1553 1783 1679 1812 unum
1709 1772 1899 1811 truncum

230 1855 417 1911 implevit
449 1857 488 1895 et
518 1854 653 1908 ipsum
681 1852 803 1906 juxta
824 1850 960 1903 ignem
993 1847 1132 1903 posuit
1155 1847 1196 1887 in
1219 1847 1438 1900 conspectu
1469 1841 1666 1894 omnium,
1698 1843 1744 1882 ut
1763 1838 1900 1881 nullus

231 1926 280 1968 de
321 1939 366 1967 00
406 1925 682 1979 suspicionem
721 1922 909 1974 haberet,
950 1919 1056 1973 quod
1094 1916 1287 1973 pecunias
1319 1914 1499 1956 haberet.
1555 1911 1719 1954 Accidit
1759 1908 1898 1963 semel,

231 2011 320 2039 cum
363 2009 503 2037 omnes
542 1997 677 2037 essent
709 2005 879 2047 sompno
918 1989 1124 2046 oppressi,
1165 1987 1272 2042 quod
1309 1999 1422 2028 mare
1453 1985 1618 2026 domum
1649 1981 1820 2024 intravit
1856 1980 1899 2022 in

162 2077 206 2111 25
231 2072 406 2120 tantum,
439 2066 548 2121 quod
579 2069 747 2107 truncus
780 2076 870 2104 cum
902 2061 1077 2117 pecunia
1107 2059 1289 2111 natabat,
1322 2062 1362 2100 et
1393 2055 1554 2111 quando
1583 2067 1696 2096 mare
1717 2051 1899 2105 recessit,

232 2143 422 2180 truncum
462 2150 597 2179 secum
640 2135 828 2186 abstulit3
871 2138 911 2175 et
949 2133 1007 2174 sic
1045 2135 1213 2173 truncus
1254 2127 1423 2171 natabat
1452 2127 1495 2168 in
1525 2139 1638 2168 mare
1668 2137 1742 2179 per
1771 2121 1901 2165 multa

233 2209 424 2262 miliaria,
458 2220 667 2262 quousque
700 2207 943 2261 pervenerat
975 2203 1025 2244 ad
1047 2215 1170 2243 unam
1193 2201 1414 2252 civitatem,
1444 2199 1487 2240 in
1516 2210 1597 2252 qua
1617 2199 1706 2238 erat
1734 2193 1899 2249 quidam

234 2281 369 2333 homo,
403 2279 473 2333 qui
505 2290 719 2320 commune
751 2275 977 2331 hospicium
1011 2273 1178 2315 tenebat
1209 2271 1272 2313 vel
1302 2269 1490 2312 habebat.
1537 2267 1670 2309 Homo
1690 2265 1760 2307 ille
1780 2276 1902 2306 mane

235 2351 427 2404 surrexit,
459 2350 601 2391 videns
624 2354 811 2391 truncum
835 2350 992 2398 natare,
1026 2345 1076 2386 ad
1098 2349 1249 2385 terram
1279 2342 1409 2394 duxit,
1443 2339 1611 2382 credens
1642 2335 1768 2378 nichil
1789 2334 1902 2377 aliud

163 2430 210 2464 30
236 2436 337 2475 esse,
370 2435 492 2476 quam
525 2420 726 2474 quoddam
749 2419 906 2471 lignum
938 2416 989 2458 ab
1015 2415 1150 2470 aliquo
1181 2414 1407 2469 projectum
1440 2410 1505 2453 vel
1535 2408 1787 2451 derelictum.
1828 2405 1902 2448 Ille

234 2494 355 2535 homo
403 2495 490 2534 erat
534 2490 652 2533 valde
696 2489 878 2532 liberalis
925 2491 966 2530 et
1009 2487 1147 2539 largus
1186 2497 1283 2538 erga
1327 2495 1529 2539 pauperes
1569 2483 1610 2522 et
1649 2477 1899 2534 peregrinos.

236 2564 401 2608 Accidit
431 2576 510 2605 uno
543 2562 721 2614 dierum,
761 2560 867 2615 quod
899 2557 1105 2614 peregrini
1137 2557 1179 2598 in
1211 2556 1297 2609 ejus
1329 2554 1448 2596 domo
1480 2550 1677 2606 hospitati
1707 2551 1822 2602 sunt,
1861 2539 1903 2590 et

238 2640 326 2679 erat
356 2639 519 2689 tempus
550 2632 883 2685 frigidissimum3
915 2630 1063 2684 hospes
1095 2641 1187 2670 cum
1209 2625 1342 2669 securi
1360 2625 1517 2678 lignum
1550 2621 1710 2675 scindit,
1743 2624 1784 2662 et
1809 2623 1903 2675 post

238 2713 320 2749 tres
354 2706 418 2748 vel
450 2708 623 2760 quatuor
654 2704 757 2744 ictus
791 2702 968 2743 sonitum
1001 2699 1178 2749 audivit3
1219 2697 1364 2740 deinde
1396 2694 1584 2737 scindens
1615 2697 1656 2736 et
1686 2692 1901 2748 pecuniam

168 2783 211 2816 35
239 2778 450 2820 inveniens
483 2775 646 2829 gavisus
679 2777 761 2824 081,
803 2773 877 2814 8111)
909 2771 1095 2813 custodia
1133 2769 1290 2825 posuit,
1329 2767 1363 2809 si
1397 2764 1516 2820 [88b]
1551 2764 1700 2819 aliquis
1732 2763 1901 2816 veniret,

239 2849 353 2903 cujus
385 2850 512 2900 esset,
550 2845 720 2888 reddere
750 2843 884 2885 vellet.
939 2842 1071 2885 Faber
1101 2854 1196 2883 vero
1229 2839 1278 2881 de
1308 2837 1473 2880 civitate
1502 2837 1546 2877 in
1576 2835 1782 2878 civitatem
1813 2833 1901 2886 ivit,

329 2930 373 2963 36
398 2928 505 2972 esset]
532 2932 616 2973 oriq.
633 2927 763 2960 0880111.
