1919 3157
886 74 941 113 :30
951 75 961 113 1

87 179 184 234 quid
216 178 473 234 expendisti?
521 177 779 232 Respondeat
812 178 940 219 bonus
969 177 1236 219 christianus:
1271 176 1429 232 Corpus
1453 181 1492 219 et
1513 178 1693 219 animam
1720 178 1761 219 in

86 250 151 293 dei
181 249 367 292 servicio.
415 247 458 290 Si
493 247 662 302 quilibet
694 252 873 290 vestrum
907 249 966 290 sic
998 248 1124 290 vitam
1159 248 1384 303 impendat,
1418 248 1466 290 de
1496 262 1646 302 magno
1670 262 1761 304 pre—

84 321 167 363 mio
199 321 240 362 in
274 321 357 362 vita
388 323 529 362 eterna
560 332 727 361 securus
760 319 848 362 erit.
904 318 1135 362 Secundum
1171 323 1245 371 est,
1279 319 1385 373 quod
1420 319 1633 362 scribitur:
1669 319 1762 361 Ser-

85 392 191 434 vavi.
238 391 314 433 Dic
344 390 480 444 michi,
514 390 738 444 carissime,
774 390 869 445 quid
893 390 1092 433 servasti?
1138 389 1399 445 Respondeat
1423 390 1551 433 bonus
1575 390 1762 433 christia-

84 477 181 505 nus:
224 462 304 504 Cor
341 462 559 504 contritum
601 465 641 504 et
681 462 939 504 humiliatum
975 465 1015 504 et
1046 461 1119 504 deo
1152 461 1191 503 in
1226 461 1414 504 omnibus
1448 462 1638 517 operibus
1671 474 1762 517 pre-

86 538 275 590 paratum
308 547 381 589 pro
415 533 624 575 voluntate
657 547 730 575 sua
765 533 816 575 ad
847 533 1076 575 faciendum
1104 532 1296 587 quicquid
1320 533 1356 574 ei
1379 533 1524 588 placet.
1573 532 1760 574 Tercium

85 610 159 659 est,
191 605 299 660 quod
331 604 541 647 scribitur:
576 604 748 646 Donavi.
799 604 876 646 Dic
903 605 1040 658 michi,
1074 604 1299 657 carissime,
1333 604 1430 658 quid
1453 604 1640 646 donasti?
1686 603 1763 645 Re-

84 676 284 732 spondeat
315 676 444 719 bonus
478 676 746 718 christianus:
781 675 1054 718 Dilectionem
1089 675 1163 718 deo
1197 689 1246 717 ex
1279 680 1364 717 toto
1397 675 1517 717 corde
1543 679 1654 717 etex
1677 678 1763 717 tota

84 749 222 790 anima
253 751 293 790 et
323 761 373 790 ex
406 751 490 790 tota
523 751 658 789 mente
692 751 732 789 et
763 761 944 790 amorem
980 748 1169 803 proximo
1203 746 1425 789 secundum
1460 746 1644 788 divinum
1670 760 1762 802 pre-

84 823 261 875 ceptum.
315 819 360 861 [n
392 819 470 860 hiis
503 819 660 861 (luobus
693 819 897 861 mandatis
932 818 1083 874 pendet
1113 818 1180 860 lex
1214 822 1255 860 et
1284 817 1497 874 prophete.
1548 817 1762 871 Quartum,
1790 823 1833 857 10

84 890 191 945 quod
223 890 415 933 scribitur
447 895 527 932 est:
562 890 710 932 Habui.
766 890 842 933 Dic
874 890 1012 943 michi,
1046 890 1272 943 carissime,
1305 889 1403 944 quid
1434 889 1640 931 habuisti?
1686 888 1763 931 Re-

83 961 284 1017 spondeat
323 961 452 1004 bonus
493 961 761 1004 christianus:
802 961 922 1004 Certe
963 962 1157 1003 miseram
1197 961 1346 1015 vitam,
1387 961 1484 1015 quia
1522 960 1564 1002 in
1596 964 1762 1015 peccato

83 1036 303 1088 conceptus
337 1037 376 1076 et
407 1033 449 1075 in
482 1038 649 1088 peccato
683 1033 874 1087 originali
908 1036 1028 1075 natus
1061 1036 1102 1075 et
1132 1032 1181 1074 de
1216 1032 1286 1074 vili
1317 1032 1492 1075 materia
1520 1031 1761 1086 plasmatus.

83 1103 293 1158 Quintum,
327 1104 434 1160 quod
467 1105 673 1159 scribitur,
707 1108 788 1147 est:
822 1104 976 1147 Habeo.
1025 1103 1102 1146 Dic
1134 1103 1274 1158 michi,
1306 1104 1532 1157 carissime,
1566 1103 1663 1157 quid
1688 1106 1763 1156 est,

83 1175 191 1231 quod
211 1175 365 1218 habes?
404 1176 665 1231 Respondeat
687 1176 815 1219 bonus
839 1176 1109 1218 christianus:
1136 1175 1257 1218 Certe
1279 1175 1545 1230 baptismum,
1569 1178 1610 1217 et
1630 1174 1762 1216 factus
1790 1178 1833 1212 15

83 1260 171 1289 sum
205 1246 360 1289 Christi
398 1247 537 1301 miles,
582 1246 670 1302 [16]
715 1247 784 1290 ubi
817 1261 928 1290 eram
963 1261 1105 1290 servus
1138 1246 1290 1289 diaboli
1321 1260 1395 1302 per
1428 1247 1622 1300 virtutes,
1662 1259 1763 1300 quas

81 1318 206 1361 michi
237 1318 337 1362 deus
368 1319 481 1361 dedit
512 1319 555 1360 in
588 1318 806 1374 baptismo.
864 1318 1050 1371 Sextum,
1085 1318 1193 1373 quod
1226 1317 1432 1372 scribitur,
1465 1320 1548 1360 est:
1581 1315 1761 1359 Perdidi.

82 1389 160 1432 Dic
190 1390 335 1444 michi,
377 1390 608 1443 carissime,
650 1390 747 1445 quid
779 1394 861 1444 est,
894 1390 1002 1445 quod
1035 1390 1282 1446 perdidisti?
1323 1393 1432 1432 certe
1464 1389 1530 1431 dei
1561 1387 1763 1442 gratiam?

1787 468 1809 502 271

14 1494 17 1497 .
82 1460 344 1517 Respondeat
384 1462 512 1504 bonus
552 1461 820 1503 christianus:
864 1460 1013 1504 Omnia
1053 1461 1221 1515 delicta,
1264 1474 1341 1516 que
1378 1464 1521 1503 contra
1552 1459 1763 1502 dominum

82 1533 289 1587 commisi,
327 1546 402 1588 per
442 1533 718 1589 penitenciam
759 1533 994 1587 emendavi,
1036 1533 1132 1587 quia
1164 1531 1400 1588 penitencia
1430 1531 1604 1573 mundat
1634 1544 1708 1572 nos
1741 1544 1764 1572 a
1789 1535 1834 1571 20

82 1604 273 1660 peccatis.
322 1603 566 1660 Septimum,
591 1604 699 1659 quod
721 1604 926 1658 scribitur,
949 1607 1029 1646 est:
1062 1603 1229 1646 Punior.
1277 1603 1355 1645 Dic
1377 1603 1514 1657 michi,
1537 1602 1762 1656 carissime,

82 1688 208 1729 quare
239 1675 360 1718 dicis:
393 1675 572 1718 Punior?
619 1675 883 1731 Respondeat
914 1676 1044 1719 bonus
1077 1675 1346 1718 christianus:
1380 1674 1482 1725 Quia
1505 1687 1579 1730 pro
1603 1673 1762 1716 delictis

82 1750 123 1788 et
159 1747 337 1801 peccatis
379 1748 480 1790 meis
513 1761 675 1803 semper
708 1746 903 1801 affligitur
935 1747 1106 1804 spiritus
1139 1761 1254 1789 meus
1288 1750 1328 1789 et
1360 1759 1452 1788 caro
1485 1745 1762 1802 penitenciam

80 1817 250 1873 patitur.
309 1817 530 1873 Octavum,
572 1818 679 1873 quod
719 1819 932 1872 scribitur,
972 1823 1053 1862 est:
1096 1818 1210 1869 Quod
1251 1817 1451 1873 expendi,
1491 1817 1627 1859 habui.
1685 1816 1762 1859 Dic

81 1888 225 1943 michi,
258 1889 489 1944 carissime,
524 1890 621 1945 quid
653 1893 715 1932 est
746 1890 873 1932 illud?
919 1890 1184 1947 Respondeat
1214 1890 1343 1932 bonus
1376 1888 1643 1931 christianus:
1676 1887 1762 1930 Ex·
1788 1892 1832 1928 25

81 1960 204 2016 pendi
237 1965 399 2016 tempus
432 1975 568 2004 meum
600 1961 642 2003 in
676 1961 867 2017 operibus
900 1962 1181 2005 misericordie
1215 1975 1286 2017 per
1318 1961 1515 2015 graciam,
1549 1973 1670 2014 quam
1694 1972 1761 2001 ac-

82 2032 172 2088 cepi
203 2046 227 2074 a
258 2032 422 2075 domino
455 2046 544 2074 meo
577 2032 696 2075 Ihesu
719 2032 895 2076 Christo.
942 2033 1120 2088 Nonum,
1154 2032 1262 2088 quod
1293 2032 1499 2086 scribitur,
1533 2035 1613 2074 est:
1645 2029 1761 2081 Quod

82 2102 244 2158 donavi,
276 2103 419 2146 habeo.
473 2103 551 2146 Dic
582 2103 720 2158 michi,
753 2104 978 2158 carissime,
1014 2105 1111 2160 quid
1144 2104 1320 2158 donasti,
1354 2103 1461 2158 quod
1487 2103 1575 2157 jam
1607 2101 1761 2144 habes?

82 2173 343 2230 Respondeat
381 2175 510 2218 bonus
550 2175 820 2217 christianus:
861 2175 982 2218 Certe
1022 2175 1173 2218 donavi
1213 2178 1300 2217 toto
1340 2179 1526 2230 tempore
1558 2174 1641 2215 vite
1672 2185 1762 2215 mee

82 2246 298 2288 consilium
331 2250 371 2289 et
402 2260 615 2289 assensum
647 2250 688 2289 et
719 2250 847 2289 totam
880 2246 1134 2290 voluntatem
1167 2260 1301 2289 meam
1327 2246 1369 2287 in
1394 2244 1645 2287 voluntatem
1669 2257 1762 2299 pre-
1787 2250 1832 2286 30

81 2316 156 2359 lati
191 2317 272 2359 mei
302 2331 378 2374 pro
410 2317 475 2361 dei
508 2331 667 2372 amore,
709 2321 749 2360 et
779 2318 870 2361 ideo
898 2318 985 2373 jam
1018 2318 1060 2360 in
1092 2317 1177 2360 celo
1210 2317 1340 2360 habeo
1371 2316 1414 2358 id
1447 2320 1509 2358 est
1540 2315 1669 2358 habeo
1702 2315 1762 2357 vi-

83 2391 166 2431 tam
199 2392 396 2432 eternam.

826 2560 928 2602 CAP.
956 2561 1021 2601 17.

669 2641 742 2686 De
775 2641 1046 2702 perfectione
1081 2641 1176 2685 vite.

203 2744 376 2794 Quidam
406 2745 633 2800 imperator
665 2743 810 2786 statuit
839 2756 914 2799 pro
945 2742 1054 2797 lege,
1091 2741 1220 2797 quod,
1253 2741 1498 2796 quicumque
1531 2738 1694 2781 volebat
1725 2738 1762 2781 ei
1786 2746 1831 2782 35

84 2814 334 2869 ministrare,
366 2814 640 2858 ministerium
675 2814 725 2857 ab
757 2827 803 2857 eo
837 2814 1053 2868 obtineret,
1084 2813 1145 2855 ita
1175 2812 1283 2868 quod
1315 2815 1398 2854 tres
1430 2811 1535 2854 ictus
1568 2810 1610 2852 in
1641 2814 1761 2866 porta

85 2885 235 2940 palacii
268 2886 403 2940 daret,
443 2900 516 2942 per
549 2899 648 2941 quos
681 2888 1013 2940 cognosceretur,
1047 2884 1154 2939 quod
1187 2883 1462 2926 ministerium
1495 2881 1758 2925 desideraret.

178 2967 200 3001 3
225 2966 384 3011 securus]
412 2973 496 3013 oriy.
515 2967 660 3002 securis.
759 2967 802 3002 15
827 2965 948 3010 habes]
976 2971 1062 3012 oriy.
1080 2964 1200 3000 hebes.
