1949 3162
1007 59 1092 101 690

215 165 358 206 mortis
397 167 437 206 et
467 165 549 206 vite
579 167 714 206 vestre
754 164 983 218 quicunque
1021 177 1189 218 presens
1229 163 1280 205 ad
1312 177 1382 205 vos
1414 164 1574 206 venerit
1603 178 1724 207 mane
1759 169 1801 208 et
1831 179 1882 209 ex

213 239 329 290 parte
360 235 620 289 imperatoris
652 234 766 276 vobis
798 234 967 276 dixerit:
1010 234 1211 275 Dominus
1245 247 1359 276 meus
1390 234 1615 289 imperator
1645 235 1760 278 vobis
1790 249 1882 292 pre-

213 306 340 359 cepit,
384 308 430 346 ut
465 309 703 360 preceptum
737 305 821 358 ejus
862 305 1042 358 faciatis,
1083 305 1196 346 illum
1237 305 1447 359 accipiatis
1480 309 1520 347 et
1550 306 1591 347 in
1622 306 1756 358 ignem
1790 320 1883 362 pro-

206 375 382 429 jiciatis,
428 375 556 417 donec
595 376 732 417 omnia
772 389 865 417 ossa
911 376 996 428 ejus
1036 375 1202 417 fuerunt
1240 376 1462 417 combusta.
1527 376 1584 417 At
1617 376 1697 418 illi:
1743 376 1883 419 Parati

212 459 352 487 sumus
384 446 521 488 omnia
551 446 734 502 implere.
783 445 918 487 Rediit
949 446 1120 487 nuncius
1153 445 1204 487 ad
1226 446 1333 487 diem
1359 446 1610 488 denuncians
1643 447 1883 502 imperatori

213 516 320 571 quod
365 517 559 558 nuncium
616 517 702 571 ejus
747 517 901 558 fecerat
956 520 996 557 et
1047 516 1153 570 quod
1200 517 1285 570 ejus
1333 517 1510 571 operarii
1558 521 1750 573 precepto
1797 519 1882 572 ejus

212 587 377 629 obedire
421 587 581 629 vellent.
645 587 890 641 Fulgencius
935 600 1029 628 vero
1071 587 1112 627 in
1154 599 1302 628 aurora
1340 588 1519 629 surrexit
1557 592 1596 630 et
1635 588 1686 629 ad
1723 589 1802 630 iter
1840 601 1884 631 se

211 658 374 713 paravit
413 662 452 699 et
490 657 592 699 nihil
630 658 679 700 de
711 658 875 700 malicia
912 657 1173 712 imperatoris
1214 658 1344 699 scivit.
1398 657 1506 699 Dum
1540 672 1635 700 vero
1670 672 1743 713 per
1773 659 1882 700 viam

211 729 437 771 ambulavit
481 742 622 770 versus
669 729 878 784 operarios
925 741 1047 769 unam
1088 741 1330 782 campanam
1373 728 1601 782 pulsantem
1641 729 1797 771 audivit
1832 729 1883 771 ad

210 799 391 841 missam.
460 799 686 842 Ecclesiam
733 800 905 842 intravit
953 802 993 840 et
1037 803 1131 853 post
1177 799 1713 854 elevacionemsompnum
1761 800 1883 855 cepit,

210 871 317 912 unde
355 884 428 925 per
459 884 651 924 magnum
685 871 867 925 spacium
906 869 962 911 ibi
1005 869 1215 923 dormivit,
1257 870 1446 912 sacerdos
1486 883 1561 912 nec
1601 870 1748 924 aliquis
1790 883 1883 913 eum

212 941 391 983 excitare
431 941 604 983 volebat.
661 940 916 983 Senescallus
948 940 996 982 de
1029 945 1159 982 morte
1191 941 1277 994 ejus
1310 941 1413 983 scire
1445 940 1585 982 volens
1616 942 1801 996 perrexit
1831 941 1883 984 ad

211 1012 440 1067 operarios3
488 1025 579 1053 cum
626 1016 759 1053 autem
808 1011 987 1053 venisset
1028 1010 1078 1051 ad
1118 1024 1185 1051 eos
1227 1011 1349 1052 dixit:
1398 1011 1606 1066 Numquid
1644 1016 1882 1067 preceptum

211 1082 364 1124 domini
396 1083 578 1124 fecistis?
608 1082 665 1124 At
695 1083 774 1123 illi:
807 1081 997 1123 Nondum
1030 1081 1213 1133 fecimus,
1249 1081 1318 1122 sed
1347 1082 1466 1123 modo
1489 1081 1689 1123 volumus.
1734 1081 1883 1124 Statim

209 1167 355 1195 manus
395 1154 438 1195 in
477 1167 568 1195 eum
607 1153 853 1207 injecerunt,
894 1156 935 1194 at
972 1152 1040 1193 ille
1079 1151 1292 1193 clamavit:
1326 1152 1462 1194 Nolite
1502 1153 1559 1194 sic
1597 1153 1749 1206 facere,
1789 1153 1885 1207 quia

210 1225 398 1266 dominus
445 1237 559 1266 meus
605 1224 789 1279 precepit
834 1223 883 1265 de
920 1222 1154 1275 Fulgencio.
1212 1222 1268 1263 At
1312 1222 1372 1264 illi
1411 1223 1624 1265 dixerunt:
1669 1223 1757 1266 Hoc
1802 1237 1884 1266 non

208 1295 418 1337 nunciavit
448 1295 585 1348 nobis,
618 1295 688 1337 sed
721 1295 837 1348 dixit,
871 1294 1101 1348 quicunque
1134 1293 1185 1335 ad
1219 1307 1288 1334 vos
1321 1298 1414 1348 post
1446 1294 1511 1336 die
1542 1294 1620 1336 isto
1652 1295 1810 1337 veniret
1843 1298 1883 1337 et

209 1366 380 1408 diceret:
435 1365 643 1420 Numquid
697 1369 932 1420 preceptum
995 1364 1149 1405 domini
1211 1364 1290 1406 mci
1348 1364 1551 1420 implestis
1610 1369 1708 1419 etc.,
1766 1365 1883 1407 illum

208 1450 446 1492 caperemus
494 1440 534 1479 et
572 1437 614 1478 in
652 1437 787 1490 ignem
828 1436 1092 1491 projieemus,
1141 1435 1269 1476 donec
1315 1448 1408 1477 ossa
1448 1436 1534 1489 ejus
1573 1435 1805 1490 combusta,
1845 1439 1886 1478 et

208 1508 266 1551 sic
303 1508 499 1550 fecerunt.
555 1507 645 1549 Cito
686 1511 778 1562 post
809 1507 884 1548 hoc
916 1507 1028 1547 venit
1059 1505 1303 1559 Fulgencius
1337 1506 1387 1547 ad
1420 1519 1487 1548 eos
1525 1510 1565 1548 et
1595 1506 1718 1548 dixit:
1755 1506 1883 1548 Num-

209 1579 306 1634 quid
339 1583 575 1633 preceptum
609 1578 763 1619 domini
795 1577 875 1619 mei
904 1577 1132 1632 implestis?
1164 1577 1220 1618 At
1242 1577 1321 1619 illi:
1355 1576 1504 1618 Parum
1530 1581 1624 1619 ante
1646 1581 1884 1633 preceptum

208 1650 363 1691 domini
404 1649 678 1704 implevimus.
735 1649 806 1689 Ait
836 1648 1102 1701 Fulgencius:
1143 1647 1223 1689 Pro
1255 1647 1377 1690 Cristi
1423 1661 1561 1690 amore
1593 1648 1738 1690 dicatis
1770 1648 1882 1702 mihi,

209 1720 316 1775 quod
346 1723 583 1775 preceptum
618 1723 707 1761 erat
736 1718 862 1760 illud?
893 1719 950 1760 At
967 1718 1047 1760 illi:
1083 1717 1165 1760 Sub
1198 1732 1305 1774 pena
1336 1719 1480 1760 mortis
1512 1718 1742 1773 habuimus,
1776 1719 1882 1773 quod

209 1791 438 1845 quicunque
470 1794 563 1846 post
594 1790 713 1832 hodie
745 1803 865 1831 mane
898 1789 948 1831 ad
970 1803 1043 1831 nos
1076 1790 1235 1831 veniret
1267 1794 1307 1831 et
1339 1789 1490 1831 dixerit
1522 1789 1627 1831 sicut
1657 1793 1702 1830 tu
1727 1789 1882 1843 dixisti,

207 1862 322 1904 illum
365 1863 642 1917 acciperemus
684 1865 724 1903 et
761 1862 803 1902 in
834 1861 970 1914 ignem
1010 1861 1326 1915 projiceremus,
1367 1860 1437 1902 sed
1477 1864 1571 1902 ante
1602 1863 1642 1901 te
1673 1860 1785 1902 venit
1820 1873 1883 1902 se-

208 1933 410 1975 nescallus
451 1937 489 1974 et
521 1933 558 1975 ei
589 1932 808 1974 secundum
844 1936 1080 1986 preceptum
1116 1932 1440 1973 ministravimus
1479 1935 1519 1973 et
1554 1930 1789 1973 combustus
1821 1933 1883 1972 est

208 2005 252 2046 in
283 2005 388 2058 igne.
422 2003 666 2057 Fulgencius
698 2003 773 2044 hoc
805 2003 973 2044 audiens
1005 2002 1189 2043 laudavit
1220 2002 1445 2055 dominum,
1478 2002 1547 2056 qui
1580 2015 1671 2043 eum
1704 2015 1728 2042 a
1750 2004 1882 2044 morte

210 2075 397 2128 salvavit,
431 2074 619 2116 valefecit
650 2074 849 2129 operariis
873 2077 912 2115 et
932 2073 1115 2128 perrexit
1136 2073 1187 2114 ad
1212 2073 1427 2127 palacium.
1471 2072 1698 2127 Imperator
1720 2071 1881 2126 quando

210 2160 300 2188 eum
334 2146 437 2188 vidit
468 2145 747 2187 admirabatur
786 2148 825 2187 et
856 2144 978 2185 dixit:
1018 2144 1251 2198 Numquam
1293 2146 1532 2199 preceptum
1564 2156 1699 2184 meum
1734 2142 1879 2198 imple-

209 2217 305 2259 visti
343 2217 394 2258 ad
434 2217 642 2271 operarios
683 2229 793 2257 meos
829 2215 949 2256 hodie
990 2214 1135 2256 mane?
1176 2214 1249 2255 Ait
1280 2213 1547 2268 Fulgencius:
1588 2214 1784 2268 Domine,
1823 2213 1881 2256 ibi

210 2302 335 2330 eram.
397 2287 476 2329 Sed
515 2291 730 2341 antequam
769 2286 861 2328 veni
900 2290 1135 2340 preceptum
1179 2289 1361 2326 vestrum
1402 2288 1490 2327 erat
1527 2284 1756 2340 impletum.
1811 2285 1884 2328 Ait

208 2358 450 2414 imperator:
484 2357 562 2399 Dic
593 2358 694 2399 mihi
726 2357 939 2411 quomodo.
1001 2356 1072 2398 Ait
1102 2355 1365 2408 Fulgencius:
1401 2355 1657 2398 Senescallus
1690 2359 1785 2397 ante
1817 2368 1882 2398 me

210 2430 322 2471 venit
354 2433 393 2471 et
424 2429 481 2470 eis
514 2428 636 2470 dixit:
677 2427 886 2481 Numquid
925 2431 1161 2482 preceptum
1202 2426 1356 2467 domini
1389 2426 1468 2468 mei
1508 2426 1779 2481 implevistis?
1818 2425 1883 2468 Illi

209 2500 286 2541 hoc
327 2499 536 2541 audientes
568 2499 703 2553 ipsum
737 2502 982 2553 acceperunt
1012 2502 1052 2539 et
1086 2497 1127 2538 in
1159 2497 1295 2550 ignem
1335 2496 1615 2551 projecerunt,
1656 2500 1696 2539 et
1734 2496 1768 2537 si
1808 2509 1895 2550 ego,

210 2571 324 2626 prius
356 2571 579 2623 venissem,
613 2570 671 2610 sic
710 2582 838 2611 essem
880 2569 1156 2619 ministratus3
1196 2567 1286 2608 ideo
1318 2567 1526 2621 regracior
1564 2567 1660 2620 deo,
1708 2567 1776 2621 qui
1816 2580 1882 2609 me
1948 2584 1949 2587 ยน

212 2655 235 2683 a
265 2645 396 2683 morte
432 2640 632 2682 liberavit.
688 2640 759 2680 Ait
797 2640 1043 2694 imperator:
1086 2637 1168 2679 Sub
1193 2638 1429 2691 juramento
1469 2638 1576 2692 quod
1613 2637 1715 2679 mihi
1749 2637 1884 2679 fecisti

212 2712 277 2754 dic
322 2712 423 2753 mihi
469 2711 684 2752 veritatem
731 2710 780 2752 de
827 2710 902 2752 hoc
947 2709 1055 2764 quod
1102 2722 1270 2763 queram
1317 2721 1341 2750 a
1387 2711 1438 2750 te.
1500 2708 1573 2749 Ait
1614 2707 1880 2761 Fulgencius:

210 2781 388 2824 Domine
425 2786 470 2823 ut
509 2782 628 2823 credo
666 2781 891 2823 falcitatem
930 2793 1140 2834 nunquam
1179 2779 1371 2820 invenisti
1403 2791 1584 2832 mecum,
1624 2778 1716 2820 ideo
1755 2778 1883 2820 miror

212 2852 335 2894 talem
374 2856 547 2894 mortem
587 2851 688 2893 mihi
720 2851 938 2893 ordinastis
980 2854 1020 2893 et
1058 2863 1131 2903 ego
1171 2863 1259 2891 sum
1298 2848 1405 2890 filius
1445 2849 1586 2890 fratris
1619 2848 1756 2891 vestri.
1810 2848 1883 2890 Ait

211 2922 454 2977 imperator:
493 2922 643 2964 Mirum
682 2935 763 2963 non
801 2926 863 2964 est
901 2925 941 2963 et
970 2921 1046 2963 hoc
1084 2921 1187 2962 bene
1225 2920 1351 2962 scires
1383 2932 1455 2974 per
1486 2919 1610 2973 illud,
1648 2919 1755 2974 quod
1786 2932 1812 2960 a
1841 2922 1883 2961 te
