1949 3162
994 50 1077 92 688

193 159 386 211 poterunt
417 168 589 210 puerum
623 154 785 197 Ihesum
818 155 989 208 nutrire,
1024 155 1067 196 in
1100 154 1290 197 cordibus
1324 155 1485 197 habere.
1528 155 1730 198 Jonathas
1762 170 1871 212 vero,

193 227 259 280 qui
294 225 395 267 bene
428 226 584 279 vigilat,
618 228 680 267 est
713 225 842 267 bonus
875 224 1127 279 Cristianus,
1162 226 1230 279 qui
1263 239 1426 281 semper
1457 226 1499 267 in
1531 226 1647 269 bonis
1680 228 1872 283 operibus

191 296 328 339 studet
359 297 530 350 vigilare
571 300 611 338 et
642 297 776 350 ignem
812 295 996 338 caritatis
1038 296 1280 348 accendere,
1322 300 1361 338 et
1401 297 1564 352 projicit
1597 311 1744 352 aquam
1778 312 1872 341 con-

190 367 375 408 tricionis
408 367 527 421 longe
561 380 583 408 a
615 371 743 420 tergo,
778 371 819 409 et
849 366 952 408 tales
985 381 1066 408 non
1098 371 1271 422 possunt
1303 381 1472 422 puerum
1506 367 1666 410 Ihesum
1701 369 1870 411 nutrire.

189 437 271 479 Fac
305 451 399 491 ergo
432 438 539 480 sicut
569 438 666 480 fecit
686 437 900 491 Jonathas,
934 438 1058 491 vigila
1090 442 1131 480 et
1152 452 1223 480 ora
1246 451 1296 479 ne
1317 438 1445 480 intres
1468 438 1509 479 in
1533 440 1870 494 temptacionem3

190 509 360 564 spiritus
408 509 572 563 quidem
619 514 835 564 promptus
884 513 967 562 est,
1016 522 1110 551 caro
1159 513 1293 551 autem
1342 508 1516 550 infirma.
1578 509 1689 552 Voca
1736 511 1786 552 ad
1832 515 1872 553 te

189 580 461 622 cementarios
493 581 518 621 i.
545 594 577 622 e.
613 580 810 622 discretos
844 581 1097 622 confessores
1131 580 1217 621 sive
1250 580 1429 635 prelatos
1463 580 1650 635 ecclesie,
1694 582 1761 636 qui
1794 582 1872 624 eri-

188 655 289 705 gant
320 652 361 693 in
385 651 506 693 corde
538 656 606 693 tuo
640 665 845 693 cameram
874 651 1081 707 lapideam
1116 651 1139 692 i.
1165 664 1197 692 e.
1231 650 1391 693 firmam
1424 651 1545 693 fidem
1579 656 1619 694 et
1651 666 1765 707 spem
1798 665 1871 708 pro

187 722 392 765 fenestris.
454 722 614 764 Deinde
655 736 756 764 voca
796 723 975 777 pictores
1006 723 1031 763 i.
1057 735 1090 764 e.
1125 722 1426 777 predicatores,
1471 723 1540 777 qui
1573 723 1799 778 depingant
1828 723 1870 764 in

188 794 309 836 corde
356 798 425 836 tuo
474 807 503 834 x
542 794 757 849 ymagines
804 794 830 835 i.
868 807 901 835 e.
951 794 1088 836 decem
1139 798 1333 849 precepta
1391 798 1429 836 et
1475 798 1571 835 tunc
1618 795 1706 836 sine
1750 794 1872 837 dubio

187 865 229 906 in
252 864 337 907 celo
370 865 645 907 coronaberis.
691 864 763 906 Sin
786 879 896 918 vero,
929 865 1039 907 mala
1061 869 1191 907 morte
1215 865 1530 920 dampnaberi83
1565 870 1605 908 et
1626 866 1679 908 sit
1701 866 1740 907 in
1769 865 1872 908 ostio

188 936 322 978 cordis
355 936 415 977 tui
447 936 642 978 cathedra
672 950 809 989 aurea,
844 936 919 977 hoc
951 940 1013 978 est
1035 936 1159 990 dictu,
1193 936 1299 991 quod
1333 937 1491 979 sibene
1516 950 1685 991 puerum
1710 936 1870 978 Ihesum

187 1007 404 1060 nutrieris,
438 1007 676 1049 cathedram
717 1021 881 1049 auream
925 1008 968 1048 in
1000 1007 1084 1049 celo
1125 1007 1341 1049 obtinebis.
1400 1008 1455 1049 Et
1486 1007 1641 1062 recole,
1683 1008 1719 1049 si
1750 1006 1870 1061 male,

189 1078 277 1119 sine
310 1078 431 1120 dubio
472 1079 514 1120 in
547 1078 732 1134 patibulo
765 1078 915 1119 inferni
955 1091 1178 1134 suspensus
1212 1079 1305 1120 eris.
1359 1078 1603 1121 Studeamus
1643 1092 1716 1134 per
1748 1092 1872 1134 opera

187 1149 400 1191 meritoria
432 1149 594 1192 Ihesum
636 1150 694 1192 sic
732 1149 911 1203 nutrire,
955 1150 1062 1204 quod
1100 1150 1328 1205 poterimus
1368 1150 1418 1192 ad
1459 1154 1643 1193 eternum
1677 1149 1869 1203 gaudium

187 1220 416 1276 pervenire,
451 1221 500 1262 ad
535 1221 640 1275 quod
675 1224 750 1263 etc.

865 1473 967 1528 283,
1001 1487 1103 1528 app.
1129 1474 1198 1516 87.

304 1574 574 1616 Mamertinus
608 1575 649 1616 in
683 1575 850 1617 civitate
871 1589 1044 1617 romana
1074 1575 1275 1629 regnavit,
1310 1575 1378 1629 qui
1400 1574 1528 1616 filium
1550 1574 1669 1616 fatris
1692 1574 1754 1616 sui
1777 1587 1867 1616 cum

187 1659 233 1689 eo
267 1646 433 1688 tenebat
466 1660 585 1700 quem
618 1646 792 1688 multum
827 1646 984 1701 dilexit,
1017 1647 1081 1689 cui
1113 1660 1262 1689 nomen
1295 1650 1383 1688 erat
1404 1646 1663 1700 Fulgencius,
1697 1645 1766 1699 qui
1788 1645 1871 1687 sin-

186 1716 292 1771 gulis
325 1717 467 1759 diebus
510 1718 559 1760 de
598 1721 697 1773 potu
738 1718 823 1772 ejus
863 1718 1123 1773 propinabat.
1186 1717 1289 1759 Erat
1326 1721 1422 1759 tunc
1460 1717 1657 1773 temporis
1695 1717 1737 1758 in
1778 1715 1872 1758 aula

188 1788 354 1843 quidam
387 1789 636 1831 senescallus
670 1789 802 1831 socius
841 1789 1006 1844 imperii
1045 1789 1119 1831 sub
1151 1789 1400 1844 imperatore
1442 1793 1481 1831 et
1514 1788 1736 1830 avunculus
1769 1788 1869 1842 ejus,

188 1860 256 1914 qui
290 1863 378 1901 erat
409 1860 573 1902 invidus
598 1864 740 1902 contra
763 1874 935 1915 puerum
958 1860 990 1902 F
994 1860 1225 1914 ulgencium
1255 1874 1300 1902 eo
1324 1860 1430 1915 qued
1454 1873 1626 1915 puerum
1649 1860 1872 1915 imperator

187 1930 361 1972 multum
394 1931 602 1985 diligebat.
652 1931 731 1974 Die
770 1945 816 1973 ac
855 1935 974 1974 nocte
1014 1932 1224 1985 studebat,
1265 1932 1440 1986 qualiter
1478 1931 1722 1973 discordiam
1763 1931 1871 1972 inter

186 2002 476 2057 imperatorem
519 2006 558 2044 et
597 2016 767 2057 puerum
810 2006 981 2058 poneret
1014 2006 1054 2045 et
1083 2003 1247 2045 faceret.
1298 2003 1460 2045 Accidit
1492 2002 1598 2058 quod
1631 2015 1721 2044 cum
1755 2014 1871 2043 sene-

188 2073 337 2115 scallus
372 2074 422 2115 ad
453 2073 604 2116 lectum
637 2074 697 2116 ire
726 2073 910 2127 vidisset,
944 2072 1116 2116 accessit
1146 2074 1194 2116 ad
1226 2088 1317 2116 eum
1341 2079 1381 2117 et
1403 2074 1479 2117 ait:
1518 2074 1708 2127 Domine,
1740 2072 1870 2114 habeo

188 2145 303 2187 vobis
335 2148 537 2187 secretum
580 2145 760 2200 pandere
799 2145 906 2187 inter
938 2159 1008 2187 vos
1040 2149 1080 2188 et
1112 2159 1188 2187 me.
1251 2145 1324 2187 Ait
1361 2146 1607 2200 imperator:
1655 2144 1732 2187 Dic
1769 2143 1871 2185 mihi

188 2216 295 2271 quod
327 2216 401 2258 tibi
434 2216 608 2258 videtur.
671 2216 728 2258 At
758 2216 849 2258 ille:
882 2216 1143 2271 Fulgencius,
1184 2218 1253 2271 qui
1285 2220 1348 2259 est
1379 2221 1513 2259 vester
1545 2229 1671 2271 nepos
1705 2219 1744 2258 et
1775 2228 1870 2257 con-

188 2287 435 2341 sanguineus
467 2301 583 2329 meus
616 2301 687 2329 vos
718 2287 856 2329 viliter
887 2302 961 2343 per
991 2292 1124 2330 totum
1156 2288 1377 2344 imperium
1410 2287 1650 2341 diffamavit,
1684 2300 1737 2329 sc.
1763 2285 1870 2341 quod

186 2357 302 2413 lepra
334 2359 432 2400 estis
464 2359 605 2401 infecti
638 2362 678 2401 et
710 2358 817 2413 quod
851 2363 1019 2414 propter
1040 2359 1212 2402 fetorem
1239 2359 1334 2401 inde
1357 2373 1466 2401 mors
1500 2363 1562 2401 est
1593 2359 1670 2401 sibi
1701 2358 1749 2400 de
1771 2361 1870 2414 potu

187 2429 301 2472 vobis
341 2430 590 2472 ministrare.
660 2429 889 2484 Imperator
926 2443 1017 2472 cum
1056 2430 1133 2472 hoc
1171 2431 1352 2473 audisset
1391 2431 1521 2472 iratus
1561 2430 1678 2472 valde
1719 2433 1760 2471 et
1791 2429 1868 2470 ait:

185 2500 298 2554 Rogo
331 2505 391 2555 te,
432 2501 496 2543 dic
528 2500 629 2542 mihi
662 2500 891 2555 veritatem,
926 2505 1062 2543 utrum
1094 2501 1212 2557 lepra
1242 2515 1462 2557 percussus
1495 2515 1597 2543 sum.
1647 2500 1721 2543 Cui
1754 2513 1869 2543 sene·
1904 2536 1908 2538 .

187 2571 357 2613 scallus:
410 2572 501 2613 Non
535 2585 648 2625 vere,
690 2571 876 2624 domine;
931 2573 1050 2615 crede
1088 2572 1209 2626 mihi,
1248 2586 1458 2627 nunquam
1491 2574 1662 2615 fetorem
1694 2572 1807 2627 lepre
1847 2584 1870 2613 a

187 2642 302 2684 vobis
335 2642 512 2698 percepi.
564 2641 638 2683 Ait
668 2642 914 2697 imperator:
958 2643 1169 2693 Quomodo
1202 2644 1252 2686 ad
1284 2644 1499 2686 veritatem
1533 2644 1652 2686 huius
1684 2643 1743 2685 rei
1777 2656 1869 2698 per-

187 2713 377 2755 veniam?
435 2713 508 2755 Ait
539 2713 810 2755 senescallus:
858 2714 1057 2768 Domine,
1097 2715 1162 2757 die
1202 2715 1383 2757 crastina
1414 2715 1455 2756 in
1487 2715 1661 2770 prandio
1693 2714 1757 2755 vel
1790 2713 1870 2755 alia

187 2783 309 2838 hora,
344 2784 507 2838 quando
540 2784 589 2826 de
621 2788 721 2839 potu
752 2784 867 2827 vobis
899 2785 1128 2838 ministrat,
1161 2785 1353 2840 respicite
1385 2786 1437 2827 ad
1469 2799 1561 2828 eum
1594 2789 1633 2827 et
1663 2784 1868 2837 videbitis,

189 2855 295 2908 quod
340 2855 501 2910 quando
550 2854 667 2896 offert
705 2854 819 2897 vobis
866 2860 1009 2911 potum
1047 2857 1193 2899 faciem
1234 2870 1349 2898 suam
1392 2871 1415 2898 a
1447 2856 1561 2899 vobis
1601 2859 1778 2910 avertet,
1817 2868 1869 2898 ne

188 2926 343 2968 senciet
373 2925 571 2968 anelitum
603 2925 737 2981 lepre,
771 2930 811 2968 et
841 2926 917 2969 hoc
949 2931 1011 2969 est
1041 2928 1258 2970 verissima
1288 2928 1481 2983 probacio
1512 2928 1632 2981 hujus
1663 2927 1735 2969 rei.
1796 2926 1870 2968 Ait
