1929 3157
54 1180 123 1222 38.

54 1322 122 1364 39.

52 1465 123 1506 40.

53 1536 122 1577 41.

53 1677 122 1719 42.

53 1749 123 1791 43.

54 2105 124 2147 46.

55 2246 124 2288 47.

55 2388 124 2430 48.

56 2530 125 2572 49.

58 2740 126 2782 51.

59 2881 127 2924 52.

59 2951 128 2995 53.

869 84 948 124 182)

116 219 124 227 .
173 185 438 228 Andronicus
470 187 508 228 in
539 187 706 228 civitate
731 201 901 229 romana
925 189 1125 242 regnavit.
1175 189 1513 243 (Tfflltensiegel.)
1563 191 1632 232 lat.
1658 192 1750 233 128.

116 289 125 298 .
175 255 453 299 Bononianus.
504 257 767 307 (Jovinianus
802 259 841 300 in
877 260 1095 312 margine.)
1146 259 1441 309 (jovinianus.)
1489 261 1560 303 lat.
1585 263 1653 304 55».

116 360 124 368 .
174 327 362 382 Averoys
386 328 426 368 in
450 328 617 370 civitate
640 342 811 370 romana
830 330 1031 383 regnavit.
1066 330 1289 383 (Placidus,
1315 331 1530 382 abweich.)
1563 332 1634 374 lat.
1660 334 1750 374 110.

116 431 124 439 .
175 397 349 440 Plebeus
383 399 424 440 in
457 399 624 441 civitate
657 414 829 442 romana
861 402 1064 455 regnavit,
1100 401 1169 455 qui
1193 403 1351 444 statuit.
1403 402 1517 448 (Drei
1542 402 1754 446 liebhaber

172 469 276 522 todt,
311 468 383 511 vu
416 476 522 525 sap.)

86 549 124 581 ·.
175 539 298 582 Sesar
332 540 371 581 in
405 541 572 583 civitate
606 543 796 595 regnavit
828 542 1009 597 prudens
1044 542 1175 585 valde.
1225 543 1380 596 (Humi,
1415 543 1487 585 Vll
1521 550 1626 599 sap.)

114 643 123 652 .
173 609 429 666 Lampadius
462 612 503 653 in
537 612 704 654 civitate
738 626 910 655 romana
943 614 1145 667 regnavit.
1195 613 1312 664 (Drei
1342 614 1611 668 wahrheiten,
1644 614 1752 666 frei.)

173 680 244 723 lat.
270 683 339 723 55³.

172 751 451 795 Ensonnanus
486 754 525 794 in
559 753 728 796 civitate
761 768 933 796 romana
966 755 1168 808 regnavit.
1219 755 1420 810 (Abybas,
1451 757 1508 807 5.)
1557 755 1628 797 lat.
1658 757 1722 797 17.

116 856 124 864 .
171 822 418 866 Mamertius
451 824 491 866 in
527 825 693 868 civitate
727 839 900 868 romana
932 826 1134 880 regnavit.
1184 825 1472 877 (Florentina.)
1520 826 1591 868 lat.
1617 828 1684 868 62.

114 927 122 935 .
173 893 400 937 Sardonius
434 896 476 937 in
509 896 676 939 civitate
710 910 883 939 romana
915 897 1106 951 regnavit
1137 897 1179 938 in
1213 898 1328 952 cujus
1352 897 1539 953 imperio.
1590 896 1753 949 (Gotter

171 965 365 1017 withlen.)
415 980 510 1022 app.

85 1037 122 1078 ''.
170 1035 324 1079 Poleno
373 1037 414 1079 in
461 1037 629 1080 civitate
674 1051 845 1080 romana
885 1039 1094 1092 regnavit,
1142 1039 1184 1080 in
1225 1039 1341 1093 cujus
1381 1039 1571 1095 imperio.
1638 1039 1753 1092 (Vier

172 1109 355 1159 narren.)
404 1109 475 1150 lat.
506 1110 599 1151 164.

171 1178 414 1222 Perloamus
454 1180 495 1222 in
535 1180 646 1222 civit.
671 1193 773 1222 rom.
798 1193 911 1234 regn.
936 1180 1044 1223 unde
1077 1180 1186 1222 inter
1218 1181 1359 1223 omnia
1391 1181 1510 1224 bona.
1566 1181 1751 1235 (Honig.)

171 1249 243 1292 lat.
272 1250 367 1292 168.

172 1320 446 1364 Sardinianus
479 1322 521 1363 in
554 1322 664 1364 civit.
689 1335 791 1364 rom.
815 1322 1007 1376 regnavit
1039 1322 1222 1378 prudens
1255 1322 1386 1365 valde.
1438 1322 1641 1374 (Ariadne
1669 1322 1753 1365 und

146 1441 150 1444 ³
172 1392 388 1444 Theseus.)
435 1392 506 1434 lat.
532 1394 600 1434 63.

170 1463 397 1519 Pomponis
429 1464 470 1505 in
503 1464 671 1506 civitate
703 1477 878 1506 romana
910 1465 1111 1518 regnavit.
1163 1463 1412 1520 (Spielball.)
1460 1464 1531 1506 lat.
1557 1465 1626 1506 60.

171 1534 442 1577 Domicianus
485 1535 527 1576 in
568 1535 679 1577 civit.
710 1549 814 1578 rom.
847 1536 1039 1590 regnavit
1076 1535 1259 1592 prudens
1300 1535 1431 1578 valde.
1497 1534 1754 1587 (Freundes-

170 1605 331 1662 probe.)
379 1605 451 1648 lat.
479 1607 574 1648 129.

171 1677 301 1731 Agios
333 1677 373 1719 in
408 1677 576 1719 civitate
607 1690 781 1720 romana
813 1678 1015 1732 regnavit.
1067 1677 1256 1730 (Justitia
1290 1702 1339 1706 -
1376 1677 1496 1728 Pax.)
1543 1676 1614 1718 lat.
1639 1675 1708 1717 55.

171 1748 427 1791 Theodosius
460 1749 503 1790 in
536 1748 705 1791 civitate
736 1762 838 1791 rom.
865 1763 978 1804 regn.
1003 1749 1187 1806 prudens
1218 1749 1349 1791 valde.
1400 1747 1578 1801 (Goldne
1602 1746 1752 1801 angel.)

171 1819 242 1862 lat.
268 1820 336 1861 85.

171 1890 382 1934 Polemius
404 1890 447 1932 in
470 1890 638 1933 civitate
660 1904 762 1933 rom.
782 1891 974 1945 regnavit
995 1892 1066 1947 qui
1087 1891 1279 1934 habebat.
1316 1890 1528 1942 (Strioke.)
1569 1903 1665 1946 app.
1686 1890 1752 1932 16.

115 1996 123 2005 .
172 1961 300 2005 Cesar
331 1962 373 2003 in
406 1961 518 2004 civit.
542 1975 715 2004 romana
745 1963 937 2016 regnavit
958 1963 1141 2019 prudens
1165 1962 1297 2005 valde.
1347 1960 1474 2015 (Eber
1496 1960 1603 2004 ohne
1624 1961 1754 2013 herz.)

171 2033 243 2076 lat.
269 2034 337 2074 83.
1301 2071 1305 2076 ,

172 2103 412 2146 Alexander
459 2103 500 2145 in
548 2103 660 2145 civit.
694 2117 798 2146 rom.
831 2104 1023 2158 regnavit
1064 2103 1248 2160 prudens
1288 2103 1421 2146 valde.
1487 2101 1753 2155 (Bratfiseh.)

172 2188 301 2228 germ.
327 2175 395 2216 62.

172 2245 370 2288 Polonius
422 2245 463 2286 in
516 2246 684 2289 civitate
735 2259 909 2288 romana
959 2245 1150 2299 regnavit
1197 2245 1268 2300 qui
1315 2245 1474 2287 statuit.
1544 2242 1752 2296 (Gnade.)

173 2330 302 2371 germ.
328 2317 396 2358 34.

173 2387 405 2430 Celestinus
445 2387 487 2428 in
519 2387 688 2429 civitate
721 2400 895 2429 romana
925 2386 1117 2440 regnavit
1148 2385 1332 2442 prudens
1365 2385 1497 2428 valde.
1555 2384 1754 2438 (Fleiseh-

173 2458 332 2515 pfand.)
379 2471 508 2512 germ.
534 2457 602 2499 68.

173 2528 301 2572 Cesar
333 2529 374 2571 in
408 2529 485 2571 civ.
510 2541 613 2570 rom.
640 2529 832 2582 regnavit
862 2528 1046 2584 prudens
1079 2527 1211 2570 valde.
1262 2526 1510 2579 (Zaleucus.)
1557 2526 1627 2568 lat.
1653 2526 1722 2568 50.

173 2599 413 2642 Polominus
446 2600 489 2641 in
522 2599 599 2642 civ.
623 2612 725 2641 rom.
753 2612 867 2654 regn.
900 2599 970 2654 qui
1004 2612 1175 2642 uxorem
1210 2601 1440 2653 acceperat.
1491 2596 1752 2648 (Schiessen.)

173 2670 246 2712 lat.
269 2671 339 2712 45.

174 2740 397 2783 Archilaus
436 2741 479 2783 in
518 2741 687 2783 civitate
727 2753 901 2782 romana
937 2740 1140 2794 regnavit.
1199 2739 1375 2793 (Hemd,
1418 2737 1505 2780 drei
1539 2737 1639 2790 zoll;
1683 2737 1754 2780 ab·

175 2812 337 2864 weich.)
384 2811 455 2854 lat.
481 2812 549 2853 64.

176 2881 426 2925 Saturninus
460 2883 503 2924 in
534 2882 702 2924 civitate
734 2895 908 2924 romana
934 2881 1138 2935 regnavit.
1189 2879 1306 2932 (Drei
1328 2878 1544 2930 wittwen.)
1590 2877 1661 2920 lat.
1683 2878 1752 2919 75.

175 2952 401 2996 Folliculus
434 2953 477 2995 in
509 2953 677 2996 civitate
710 2966 812 2996 rom.
836 2953 1027 3007 regnavit
1050 2952 1120 3007 qui
1142 2950 1300 2994 statuit.
1351 2949 1546 3002 (Hahne.)
1593 2948 1665 2991 lat.
1685 2949 1752 2990 68.
