<?xml version="1.0" encoding="UTF-8"?>
<!DOCTYPE html PUBLIC "-//W3C//DTD XHTML 1.0 Transitional//EN"
    "http://www.w3.org/TR/xhtml1/DTD/xhtml1-transitional.dtd">
<html xmlns="http://www.w3.org/1999/xhtml" xml:lang="en" lang="en">
 <head>
  <title>
</title>
<meta http-equiv="Content-Type" content="text/html;charset=utf-8" />
  <meta name='ocr-system' content='tesseract 3.04.00' />
  <meta name='ocr-capabilities' content='ocr_page ocr_carea ocr_par ocr_line ocrx_word'/>
</head>
<body>
  <div class='ocr_page' id='page_1' title='image "./gestaromanorum00oestuoft_0320.png"; bbox 0 0 1929 3162; ppageno 0'>
   <div class='ocr_carea' id='block_1_1' title="bbox 85 837 128 871">
    <p class='ocr_par' dir='ltr' id='par_1_1' title="bbox 85 837 128 871">
     <span class='ocr_line' id='line_1_1' title="bbox 85 837 128 871; baseline 0 0"><span class='ocrx_word' id='word_1_1' title='bbox 85 837 128 871; x_wconf 89' lang='lat'>10</span> 
     </span>
    </p>
   </div>
   <div class='ocr_carea' id='block_1_2' title="bbox 83 1909 127 1943">
    <p class='ocr_par' dir='ltr' id='par_1_2' title="bbox 83 1909 127 1943">
     <span class='ocr_line' id='line_1_2' title="bbox 83 1909 127 1943; baseline 0 0"><span class='ocrx_word' id='word_1_2' title='bbox 83 1909 127 1943; x_wconf 81' lang='lat'>25</span> 
     </span>
    </p>
   </div>
   <div class='ocr_carea' id='block_1_3' title="bbox 82 2264 128 2299">
    <p class='ocr_par' dir='ltr' id='par_1_3' title="bbox 82 2264 128 2299">
     <span class='ocr_line' id='line_1_3' title="bbox 82 2264 128 2299; baseline 0 0"><span class='ocrx_word' id='word_1_3' title='bbox 82 2264 128 2299; x_wconf 85' lang='lat'>30</span> 
     </span>
    </p>
   </div>
   <div class='ocr_carea' id='block_1_4' title="bbox 83 2619 128 2654">
    <p class='ocr_par' dir='ltr' id='par_1_4' title="bbox 83 2619 128 2654">
     <span class='ocr_line' id='line_1_4' title="bbox 83 2619 128 2654; baseline 0 0"><span class='ocrx_word' id='word_1_4' title='bbox 83 2619 128 2654; x_wconf 84' lang='lat'>35</span> 
     </span>
    </p>
   </div>
   <div class='ocr_carea' id='block_1_5' title="bbox 961 85 1045 125">
    <p class='ocr_par' dir='ltr' id='par_1_5' title="bbox 961 85 1045 125">
     <span class='ocr_line' id='line_1_5' title="bbox 961 85 1045 125; baseline 0 0"><span class='ocrx_word' id='word_1_5' title='bbox 961 85 1045 125; x_wconf 79' lang='lat'>302</span> 
     </span>
    </p>
   </div>
   <div class='ocr_carea' id='block_1_6' title="bbox 152 187 1838 1527">
    <p class='ocr_par' dir='ltr' id='par_1_6' title="bbox 152 187 1838 1527">
     <span class='ocr_line' id='line_1_6' title="bbox 157 187 1835 244; baseline 0 -14"><span class='ocrx_word' id='word_1_6' title='bbox 157 188 320 230; x_wconf 78' lang='lat' dir='ltr'>Accidit</span> <span class='ocrx_word' id='word_1_7' title='bbox 358 200 498 239; x_wconf 84' lang='lat' dir='ltr'>casuS,</span> <span class='ocrx_word' id='word_1_8' title='bbox 541 187 647 241; x_wconf 91' lang='lat' dir='ltr'>quod</span> <span class='ocrx_word' id='word_1_9' title='bbox 690 192 778 229; x_wconf 88' lang='lat' dir='ltr'>erat</span> <span class='ocrx_word' id='word_1_10' title='bbox 810 188 974 243; x_wconf 89' lang='lat' dir='ltr'>quidam</span> <span class='ocrx_word' id='word_1_11' title='bbox 1008 202 1165 244; x_wconf 81' lang='lat' dir='ltr'>pauper</span> <span class='ocrx_word' id='word_1_12' title='bbox 1195 188 1237 230; x_wconf 90' lang='lat' dir='ltr'>in</span> <span class='ocrx_word' id='word_1_13' title='bbox 1270 189 1436 230; x_wconf 89' lang='lat' dir='ltr'>civitate</span> <span class='ocrx_word' id='word_1_14' title='bbox 1467 201 1639 230; x_wconf 87' lang='lat' dir='ltr'>romana</span> <span class='ocrx_word' id='word_1_15' title='bbox 1669 189 1835 231; x_wconf 90' lang='lat' dir='ltr'>nomine</span> 
     </span>
     <span class='ocr_line' id='line_1_7' title="bbox 157 257 1836 314; baseline 0 -14"><span class='ocrx_word' id='word_1_16' title='bbox 157 257 303 300; x_wconf 86' lang='lat' dir='ltr'>Guido.</span> <span class='ocrx_word' id='word_1_17' title='bbox 353 257 431 308; x_wconf 83' lang='lat' dir='ltr'>Qui</span> <span class='ocrx_word' id='word_1_18' title='bbox 463 271 555 299; x_wconf 93' lang='lat' dir='ltr'>cum</span> <span class='ocrx_word' id='word_1_19' title='bbox 589 257 638 300; x_wconf 88' lang='lat' dir='ltr'>de</span> <span class='ocrx_word' id='word_1_20' title='bbox 670 258 759 311; x_wconf 89' lang='lat' dir='ltr'>lege</span> <span class='ocrx_word' id='word_1_21' title='bbox 792 259 988 311; x_wconf 76' lang='lat' dir='ltr'>audisset,</span> <span class='ocrx_word' id='word_1_22' title='bbox 1021 260 1130 301; x_wconf 88' lang='lat' dir='ltr'>intra</span> <span class='ocrx_word' id='word_1_23' title='bbox 1162 273 1204 300; x_wconf 87' lang='lat' dir='ltr'>se</span> <span class='ocrx_word' id='word_1_24' title='bbox 1235 259 1460 313; x_wconf 82' lang='lat' dir='ltr'>cogitabat:</span> <span class='ocrx_word' id='word_1_25' title='bbox 1495 258 1655 314; x_wconf 82' lang='lat' dir='ltr'>Pauper</span> <span class='ocrx_word' id='word_1_26' title='bbox 1683 272 1773 300; x_wconf 92' lang='lat' dir='ltr'>sum</span> <span class='ocrx_word' id='word_1_27' title='bbox 1796 262 1836 301; x_wconf 91' lang='lat' dir='ltr'>et</span> 
     </span>
     <span class='ocr_line' id='line_1_8' title="bbox 157 329 1834 384; baseline 0.001 -14"><span class='ocrx_word' id='word_1_28' title='bbox 157 329 206 371; x_wconf 91' lang='lat' dir='ltr'>de</span> <span class='ocrx_word' id='word_1_29' title='bbox 242 329 313 371; x_wconf 91' lang='lat' dir='ltr'>vili</span> <span class='ocrx_word' id='word_1_30' title='bbox 346 329 545 383; x_wconf 88' lang='lat' dir='ltr'>sanguine</span> <span class='ocrx_word' id='word_1_31' title='bbox 577 330 813 384; x_wconf 89' lang='lat' dir='ltr'>productus.</span> <span class='ocrx_word' id='word_1_32' title='bbox 869 330 1015 372; x_wconf 88' lang='lat' dir='ltr'>Melius</span> <span class='ocrx_word' id='word_1_33' title='bbox 1049 334 1111 372; x_wconf 89' lang='lat' dir='ltr'>est</span> <span class='ocrx_word' id='word_1_34' title='bbox 1141 330 1285 384; x_wconf 90' lang='lat' dir='ltr'>michi,</span> <span class='ocrx_word' id='word_1_35' title='bbox 1327 331 1564 372; x_wconf 88' lang='lat' dir='ltr'>ministrare</span> <span class='ocrx_word' id='word_1_36' title='bbox 1595 333 1635 372; x_wconf 90' lang='lat' dir='ltr'>et</span> <span class='ocrx_word' id='word_1_37' title='bbox 1665 330 1834 372; x_wconf 90' lang='lat' dir='ltr'>divicias</span> 
     </span>
     <span class='ocr_line' id='line_1_9' title="bbox 157 400 1834 456; baseline 0.001 -15"><span class='ocrx_word' id='word_1_38' title='bbox 157 401 380 454; x_wconf 84' lang='lat' dir='ltr'>acquirere,</span> <span class='ocrx_word' id='word_1_39' title='bbox 415 413 535 454; x_wconf 91' lang='lat' dir='ltr'>quam</span> <span class='ocrx_word' id='word_1_40' title='bbox 569 401 627 442; x_wconf 90' lang='lat' dir='ltr'>sic</span> <span class='ocrx_word' id='word_1_41' title='bbox 659 415 822 456; x_wconf 88' lang='lat' dir='ltr'>semper</span> <span class='ocrx_word' id='word_1_42' title='bbox 855 402 991 443; x_wconf 86' lang='lat' dir='ltr'>vivere</span> <span class='ocrx_word' id='word_1_43' title='bbox 1024 401 1066 442; x_wconf 90' lang='lat' dir='ltr'>in</span> <span class='ocrx_word' id='word_1_44' title='bbox 1092 404 1286 455; x_wconf 87' lang='lat' dir='ltr'>egestate.</span> <span class='ocrx_word' id='word_1_45' title='bbox 1334 401 1522 443; x_wconf 83' lang='lat' dir='ltr'>Accessit</span> <span class='ocrx_word' id='word_1_46' title='bbox 1543 400 1594 442; x_wconf 87' lang='lat' dir='ltr'>ad</span> <span class='ocrx_word' id='word_1_47' title='bbox 1616 400 1834 456; x_wconf 78' lang='lat' dir='ltr'>palacium,</span> 
     </span>
     <span class='ocr_line' id='line_1_10' title="bbox 157 472 1836 527; baseline 0.001 -15"><span class='ocrx_word' id='word_1_48' title='bbox 157 475 238 513; x_wconf 90' lang='lat' dir='ltr'>tres</span> <span class='ocrx_word' id='word_1_49' title='bbox 270 472 376 513; x_wconf 87' lang='lat' dir='ltr'>ictus</span> <span class='ocrx_word' id='word_1_50' title='bbox 410 472 633 514; x_wconf 91' lang='lat' dir='ltr'>secundum</span> <span class='ocrx_word' id='word_1_51' title='bbox 664 472 797 526; x_wconf 85' lang='lat' dir='ltr'>legem</span> <span class='ocrx_word' id='word_1_52' title='bbox 828 473 870 514; x_wconf 92' lang='lat' dir='ltr'>in</span> <span class='ocrx_word' id='word_1_53' title='bbox 903 476 1024 527; x_wconf 85' lang='lat' dir='ltr'>porta</span> <span class='ocrx_word' id='word_1_54' title='bbox 1045 472 1169 525; x_wconf 81' lang='lat' dir='ltr'>dedit,</span> <span class='ocrx_word' id='word_1_55' title='bbox 1196 473 1353 525; x_wconf 89' lang='lat' dir='ltr'>janitor</span> <span class='ocrx_word' id='word_1_56' title='bbox 1375 472 1514 514; x_wconf 88' lang='lat' dir='ltr'>statim</span> <span class='ocrx_word' id='word_1_57' title='bbox 1538 472 1716 514; x_wconf 88' lang='lat' dir='ltr'>hostium</span> <span class='ocrx_word' id='word_1_58' title='bbox 1741 485 1836 526; x_wconf 90' lang='lat' dir='ltr'>ape-</span> 
     </span>
     <span class='ocr_line' id='line_1_11' title="bbox 155 542 1833 599; baseline 0 -15"><span class='ocrx_word' id='word_1_59' title='bbox 155 544 238 585; x_wconf 87' lang='lat' dir='ltr'>ruit</span> <span class='ocrx_word' id='word_1_60' title='bbox 270 547 310 585; x_wconf 92' lang='lat' dir='ltr'>et</span> <span class='ocrx_word' id='word_1_61' title='bbox 343 557 433 585; x_wconf 88' lang='lat' dir='ltr'>eum</span> <span class='ocrx_word' id='word_1_62' title='bbox 467 543 710 585; x_wconf 79' lang='lat' dir='ltr'>introduxit.</span> <span class='ocrx_word' id='word_1_63' title='bbox 759 543 831 585; x_wconf 82' lang='lat' dir='ltr'>Ille</span> <span class='ocrx_word' id='word_1_64' title='bbox 861 557 957 585; x_wconf 88' lang='lat' dir='ltr'>vero</span> <span class='ocrx_word' id='word_1_65' title='bbox 979 542 1096 586; x_wconf 80' lang='lat' dir='ltr'>flexis</span> <span class='ocrx_word' id='word_1_66' title='bbox 1119 543 1289 597; x_wconf 84' lang='lat' dir='ltr'>genibus</span> <span class='ocrx_word' id='word_1_67' title='bbox 1311 544 1604 599; x_wconf 85' lang='lat' dir='ltr'>imperatorem</span> <span class='ocrx_word' id='word_1_68' title='bbox 1627 542 1833 585; x_wconf 90' lang='lat' dir='ltr'>salutavit.</span> 
     </span>
     <span class='ocr_line' id='line_1_12' title="bbox 155 614 1836 670; baseline 0 -15"><span class='ocrx_word' id='word_1_69' title='bbox 155 614 228 655; x_wconf 93' lang='lat' dir='ltr'>Ait</span> <span class='ocrx_word' id='word_1_70' title='bbox 260 614 297 656; x_wconf 92' lang='lat' dir='ltr'>ei</span> <span class='ocrx_word' id='word_1_71' title='bbox 328 614 573 669; x_wconf 87' lang='lat' dir='ltr'>imperator:</span> <span class='ocrx_word' id='word_1_72' title='bbox 612 615 690 657; x_wconf 84' lang='lat' dir='ltr'>Dic</span> <span class='ocrx_word' id='word_1_73' title='bbox 722 615 866 667; x_wconf 88' lang='lat' dir='ltr'>michi,</span> <span class='ocrx_word' id='word_1_74' title='bbox 900 615 1132 669; x_wconf 84' lang='lat' dir='ltr'>carissime,</span> <span class='ocrx_word' id='word_1_75' title='bbox 1166 615 1263 669; x_wconf 87' lang='lat' dir='ltr'>quid</span> <span class='ocrx_word' id='word_1_76' title='bbox 1294 615 1427 670; x_wconf 74' lang='lat' dir='ltr'>petis?</span> <span class='ocrx_word' id='word_1_77' title='bbox 1478 614 1675 669; x_wconf 88' lang='lat' dir='ltr'>Domine,</span> <span class='ocrx_word' id='word_1_78' title='bbox 1708 615 1836 657; x_wconf 88' lang='lat' dir='ltr'>servi-</span> 
     </span>
     <span class='ocr_line' id='line_1_13' title="bbox 155 685 1834 740; baseline 0 -14"><span class='ocrx_word' id='word_1_79' title='bbox 155 685 276 726; x_wconf 89' lang='lat' dir='ltr'>cium.</span> <span class='ocrx_word' id='word_1_80' title='bbox 333 685 410 735; x_wconf 83' lang='lat' dir='ltr'>Qui</span> <span class='ocrx_word' id='word_1_81' title='bbox 443 686 520 727; x_wconf 85' lang='lat' dir='ltr'>ait:</span> <span class='ocrx_word' id='word_1_82' title='bbox 562 685 624 727; x_wconf 92' lang='lat' dir='ltr'>De</span> <span class='ocrx_word' id='word_1_83' title='bbox 656 699 734 740; x_wconf 87' lang='lat' dir='ltr'>quo</span> <span class='ocrx_word' id='word_1_84' title='bbox 767 686 997 728; x_wconf 86' lang='lat' dir='ltr'>ministerio</span> <span class='ocrx_word' id='word_1_85' title='bbox 1031 687 1155 728; x_wconf 88' lang='lat' dir='ltr'>scires</span> <span class='ocrx_word' id='word_1_86' title='bbox 1187 686 1313 728; x_wconf 90' lang='lat' dir='ltr'>michi</span> <span class='ocrx_word' id='word_1_87' title='bbox 1343 686 1606 728; x_wconf 83' lang='lat' dir='ltr'>ministrare?</span> <span class='ocrx_word' id='word_1_88' title='bbox 1659 686 1716 728; x_wconf 94' lang='lat' dir='ltr'>At</span> <span class='ocrx_word' id='word_1_89' title='bbox 1746 685 1834 727; x_wconf 90' lang='lat' dir='ltr'>ille:</span> 
     </span>
     <span class='ocr_line' id='line_1_14' title="bbox 155 756 1833 813; baseline 0.001 -15"><span class='ocrx_word' id='word_1_90' title='bbox 155 756 345 810; x_wconf 86' lang='lat' dir='ltr'>Domine,</span> <span class='ocrx_word' id='word_1_91' title='bbox 379 756 429 798; x_wconf 90' lang='lat' dir='ltr'>de</span> <span class='ocrx_word' id='word_1_92' title='bbox 461 770 533 799; x_wconf 78' lang='lat' dir='ltr'>sex</span> <span class='ocrx_word' id='word_1_93' title='bbox 565 757 806 799; x_wconf 91' lang='lat' dir='ltr'>ministeriis</span> <span class='ocrx_word' id='word_1_94' title='bbox 840 771 931 799; x_wconf 92' lang='lat' dir='ltr'>sum</span> <span class='ocrx_word' id='word_1_95' title='bbox 964 761 1170 813; x_wconf 82' lang='lat' dir='ltr'>expertus.</span> <span class='ocrx_word' id='word_1_96' title='bbox 1228 757 1412 800; x_wconf 88' lang='lat' dir='ltr'>Primum</span> <span class='ocrx_word' id='word_1_97' title='bbox 1445 757 1721 799; x_wconf 88' lang='lat' dir='ltr'>ministerium</span> <span class='ocrx_word' id='word_1_98' title='bbox 1753 760 1833 799; x_wconf 87' lang='lat' dir='ltr'>est:</span> 
     </span>
     <span class='ocr_line' id='line_1_15' title="bbox 155 828 1834 884; baseline -0.001 -13"><span class='ocrx_word' id='word_1_99' title='bbox 155 829 238 871; x_wconf 89' lang='lat' dir='ltr'>scio</span> <span class='ocrx_word' id='word_1_100' title='bbox 271 841 419 883; x_wconf 87' lang='lat' dir='ltr'>corpus</span> <span class='ocrx_word' id='word_1_101' title='bbox 452 829 592 882; x_wconf 82' lang='lat' dir='ltr'>magni</span> <span class='ocrx_word' id='word_1_102' title='bbox 621 828 822 884; x_wconf 89' lang='lat' dir='ltr'>principis</span> <span class='ocrx_word' id='word_1_103' title='bbox 846 829 910 871; x_wconf 89' lang='lat' dir='ltr'>die</span> <span class='ocrx_word' id='word_1_104' title='bbox 934 842 979 871; x_wconf 87' lang='lat' dir='ltr'>ac</span> <span class='ocrx_word' id='word_1_105' title='bbox 1001 833 1120 871; x_wconf 89' lang='lat' dir='ltr'>nocte</span> <span class='ocrx_word' id='word_1_106' title='bbox 1142 829 1359 883; x_wconf 87' lang='lat' dir='ltr'>custodire,</span> <span class='ocrx_word' id='word_1_107' title='bbox 1391 829 1541 871; x_wconf 89' lang='lat' dir='ltr'>lectum</span> <span class='ocrx_word' id='word_1_108' title='bbox 1565 829 1651 883; x_wconf 89' lang='lat' dir='ltr'>ejus</span> <span class='ocrx_word' id='word_1_109' title='bbox 1672 841 1834 884; x_wconf 86' lang='lat' dir='ltr'>parare,</span> 
     </span>
     <span class='ocr_line' id='line_1_16' title="bbox 155 900 1833 955; baseline -0.001 -13"><span class='ocrx_word' id='word_1_110' title='bbox 155 900 311 942; x_wconf 89' lang='lat' dir='ltr'>cibaria</span> <span class='ocrx_word' id='word_1_111' title='bbox 343 900 379 942; x_wconf 89' lang='lat' dir='ltr'>ei</span> <span class='ocrx_word' id='word_1_112' title='bbox 411 900 654 955; x_wconf 89' lang='lat' dir='ltr'>propinare,</span> <span class='ocrx_word' id='word_1_113' title='bbox 695 900 819 955; x_wconf 89' lang='lat' dir='ltr'>pedes</span> <span class='ocrx_word' id='word_1_114' title='bbox 854 901 939 954; x_wconf 90' lang='lat' dir='ltr'>ejus</span> <span class='ocrx_word' id='word_1_115' title='bbox 971 900 1122 943; x_wconf 89' lang='lat' dir='ltr'>lavare.</span> <span class='ocrx_word' id='word_1_116' title='bbox 1179 900 1412 943; x_wconf 79' lang='lat' dir='ltr'>Secundum</span> <span class='ocrx_word' id='word_1_117' title='bbox 1445 900 1721 943; x_wconf 90' lang='lat' dir='ltr'>ministerium</span> <span class='ocrx_word' id='word_1_118' title='bbox 1753 903 1833 942; x_wconf 88' lang='lat' dir='ltr'>est:</span> 
     </span>
     <span class='ocr_line' id='line_1_17' title="bbox 155 971 1833 1027; baseline 0 -14"><span class='ocrx_word' id='word_1_119' title='bbox 155 972 238 1014; x_wconf 90' lang='lat' dir='ltr'>scio</span> <span class='ocrx_word' id='word_1_120' title='bbox 272 971 455 1024; x_wconf 87' lang='lat' dir='ltr'>vigilare,</span> <span class='ocrx_word' id='word_1_121' title='bbox 494 971 656 1025; x_wconf 89' lang='lat' dir='ltr'>quando</span> <span class='ocrx_word' id='word_1_122' title='bbox 690 971 760 1012; x_wconf 89' lang='lat' dir='ltr'>alii</span> <span class='ocrx_word' id='word_1_123' title='bbox 793 971 1016 1025; x_wconf 88' lang='lat' dir='ltr'>dormiunt,</span> <span class='ocrx_word' id='word_1_124' title='bbox 1050 976 1090 1014; x_wconf 90' lang='lat' dir='ltr'>et</span> <span class='ocrx_word' id='word_1_125' title='bbox 1121 972 1313 1026; x_wconf 90' lang='lat' dir='ltr'>dormire,</span> <span class='ocrx_word' id='word_1_126' title='bbox 1348 972 1510 1027; x_wconf 88' lang='lat' dir='ltr'>quando</span> <span class='ocrx_word' id='word_1_127' title='bbox 1543 971 1613 1013; x_wconf 90' lang='lat' dir='ltr'>alii</span> <span class='ocrx_word' id='word_1_128' title='bbox 1644 971 1833 1026; x_wconf 83' lang='lat' dir='ltr'>vigilant.</span> 
     </span>
     <span class='ocr_line' id='line_1_18' title="bbox 155 1042 1834 1099; baseline -0.001 -14"><span class='ocrx_word' id='word_1_129' title='bbox 155 1043 343 1086; x_wconf 88' lang='lat' dir='ltr'>Tercium</span> <span class='ocrx_word' id='word_1_130' title='bbox 385 1042 658 1084; x_wconf 89' lang='lat' dir='ltr'>ministerium</span> <span class='ocrx_word' id='word_1_131' title='bbox 701 1046 781 1085; x_wconf 92' lang='lat' dir='ltr'>est:</span> <span class='ocrx_word' id='word_1_132' title='bbox 828 1043 910 1085; x_wconf 87' lang='lat' dir='ltr'>scio</span> <span class='ocrx_word' id='word_1_133' title='bbox 952 1043 1101 1085; x_wconf 89' lang='lat' dir='ltr'>bonum</span> <span class='ocrx_word' id='word_1_134' title='bbox 1143 1047 1286 1099; x_wconf 89' lang='lat' dir='ltr'>potum</span> <span class='ocrx_word' id='word_1_135' title='bbox 1326 1047 1492 1097; x_wconf 85' lang='lat' dir='ltr'>gustare</span> <span class='ocrx_word' id='word_1_136' title='bbox 1531 1046 1572 1085; x_wconf 89' lang='lat' dir='ltr'>et</span> <span class='ocrx_word' id='word_1_137' title='bbox 1610 1042 1834 1085; x_wconf 88' lang='lat' dir='ltr'>secundum</span> 
     </span>
     <span class='ocr_line' id='line_1_19' title="bbox 154 1103 1834 1169; baseline -0.001 -13"><span class='ocrx_word' id='word_1_138' title='bbox 154 1117 320 1168; x_wconf 87' lang='lat' dir='ltr'>gustum</span> <span class='ocrx_word' id='word_1_139' title='bbox 353 1103 578 1168; x_wconf 84' lang='lat' dir='ltr'>quemlibet</span> <span class='ocrx_word' id='word_1_140' title='bbox 599 1118 741 1169; x_wconf 88' lang='lat' dir='ltr'>potum</span> <span class='ocrx_word' id='word_1_141' title='bbox 758 1114 958 1168; x_wconf 89' lang='lat' dir='ltr'>judicare.</span> <span class='ocrx_word' id='word_1_142' title='bbox 1006 1114 1206 1165; x_wconf 82' lang='lat' dir='ltr'>Quartum</span> <span class='ocrx_word' id='word_1_143' title='bbox 1230 1118 1312 1157; x_wconf 90' lang='lat' dir='ltr'>est:</span> <span class='ocrx_word' id='word_1_144' title='bbox 1346 1116 1428 1157; x_wconf 88' lang='lat' dir='ltr'>scio</span> <span class='ocrx_word' id='word_1_145' title='bbox 1450 1115 1626 1156; x_wconf 88' lang='lat' dir='ltr'>invitare</span> <span class='ocrx_word' id='word_1_146' title='bbox 1648 1113 1834 1156; x_wconf 90' lang='lat' dir='ltr'>homines</span> 
     </span>
     <span class='ocr_line' id='line_1_20' title="bbox 155 1185 1834 1236; baseline -0.001 -9"><span class='ocrx_word' id='word_1_147' title='bbox 155 1186 206 1227; x_wconf 90' lang='lat' dir='ltr'>ad</span> <span class='ocrx_word' id='word_1_148' title='bbox 239 1185 471 1227; x_wconf 89' lang='lat' dir='ltr'>convivium</span> <span class='ocrx_word' id='word_1_149' title='bbox 506 1185 557 1226; x_wconf 89' lang='lat' dir='ltr'>ad</span> <span class='ocrx_word' id='word_1_150' title='bbox 588 1185 785 1228; x_wconf 89' lang='lat' dir='ltr'>honorem</span> <span class='ocrx_word' id='word_1_151' title='bbox 818 1186 1046 1228; x_wconf 90' lang='lat' dir='ltr'>invitantis.</span> <span class='ocrx_word' id='word_1_152' title='bbox 1100 1185 1296 1236; x_wconf 84' lang='lat' dir='ltr'>Quintum</span> <span class='ocrx_word' id='word_1_153' title='bbox 1328 1186 1604 1229; x_wconf 87' lang='lat' dir='ltr'>ministerium</span> <span class='ocrx_word' id='word_1_154' title='bbox 1636 1190 1718 1228; x_wconf 86' lang='lat' dir='ltr'>est:</span> <span class='ocrx_word' id='word_1_155' title='bbox 1752 1185 1834 1227; x_wconf 92' lang='lat' dir='ltr'>scio</span> 
     </span>
     <span class='ocr_line' id='line_1_21' title="bbox 152 1255 1836 1311; baseline 0 -13"><span class='ocrx_word' id='word_1_156' title='bbox 152 1257 290 1311; x_wconf 84' lang='lat' dir='ltr'>ignem</span> <span class='ocrx_word' id='word_1_157' title='bbox 319 1257 454 1299; x_wconf 86' lang='lat' dir='ltr'>facere</span> <span class='ocrx_word' id='word_1_158' title='bbox 485 1256 573 1298; x_wconf 91' lang='lat' dir='ltr'>sine</span> <span class='ocrx_word' id='word_1_159' title='bbox 594 1257 720 1310; x_wconf 86' lang='lat' dir='ltr'>fumo,</span> <span class='ocrx_word' id='word_1_160' title='bbox 757 1255 829 1311; x_wconf 82' lang='lat'>[16</span> <span class='ocrx_word' id='word_1_161' title='bbox 841 1255 879 1311; x_wconf 79' lang='lat' dir='ltr'>b]</span> <span class='ocrx_word' id='word_1_162' title='bbox 906 1257 1218 1299; x_wconf 84' lang='lat' dir='ltr'>circumstantes</span> <span class='ocrx_word' id='word_1_163' title='bbox 1241 1257 1429 1300; x_wconf 88' lang='lat' dir='ltr'>sedentes</span> <span class='ocrx_word' id='word_1_164' title='bbox 1452 1257 1685 1300; x_wconf 81' lang='lat' dir='ltr'>calefacere.</span> <span class='ocrx_word' id='word_1_165' title='bbox 1734 1256 1836 1299; x_wconf 85' lang='lat' dir='ltr'>Sex-</span> 
     </span>
     <span class='ocr_line' id='line_1_22' title="bbox 152 1328 1836 1371; baseline -0.001 -1"><span class='ocrx_word' id='word_1_166' title='bbox 152 1332 239 1370; x_wconf 88' lang='lat' dir='ltr'>tum</span> <span class='ocrx_word' id='word_1_167' title='bbox 272 1328 549 1370; x_wconf 80' lang='lat' dir='ltr'>ministerium</span> <span class='ocrx_word' id='word_1_168' title='bbox 583 1332 664 1369; x_wconf 91' lang='lat' dir='ltr'>est:</span> <span class='ocrx_word' id='word_1_169' title='bbox 701 1329 783 1370; x_wconf 89' lang='lat' dir='ltr'>scio</span> <span class='ocrx_word' id='word_1_170' title='bbox 818 1328 1003 1370; x_wconf 91' lang='lat' dir='ltr'>homines</span> <span class='ocrx_word' id='word_1_171' title='bbox 1037 1329 1182 1370; x_wconf 88' lang='lat' dir='ltr'>docere</span> <span class='ocrx_word' id='word_1_172' title='bbox 1215 1329 1362 1371; x_wconf 89' lang='lat' dir='ltr'>bonam</span> <span class='ocrx_word' id='word_1_173' title='bbox 1386 1329 1493 1371; x_wconf 91' lang='lat' dir='ltr'>viam</span> <span class='ocrx_word' id='word_1_174' title='bbox 1518 1343 1659 1371; x_wconf 91' lang='lat' dir='ltr'>versus</span> <span class='ocrx_word' id='word_1_175' title='bbox 1681 1332 1836 1371; x_wconf 86' lang='lat' dir='ltr'>terram</span> 
     </span>
     <span class='ocr_line' id='line_1_23' title="bbox 152 1399 1838 1456; baseline -0.001 -15"><span class='ocrx_word' id='word_1_176' title='bbox 152 1403 359 1453; x_wconf 88' lang='lat' dir='ltr'>sanctam,</span> <span class='ocrx_word' id='word_1_177' title='bbox 400 1400 458 1441; x_wconf 91' lang='lat' dir='ltr'>sic</span> <span class='ocrx_word' id='word_1_178' title='bbox 499 1399 607 1453; x_wconf 90' lang='lat' dir='ltr'>quod</span> <span class='ocrx_word' id='word_1_179' title='bbox 640 1413 733 1441; x_wconf 84' lang='lat' dir='ltr'>cum</span> <span class='ocrx_word' id='word_1_180' title='bbox 767 1400 944 1442; x_wconf 90' lang='lat' dir='ltr'>sanitate</span> <span class='ocrx_word' id='word_1_181' title='bbox 976 1399 1183 1442; x_wconf 89' lang='lat' dir='ltr'>redibunt.</span> <span class='ocrx_word' id='word_1_182' title='bbox 1239 1400 1312 1442; x_wconf 87' lang='lat' dir='ltr'>Ait</span> <span class='ocrx_word' id='word_1_183' title='bbox 1343 1401 1587 1456; x_wconf 85' lang='lat' dir='ltr'>imperator:</span> <span class='ocrx_word' id='word_1_184' title='bbox 1627 1400 1712 1442; x_wconf 91' lang='lat' dir='ltr'>Ista</span> <span class='ocrx_word' id='word_1_185' title='bbox 1743 1402 1838 1441; x_wconf 91' lang='lat' dir='ltr'>sunt</span> 
     </span>
     <span class='ocr_line' id='line_1_24' title="bbox 153 1470 1837 1527; baseline 0 -15"><span class='ocrx_word' id='word_1_186' title='bbox 153 1470 325 1526; x_wconf 86' lang='lat' dir='ltr'>pulchra</span> <span class='ocrx_word' id='word_1_187' title='bbox 363 1471 595 1513; x_wconf 88' lang='lat' dir='ltr'>ministeria</span> <span class='ocrx_word' id='word_1_188' title='bbox 635 1474 676 1513; x_wconf 92' lang='lat' dir='ltr'>et</span> <span class='ocrx_word' id='word_1_189' title='bbox 713 1471 853 1513; x_wconf 89' lang='lat' dir='ltr'>multis</span> <span class='ocrx_word' id='word_1_190' title='bbox 886 1471 1016 1513; x_wconf 92' lang='lat' dir='ltr'>utilia.</span> <span class='ocrx_word' id='word_1_191' title='bbox 1073 1470 1234 1513; x_wconf 87' lang='lat' dir='ltr'>Mecum</span> <span class='ocrx_word' id='word_1_192' title='bbox 1266 1471 1497 1514; x_wconf 88' lang='lat' dir='ltr'>remanebis</span> <span class='ocrx_word' id='word_1_193' title='bbox 1530 1475 1570 1514; x_wconf 90' lang='lat' dir='ltr'>et</span> <span class='ocrx_word' id='word_1_194' title='bbox 1599 1472 1734 1527; x_wconf 87' lang='lat' dir='ltr'>primo</span> <span class='ocrx_word' id='word_1_195' title='bbox 1767 1484 1837 1513; x_wconf 79' lang='lat' dir='ltr'>ex-</span> 
     </span>
    </p>
   </div>
   <div class='ocr_carea' id='block_1_7' title="bbox 83 1541 1838 1597">
    <p class='ocr_par' dir='ltr' id='par_1_7' title="bbox 83 1541 1838 1597">
     <span class='ocr_line' id='line_1_25' title="bbox 83 1541 1838 1597; baseline -0.001 -13"><span class='ocrx_word' id='word_1_196' title='bbox 83 1559 91 1566; x_wconf 62' lang='lat'><em>*</em></span> <span class='ocrx_word' id='word_1_197' title='bbox 151 1542 279 1597; x_wconf 89' lang='lat' dir='ltr'>periri</span> <span class='ocrx_word' id='word_1_198' title='bbox 311 1542 401 1584; x_wconf 92' lang='lat' dir='ltr'>volo</span> <span class='ocrx_word' id='word_1_199' title='bbox 435 1542 484 1584; x_wconf 90' lang='lat' dir='ltr'>de</span> <span class='ocrx_word' id='word_1_200' title='bbox 516 1555 688 1597; x_wconf 83' lang='lat' dir='ltr'>corpore</span> <span class='ocrx_word' id='word_1_201' title='bbox 721 1556 825 1584; x_wconf 89' lang='lat' dir='ltr'>meo.</span> <span class='ocrx_word' id='word_1_202' title='bbox 883 1542 1041 1597; x_wconf 87' lang='lat' dir='ltr'>Corpus</span> <span class='ocrx_word' id='word_1_203' title='bbox 1074 1556 1210 1584; x_wconf 90' lang='lat' dir='ltr'>meum</span> <span class='ocrx_word' id='word_1_204' title='bbox 1243 1543 1448 1585; x_wconf 87' lang='lat' dir='ltr'>custodies</span> <span class='ocrx_word' id='word_1_205' title='bbox 1480 1544 1558 1585; x_wconf 90' lang='lat' dir='ltr'>isto</span> <span class='ocrx_word' id='word_1_206' title='bbox 1593 1556 1711 1584; x_wconf 88' lang='lat' dir='ltr'>anno.</span> <span class='ocrx_word' id='word_1_207' title='bbox 1762 1541 1838 1583; x_wconf 92' lang='lat' dir='ltr'>Ait</span> 
     </span>
    </p>
   </div>
   <div class='ocr_carea' id='block_1_8' title="bbox 151 1611 1891 3024">
    <p class='ocr_par' dir='ltr' id='par_1_8' title="bbox 151 1611 1891 3024">
     <span class='ocr_line' id='line_1_26' title="bbox 151 1611 1836 1669; baseline -0.001 -14"><span class='ocrx_word' id='word_1_208' title='bbox 151 1613 241 1656; x_wconf 90' lang='lat' dir='ltr'>ille:</span> <span class='ocrx_word' id='word_1_209' title='bbox 282 1613 479 1667; x_wconf 88' lang='lat' dir='ltr'>Domine,</span> <span class='ocrx_word' id='word_1_210' title='bbox 519 1617 659 1669; x_wconf 91' lang='lat' dir='ltr'>presto</span> <span class='ocrx_word' id='word_1_211' title='bbox 692 1627 805 1668; x_wconf 84' lang='lat' dir='ltr'>sum,</span> <span class='ocrx_word' id='word_1_212' title='bbox 844 1614 1046 1656; x_wconf 90' lang='lat' dir='ltr'>voluntati</span> <span class='ocrx_word' id='word_1_213' title='bbox 1078 1618 1213 1657; x_wconf 89' lang='lat' dir='ltr'>vestre</span> <span class='ocrx_word' id='word_1_214' title='bbox 1245 1615 1495 1657; x_wconf 87' lang='lat' dir='ltr'>satisfacere.</span> <span class='ocrx_word' id='word_1_215' title='bbox 1559 1613 1691 1656; x_wconf 90' lang='lat' dir='ltr'>Guido</span> <span class='ocrx_word' id='word_1_216' title='bbox 1724 1611 1836 1654; x_wconf 89' lang='lat' dir='ltr'>omni</span> 
     </span>
     <span class='ocr_line' id='line_1_27' title="bbox 151 1684 1837 1741; baseline -0.001 -14"><span class='ocrx_word' id='word_1_217' title='bbox 151 1688 269 1727; x_wconf 87' lang='lat' dir='ltr'>nocte</span> <span class='ocrx_word' id='word_1_218' title='bbox 299 1684 451 1727; x_wconf 88' lang='lat' dir='ltr'>lectum</span> <span class='ocrx_word' id='word_1_219' title='bbox 485 1685 585 1727; x_wconf 88' lang='lat' dir='ltr'>satis</span> <span class='ocrx_word' id='word_1_220' title='bbox 618 1685 787 1728; x_wconf 90' lang='lat' dir='ltr'>honeste</span> <span class='ocrx_word' id='word_1_221' title='bbox 814 1686 991 1741; x_wconf 89' lang='lat' dir='ltr'>paravit,</span> <span class='ocrx_word' id='word_1_222' title='bbox 1024 1685 1295 1729; x_wconf 87' lang='lat' dir='ltr'>lintheamina</span> <span class='ocrx_word' id='word_1_223' title='bbox 1315 1686 1418 1728; x_wconf 89' lang='lat' dir='ltr'>lavit</span> <span class='ocrx_word' id='word_1_224' title='bbox 1439 1689 1480 1729; x_wconf 91' lang='lat' dir='ltr'>et</span> <span class='ocrx_word' id='word_1_225' title='bbox 1501 1686 1639 1741; x_wconf 88' lang='lat' dir='ltr'>sepius</span> <span class='ocrx_word' id='word_1_226' title='bbox 1660 1684 1837 1727; x_wconf 90' lang='lat' dir='ltr'>mutavit</span> 
     </span>
     <span class='ocr_line' id='line_1_28' title="bbox 153 1756 1836 1813; baseline 0 -15"><span class='ocrx_word' id='word_1_227' title='bbox 153 1756 324 1810; x_wconf 87' lang='lat' dir='ltr'>singulis</span> <span class='ocrx_word' id='word_1_228' title='bbox 357 1756 558 1799; x_wconf 88' lang='lat' dir='ltr'>noctibus.</span> <span class='ocrx_word' id='word_1_229' title='bbox 608 1756 717 1799; x_wconf 90' lang='lat' dir='ltr'>Ante</span> <span class='ocrx_word' id='word_1_230' title='bbox 751 1757 901 1798; x_wconf 89' lang='lat' dir='ltr'>ostium</span> <span class='ocrx_word' id='word_1_231' title='bbox 935 1771 1096 1799; x_wconf 88' lang='lat' dir='ltr'>camere</span> <span class='ocrx_word' id='word_1_232' title='bbox 1129 1761 1312 1800; x_wconf 85' lang='lat' dir='ltr'>armatus</span> <span class='ocrx_word' id='word_1_233' title='bbox 1338 1759 1483 1813; x_wconf 87' lang='lat' dir='ltr'>jacuit,</span> <span class='ocrx_word' id='word_1_234' title='bbox 1515 1757 1752 1811; x_wconf 87' lang='lat' dir='ltr'>habensque</span> <span class='ocrx_word' id='word_1_235' title='bbox 1773 1769 1836 1798; x_wconf 90' lang='lat' dir='ltr'>se-</span> 
     </span>
     <span class='ocr_line' id='line_1_29' title="bbox 153 1828 1835 1884; baseline 0 -15"><span class='ocrx_word' id='word_1_236' title='bbox 153 1841 245 1870; x_wconf 91' lang='lat' dir='ltr'>cum</span> <span class='ocrx_word' id='word_1_237' title='bbox 285 1842 458 1883; x_wconf 89' lang='lat' dir='ltr'>parvum</span> <span class='ocrx_word' id='word_1_238' title='bbox 500 1828 733 1870; x_wconf 87' lang='lat' dir='ltr'>caniculum</span> <span class='ocrx_word' id='word_1_239' title='bbox 765 1828 867 1870; x_wconf 92' lang='lat' dir='ltr'>bene</span> <span class='ocrx_word' id='word_1_240' title='bbox 898 1828 1141 1883; x_wconf 88' lang='lat' dir='ltr'>latrantem,</span> <span class='ocrx_word' id='word_1_241' title='bbox 1183 1833 1227 1871; x_wconf 91' lang='lat' dir='ltr'>ut</span> <span class='ocrx_word' id='word_1_242' title='bbox 1259 1830 1293 1871; x_wconf 91' lang='lat' dir='ltr'>si</span> <span class='ocrx_word' id='word_1_243' title='bbox 1326 1843 1422 1872; x_wconf 88' lang='lat' dir='ltr'>casu</span> <span class='ocrx_word' id='word_1_244' title='bbox 1455 1829 1591 1884; x_wconf 88' lang='lat' dir='ltr'>aliquo</span> <span class='ocrx_word' id='word_1_245' title='bbox 1624 1828 1835 1881; x_wconf 88' lang='lat' dir='ltr'>dormiret,</span> 
     </span>
     <span class='ocr_line' id='line_1_30' title="bbox 154 1898 1835 1955; baseline -0.001 -13"><span class='ocrx_word' id='word_1_246' title='bbox 154 1904 194 1942; x_wconf 90' lang='lat' dir='ltr'>et</span> <span class='ocrx_word' id='word_1_247' title='bbox 232 1899 380 1954; x_wconf 90' lang='lat' dir='ltr'>aliquis</span> <span class='ocrx_word' id='word_1_248' title='bbox 421 1899 556 1942; x_wconf 90' lang='lat' dir='ltr'>subito</span> <span class='ocrx_word' id='word_1_249' title='bbox 589 1900 768 1953; x_wconf 83' lang='lat' dir='ltr'>veniret,</span> <span class='ocrx_word' id='word_1_250' title='bbox 807 1914 880 1955; x_wconf 86' lang='lat' dir='ltr'>per</span> <span class='ocrx_word' id='word_1_251' title='bbox 912 1899 1108 1942; x_wconf 84' lang='lat' dir='ltr'>latratum</span> <span class='ocrx_word' id='word_1_252' title='bbox 1141 1901 1254 1943; x_wconf 90' lang='lat' dir='ltr'>canis</span> <span class='ocrx_word' id='word_1_253' title='bbox 1287 1901 1490 1943; x_wconf 80' lang='lat' dir='ltr'>excitatus</span> <span class='ocrx_word' id='word_1_254' title='bbox 1524 1903 1643 1943; x_wconf 90' lang='lat' dir='ltr'>esset.</span> <span class='ocrx_word' id='word_1_255' title='bbox 1700 1898 1835 1942; x_wconf 86' lang='lat' dir='ltr'>Semel</span> 
     </span>
     <span class='ocr_line' id='line_1_31' title="bbox 154 1970 1835 2027; baseline 0.001 -15"><span class='ocrx_word' id='word_1_256' title='bbox 154 1971 265 2012; x_wconf 89' lang='lat' dir='ltr'>omni</span> <span class='ocrx_word' id='word_1_257' title='bbox 296 1970 524 2013; x_wconf 89' lang='lat' dir='ltr'>ebdomada</span> <span class='ocrx_word' id='word_1_258' title='bbox 555 1971 680 2026; x_wconf 89' lang='lat' dir='ltr'>pedes</span> <span class='ocrx_word' id='word_1_259' title='bbox 714 1971 800 2025; x_wconf 88' lang='lat' dir='ltr'>ejus</span> <span class='ocrx_word' id='word_1_260' title='bbox 833 1971 946 2026; x_wconf 88' lang='lat' dir='ltr'>lavit,</span> <span class='ocrx_word' id='word_1_261' title='bbox 980 1973 1022 2014; x_wconf 88' lang='lat' dir='ltr'>in</span> <span class='ocrx_word' id='word_1_262' title='bbox 1056 1972 1244 2014; x_wconf 89' lang='lat' dir='ltr'>omnibus</span> <span class='ocrx_word' id='word_1_263' title='bbox 1266 1976 1352 2014; x_wconf 89' lang='lat' dir='ltr'>tam</span> <span class='ocrx_word' id='word_1_264' title='bbox 1375 1972 1596 2027; x_wconf 89' lang='lat' dir='ltr'>prudenter</span> <span class='ocrx_word' id='word_1_265' title='bbox 1619 1975 1659 2014; x_wconf 89' lang='lat' dir='ltr'>et</span> <span class='ocrx_word' id='word_1_266' title='bbox 1680 1971 1835 2015; x_wconf 89' lang='lat' dir='ltr'>utiliter</span> 
     </span>
     <span class='ocr_line' id='line_1_32' title="bbox 154 2041 1836 2100; baseline 0.001 -17"><span class='ocrx_word' id='word_1_267' title='bbox 154 2041 191 2084; x_wconf 91' lang='lat' dir='ltr'>ei</span> <span class='ocrx_word' id='word_1_268' title='bbox 222 2042 487 2096; x_wconf 86' lang='lat' dir='ltr'>ministravit,</span> <span class='ocrx_word' id='word_1_269' title='bbox 521 2043 629 2097; x_wconf 88' lang='lat' dir='ltr'>quod</span> <span class='ocrx_word' id='word_1_270' title='bbox 661 2042 703 2083; x_wconf 89' lang='lat' dir='ltr'>in</span> <span class='ocrx_word' id='word_1_271' title='bbox 736 2042 848 2084; x_wconf 87' lang='lat' dir='ltr'>nullo</span> <span class='ocrx_word' id='word_1_272' title='bbox 882 2044 1064 2088; x_wconf 84' lang='lat' dir='ltr'>defectus</span> <span class='ocrx_word' id='word_1_273' title='bbox 1097 2045 1275 2087; x_wconf 88' lang='lat' dir='ltr'>inveniri</span> <span class='ocrx_word' id='word_1_274' title='bbox 1298 2047 1449 2100; x_wconf 90' lang='lat' dir='ltr'>posset,</span> <span class='ocrx_word' id='word_1_275' title='bbox 1482 2043 1589 2085; x_wconf 91' lang='lat' dir='ltr'>unde</span> <span class='ocrx_word' id='word_1_276' title='bbox 1610 2043 1836 2099; x_wconf 87' lang='lat' dir='ltr'>imperator</span> 
     </span>
     <span class='ocr_line' id='line_1_33' title="bbox 153 2113 1835 2169; baseline 0.001 -14"><span class='ocrx_word' id='word_1_277' title='bbox 153 2126 226 2168; x_wconf 92' lang='lat' dir='ltr'>per</span> <span class='ocrx_word' id='word_1_278' title='bbox 258 2114 396 2155; x_wconf 88' lang='lat' dir='ltr'>omnia</span> <span class='ocrx_word' id='word_1_279' title='bbox 428 2127 521 2156; x_wconf 90' lang='lat' dir='ltr'>eum</span> <span class='ocrx_word' id='word_1_280' title='bbox 552 2113 749 2155; x_wconf 88' lang='lat' dir='ltr'>laudavit.</span> <span class='ocrx_word' id='word_1_281' title='bbox 803 2114 940 2157; x_wconf 88' lang='lat' dir='ltr'>Finito</span> <span class='ocrx_word' id='word_1_282' title='bbox 974 2129 1080 2157; x_wconf 89' lang='lat' dir='ltr'>anno</span> <span class='ocrx_word' id='word_1_283' title='bbox 1113 2129 1207 2157; x_wconf 88' lang='lat' dir='ltr'>eum</span> <span class='ocrx_word' id='word_1_284' title='bbox 1239 2115 1509 2158; x_wconf 88' lang='lat' dir='ltr'>senescallum</span> <span class='ocrx_word' id='word_1_285' title='bbox 1539 2115 1651 2169; x_wconf 84' lang='lat' dir='ltr'>fecit,</span> <span class='ocrx_word' id='word_1_286' title='bbox 1682 2118 1728 2157; x_wconf 90' lang='lat' dir='ltr'>ut</span> <span class='ocrx_word' id='word_1_287' title='bbox 1758 2115 1835 2156; x_wconf 92' lang='lat' dir='ltr'>im-</span> 
     </span>
     <span class='ocr_line' id='line_1_34' title="bbox 153 2184 1835 2241; baseline 0.001 -15"><span class='ocrx_word' id='word_1_288' title='bbox 153 2184 286 2240; x_wconf 90' lang='lat' dir='ltr'>pleret</span> <span class='ocrx_word' id='word_1_289' title='bbox 323 2185 545 2227; x_wconf 90' lang='lat' dir='ltr'>secundum</span> <span class='ocrx_word' id='word_1_290' title='bbox 585 2185 801 2227; x_wconf 84' lang='lat' dir='ltr'>servicium</span> <span class='ocrx_word' id='word_1_291' title='bbox 843 2199 962 2228; x_wconf 89' lang='lat' dir='ltr'>suum</span> <span class='ocrx_word' id='word_1_292' title='bbox 1001 2186 1176 2229; x_wconf 89' lang='lat' dir='ltr'>scilicet:</span> <span class='ocrx_word' id='word_1_293' title='bbox 1221 2186 1313 2229; x_wconf 84' lang='lat' dir='ltr'>Scio</span> <span class='ocrx_word' id='word_1_294' title='bbox 1353 2187 1536 2241; x_wconf 85' lang='lat' dir='ltr'>vigilare.</span> <span class='ocrx_word' id='word_1_295' title='bbox 1592 2185 1725 2228; x_wconf 83' lang='lat' dir='ltr'>Guido</span> <span class='ocrx_word' id='word_1_296' title='bbox 1757 2186 1835 2228; x_wconf 90' lang='lat' dir='ltr'>iste</span> 
     </span>
     <span class='ocr_line' id='line_1_35' title="bbox 155 2256 1835 2312; baseline 0.001 -15"><span class='ocrx_word' id='word_1_297' title='bbox 155 2256 214 2298; x_wconf 90' lang='lat' dir='ltr'>sic</span> <span class='ocrx_word' id='word_1_298' title='bbox 252 2256 466 2298; x_wconf 90' lang='lat' dir='ltr'>institutus</span> <span class='ocrx_word' id='word_1_299' title='bbox 506 2270 580 2311; x_wconf 91' lang='lat' dir='ltr'>per</span> <span class='ocrx_word' id='word_1_300' title='bbox 611 2260 740 2299; x_wconf 89' lang='lat' dir='ltr'>totam</span> <span class='ocrx_word' id='word_1_301' title='bbox 775 2261 946 2300; x_wconf 90' lang='lat' dir='ltr'>estatem</span> <span class='ocrx_word' id='word_1_302' title='bbox 980 2257 1194 2300; x_wconf 88' lang='lat' dir='ltr'>laborabat</span> <span class='ocrx_word' id='word_1_303' title='bbox 1225 2261 1264 2300; x_wconf 89' lang='lat' dir='ltr'>et</span> <span class='ocrx_word' id='word_1_304' title='bbox 1296 2258 1494 2312; x_wconf 89' lang='lat' dir='ltr'>vigilabat</span> <span class='ocrx_word' id='word_1_305' title='bbox 1525 2261 1566 2300; x_wconf 87' lang='lat' dir='ltr'>et</span> <span class='ocrx_word' id='word_1_306' title='bbox 1597 2257 1734 2299; x_wconf 91' lang='lat' dir='ltr'>omnia</span> <span class='ocrx_word' id='word_1_307' title='bbox 1764 2270 1835 2299; x_wconf 90' lang='lat' dir='ltr'>ne-</span> 
     </span>
     <span class='ocr_line' id='line_1_36' title="bbox 154 2328 1834 2385; baseline 0.001 -16"><span class='ocrx_word' id='word_1_308' title='bbox 154 2328 334 2369; x_wconf 89' lang='lat' dir='ltr'>cessaria</span> <span class='ocrx_word' id='word_1_309' title='bbox 363 2341 438 2383; x_wconf 91' lang='lat' dir='ltr'>pro</span> <span class='ocrx_word' id='word_1_310' title='bbox 470 2328 616 2383; x_wconf 88' lang='lat' dir='ltr'>hyeme</span> <span class='ocrx_word' id='word_1_311' title='bbox 649 2329 842 2383; x_wconf 87' lang='lat' dir='ltr'>providit.</span> <span class='ocrx_word' id='word_1_312' title='bbox 891 2329 1001 2371; x_wconf 89' lang='lat' dir='ltr'>Dum</span> <span class='ocrx_word' id='word_1_313' title='bbox 1036 2343 1129 2371; x_wconf 88' lang='lat' dir='ltr'>vero</span> <span class='ocrx_word' id='word_1_314' title='bbox 1163 2329 1326 2372; x_wconf 89' lang='lat' dir='ltr'>adesset</span> <span class='ocrx_word' id='word_1_315' title='bbox 1354 2330 1497 2385; x_wconf 85' lang='lat' dir='ltr'>hyems</span> <span class='ocrx_word' id='word_1_316' title='bbox 1526 2328 1658 2371; x_wconf 89' lang='lat' dir='ltr'>etalii</span> <span class='ocrx_word' id='word_1_317' title='bbox 1680 2329 1834 2384; x_wconf 90' lang='lat' dir='ltr'>incipe-</span> 
     </span>
     <span class='ocr_line' id='line_1_37' title="bbox 153 2398 1834 2456; baseline 0.001 -16"><span class='ocrx_word' id='word_1_318' title='bbox 153 2402 246 2441; x_wconf 90' lang='lat' dir='ltr'>rent</span> <span class='ocrx_word' id='word_1_319' title='bbox 277 2398 449 2452; x_wconf 88' lang='lat' dir='ltr'>vigilare</span> <span class='ocrx_word' id='word_1_320' title='bbox 482 2403 522 2441; x_wconf 90' lang='lat' dir='ltr'>et</span> <span class='ocrx_word' id='word_1_321' title='bbox 552 2399 753 2454; x_wconf 88' lang='lat' dir='ltr'>laborare,</span> <span class='ocrx_word' id='word_1_322' title='bbox 787 2401 876 2456; x_wconf 89' lang='lat' dir='ltr'>ipse</span> <span class='ocrx_word' id='word_1_323' title='bbox 909 2414 1004 2443; x_wconf 87' lang='lat' dir='ltr'>vero</span> <span class='ocrx_word' id='word_1_324' title='bbox 1037 2401 1251 2455; x_wconf 86' lang='lat' dir='ltr'>quiescens</span> <span class='ocrx_word' id='word_1_325' title='bbox 1284 2400 1514 2443; x_wconf 90' lang='lat' dir='ltr'>dormiebat</span> <span class='ocrx_word' id='word_1_326' title='bbox 1547 2401 1604 2442; x_wconf 90' lang='lat' dir='ltr'>sic</span> <span class='ocrx_word' id='word_1_327' title='bbox 1629 2400 1735 2454; x_wconf 89' lang='lat' dir='ltr'>quod</span> <span class='ocrx_word' id='word_1_328' title='bbox 1757 2400 1834 2441; x_wconf 91' lang='lat' dir='ltr'>im-</span> 
     </span>
     <span class='ocr_line' id='line_1_38' title="bbox 153 2470 1834 2526; baseline 0.001 -15"><span class='ocrx_word' id='word_1_329' title='bbox 153 2470 282 2525; x_wconf 91' lang='lat' dir='ltr'>plevit</span> <span class='ocrx_word' id='word_1_330' title='bbox 312 2470 538 2513; x_wconf 87' lang='lat' dir='ltr'>secundum</span> <span class='ocrx_word' id='word_1_331' title='bbox 569 2471 844 2513; x_wconf 89' lang='lat' dir='ltr'>ministerium</span> <span class='ocrx_word' id='word_1_332' title='bbox 879 2485 998 2513; x_wconf 88' lang='lat' dir='ltr'>suum</span> <span class='ocrx_word' id='word_1_333' title='bbox 1032 2471 1208 2514; x_wconf 86' lang='lat' dir='ltr'>scilicet:</span> <span class='ocrx_word' id='word_1_334' title='bbox 1243 2471 1335 2514; x_wconf 85' lang='lat' dir='ltr'>Scio</span> <span class='ocrx_word' id='word_1_335' title='bbox 1361 2472 1544 2526; x_wconf 88' lang='lat' dir='ltr'>vigilare,</span> <span class='ocrx_word' id='word_1_336' title='bbox 1579 2471 1740 2526; x_wconf 91' lang='lat' dir='ltr'>quando</span> <span class='ocrx_word' id='word_1_337' title='bbox 1763 2471 1834 2513; x_wconf 90' lang='lat' dir='ltr'>alii</span> 
     </span>
     <span class='ocr_line' id='line_1_39' title="bbox 154 2541 1891 2598; baseline 0.002 -16"><span class='ocrx_word' id='word_1_338' title='bbox 154 2541 375 2583; x_wconf 86' lang='lat' dir='ltr'>dormiunt.</span> <span class='ocrx_word' id='word_1_339' title='bbox 423 2541 652 2596; x_wconf 87' lang='lat' dir='ltr'>Imperator</span> <span class='ocrx_word' id='word_1_340' title='bbox 684 2555 776 2584; x_wconf 91' lang='lat' dir='ltr'>cum</span> <span class='ocrx_word' id='word_1_341' title='bbox 810 2543 981 2584; x_wconf 88' lang='lat' dir='ltr'>vidisset</span> <span class='ocrx_word' id='word_1_342' title='bbox 1012 2542 1119 2597; x_wconf 89' lang='lat' dir='ltr'>quod</span> <span class='ocrx_word' id='word_1_343' title='bbox 1149 2547 1233 2584; x_wconf 88' lang='lat' dir='ltr'>tam</span> <span class='ocrx_word' id='word_1_344' title='bbox 1256 2543 1480 2598; x_wconf 89' lang='lat' dir='ltr'>prudenter</span> <span class='ocrx_word' id='word_1_345' title='bbox 1503 2543 1581 2584; x_wconf 91' lang='lat' dir='ltr'>duo</span> <span class='ocrx_word' id='word_1_346' title='bbox 1603 2543 1835 2585; x_wconf 87' lang='lat' dir='ltr'>ministeria</span> <span class='ocrx_word' id='word_1_347' title='bbox 1886 2558 1891 2560; x_wconf 83' lang='grc'><strong><em>·</em></strong></span> 
     </span>
     <span class='ocr_line' id='line_1_40' title="bbox 154 2612 1833 2669; baseline 0.001 -15"><span class='ocrx_word' id='word_1_348' title='bbox 154 2612 455 2668; x_wconf 87' lang='lat' dir='ltr'>complevisset,</span> <span class='ocrx_word' id='word_1_349' title='bbox 489 2612 653 2666; x_wconf 86' lang='lat' dir='ltr'>gavisus</span> <span class='ocrx_word' id='word_1_350' title='bbox 686 2617 748 2655; x_wconf 87' lang='lat' dir='ltr'>est</span> <span class='ocrx_word' id='word_1_351' title='bbox 780 2613 897 2656; x_wconf 89' lang='lat' dir='ltr'>valde</span> <span class='ocrx_word' id='word_1_352' title='bbox 931 2618 971 2655; x_wconf 92' lang='lat' dir='ltr'>et</span> <span class='ocrx_word' id='word_1_353' title='bbox 1003 2614 1165 2656; x_wconf 91' lang='lat' dir='ltr'>vocavit</span> <span class='ocrx_word' id='word_1_354' title='bbox 1196 2614 1435 2669; x_wconf 87' lang='lat' dir='ltr'>pincernam</span> <span class='ocrx_word' id='word_1_355' title='bbox 1465 2617 1505 2656; x_wconf 91' lang='lat' dir='ltr'>et</span> <span class='ocrx_word' id='word_1_356' title='bbox 1527 2613 1585 2656; x_wconf 88' lang='lat' dir='ltr'>ait</span> <span class='ocrx_word' id='word_1_357' title='bbox 1606 2614 1663 2655; x_wconf 91' lang='lat' dir='ltr'>ei:</span> <span class='ocrx_word' id='word_1_358' title='bbox 1697 2613 1833 2656; x_wconf 90' lang='lat' dir='ltr'>Caris-</span> 
     </span>
     <span class='ocr_line' id='line_1_41' title="bbox 154 2683 1835 2740; baseline 0.001 -16"><span class='ocrx_word' id='word_1_359' title='bbox 154 2683 276 2737; x_wconf 90' lang='lat' dir='ltr'>sime,</span> <span class='ocrx_word' id='word_1_360' title='bbox 318 2684 459 2738; x_wconf 90' lang='lat' dir='ltr'>ponite</span> <span class='ocrx_word' id='word_1_361' title='bbox 491 2684 534 2725; x_wconf 90' lang='lat' dir='ltr'>in</span> <span class='ocrx_word' id='word_1_362' title='bbox 567 2683 693 2726; x_wconf 88' lang='lat' dir='ltr'>calice</span> <span class='ocrx_word' id='word_1_363' title='bbox 725 2698 814 2727; x_wconf 90' lang='lat' dir='ltr'>meo</span> <span class='ocrx_word' id='word_1_364' title='bbox 848 2688 1030 2738; x_wconf 90' lang='lat' dir='ltr'>acetum,</span> <span class='ocrx_word' id='word_1_365' title='bbox 1071 2685 1210 2726; x_wconf 89' lang='lat' dir='ltr'>vinum</span> <span class='ocrx_word' id='word_1_366' title='bbox 1245 2686 1444 2740; x_wconf 87' lang='lat' dir='ltr'>optimum</span> <span class='ocrx_word' id='word_1_367' title='bbox 1479 2688 1519 2727; x_wconf 90' lang='lat' dir='ltr'>et</span> <span class='ocrx_word' id='word_1_368' title='bbox 1550 2688 1752 2738; x_wconf 91' lang='lat' dir='ltr'>mustum,</span> <span class='ocrx_word' id='word_1_369' title='bbox 1794 2687 1835 2726; x_wconf 89' lang='lat' dir='ltr'>et</span> 
     </span>
     <span class='ocr_line' id='line_1_42' title="bbox 154 2753 1831 2810; baseline 0.001 -15"><span class='ocrx_word' id='word_1_370' title='bbox 154 2753 258 2796; x_wconf 89' lang='lat' dir='ltr'>detis</span> <span class='ocrx_word' id='word_1_371' title='bbox 292 2753 470 2796; x_wconf 89' lang='lat' dir='ltr'>Guidoni</span> <span class='ocrx_word' id='word_1_372' title='bbox 504 2754 554 2796; x_wconf 90' lang='lat' dir='ltr'>ad</span> <span class='ocrx_word' id='word_1_373' title='bbox 588 2754 823 2808; x_wconf 89' lang='lat' dir='ltr'>bibendum,</span> <span class='ocrx_word' id='word_1_374' title='bbox 857 2756 953 2810; x_wconf 89' lang='lat' dir='ltr'>quia</span> <span class='ocrx_word' id='word_1_375' title='bbox 984 2756 1093 2797; x_wconf 92' lang='lat' dir='ltr'>istud</span> <span class='ocrx_word' id='word_1_376' title='bbox 1119 2759 1180 2798; x_wconf 89' lang='lat' dir='ltr'>est</span> <span class='ocrx_word' id='word_1_377' title='bbox 1201 2756 1372 2799; x_wconf 88' lang='lat' dir='ltr'>tercium</span> <span class='ocrx_word' id='word_1_378' title='bbox 1395 2756 1671 2798; x_wconf 85' lang='lat' dir='ltr'>ministerium</span> <span class='ocrx_word' id='word_1_379' title='bbox 1693 2769 1831 2808; x_wconf 76' lang='lat' dir='ltr'>suum,</span> 
     </span>
     <span class='ocr_line' id='line_1_43' title="bbox 154 2825 1833 2882; baseline 0.001 -16"><span class='ocrx_word' id='word_1_380' title='bbox 154 2825 232 2866; x_wconf 87' lang='lat' dir='ltr'>scit</span> <span class='ocrx_word' id='word_1_381' title='bbox 269 2825 376 2867; x_wconf 91' lang='lat' dir='ltr'>enim</span> <span class='ocrx_word' id='word_1_382' title='bbox 415 2829 582 2879; x_wconf 89' lang='lat' dir='ltr'>gustare</span> <span class='ocrx_word' id='word_1_383' title='bbox 621 2825 773 2868; x_wconf 90' lang='lat' dir='ltr'>bonum</span> <span class='ocrx_word' id='word_1_384' title='bbox 811 2830 967 2882; x_wconf 89' lang='lat' dir='ltr'>potum.</span> <span class='ocrx_word' id='word_1_385' title='bbox 1030 2827 1085 2869; x_wconf 89' lang='lat' dir='ltr'>Et</span> <span class='ocrx_word' id='word_1_386' title='bbox 1123 2828 1181 2869; x_wconf 92' lang='lat' dir='ltr'>sic</span> <span class='ocrx_word' id='word_1_387' title='bbox 1218 2828 1372 2870; x_wconf 86' lang='lat' dir='ltr'>factum</span> <span class='ocrx_word' id='word_1_388' title='bbox 1411 2832 1485 2870; x_wconf 92' lang='lat' dir='ltr'>est.</span> <span class='ocrx_word' id='word_1_389' title='bbox 1547 2827 1657 2868; x_wconf 92' lang='lat' dir='ltr'>Dum</span> <span class='ocrx_word' id='word_1_390' title='bbox 1696 2830 1833 2869; x_wconf 89' lang='lat' dir='ltr'>autem</span> 
     </span>
     <span class='ocr_line' id='line_1_44' title="bbox 154 2896 1834 2952; baseline 0.002 -15"><span class='ocrx_word' id='word_1_391' title='bbox 154 2899 379 2950; x_wconf 88' lang='lat' dir='ltr'>gustasset,</span> <span class='ocrx_word' id='word_1_392' title='bbox 419 2897 478 2938; x_wconf 90' lang='lat' dir='ltr'>ait</span> <span class='ocrx_word' id='word_1_393' title='bbox 510 2896 663 2939; x_wconf 89' lang='lat' dir='ltr'>Guido:</span> <span class='ocrx_word' id='word_1_394' title='bbox 701 2896 799 2939; x_wconf 91' lang='lat' dir='ltr'>Fuit</span> <span class='ocrx_word' id='word_1_395' title='bbox 830 2898 1002 2952; x_wconf 91' lang='lat' dir='ltr'>bonum,</span> <span class='ocrx_word' id='word_1_396' title='bbox 1042 2901 1104 2941; x_wconf 91' lang='lat' dir='ltr'>est</span> <span class='ocrx_word' id='word_1_397' title='bbox 1134 2898 1307 2952; x_wconf 89' lang='lat' dir='ltr'>bonum,</span> <span class='ocrx_word' id='word_1_398' title='bbox 1341 2898 1419 2941; x_wconf 87' lang='lat' dir='ltr'>erit</span> <span class='ocrx_word' id='word_1_399' title='bbox 1450 2898 1624 2951; x_wconf 82' lang='lat' dir='ltr'>bonum3</span> <span class='ocrx_word' id='word_1_400' title='bbox 1663 2898 1740 2941; x_wconf 88' lang='lat' dir='ltr'>hoc</span> <span class='ocrx_word' id='word_1_401' title='bbox 1771 2901 1834 2940; x_wconf 89' lang='lat' dir='ltr'>est</span> 
     </span>
     <span class='ocr_line' id='line_1_45' title="bbox 248 2976 815 3024; baseline 0.002 -13"><span class='ocrx_word' id='word_1_402' title='bbox 248 2977 290 3011; x_wconf 85' lang='lat'>18</span> <span class='ocrx_word' id='word_1_403' title='bbox 315 2976 495 3021; x_wconf 82' lang='lat' dir='ltr'>redibunt]</span> <span class='ocrx_word' id='word_1_404' title='bbox 524 2976 815 3024; x_wconf 75' lang='lat' dir='ltr'>orz‘9.1·edebunt.</span> 
     </span>
    </p>
   </div>
  </div>
 </body>
</html>
