1919 3131
104 145 167 186 11.

100 288 166 330 12.

101 431 166 472 13.

102 2147 166 2188 10.

102 2290 167 2331 11.

101 2431 166 2473 12.

102 2716 167 2757 14.

103 2857 168 2899 15.

913 39 967 78 (39

216 143 466 200 Exemplum
515 144 563 186 de
611 149 752 186 saneto
800 146 961 201 spiritu.
1026 145 1176 188 Beatus
1225 147 1466 199 augustinus
1507 149 1632 191 refert
1672 151 1776 204 quod

216 215 355 257 moris.
405 215 668 269 (Vergiftetes
701 216 798 259 herz
831 216 979 259 brennt
1010 217 1154 269 nicht.)
1202 217 1272 259 lat.
1298 219 1366 259 23.

215 287 348 330 Erant
379 286 458 328 (luo
491 287 639 329 fratres
671 302 842 343 quorum
877 302 980 331 unus
1014 292 1102 331 erat
1131 288 1272 344 laycus
1296 289 1399 332 alter
1421 293 1556 334 autem
1581 290 1776 334 Clericus.

214 357 330 409 (Drei
363 358 648 410 buohstaben.)
695 373 821 413 germ.
847 361 914 401 26.

215 428 384 472 Gestum
420 430 468 472 de
501 430 684 486 perfecta
715 435 970 486 paupertate.
1029 431 1168 474 Refert
1200 436 1391 475 saturnus
1424 433 1530 488 quod
1564 433 1775 490 dyogineS.

215 501 438 556 (Diogenes
471 501 554 543 und
587 502 854 553 Alexander.)
901 516 1028 556 germ.
1057 503 1120 544 15.

416 690 561 725 XVIII.
599 689 690 725 Cod.
711 690 877 734 Tubing.
897 690 1211 736 (Willnelmstift)
1237 691 1288 737 X,
1306 690 1365 737 14,
1390 691 1460 726 rol.

375 761 428 796 Bl.
452 762 587 795 1—456.
638 761 742 795 Danu
769 761 835 796 Vll
862 771 938 805 sap.
966 763 1031 803 (16
1057 764 1155 805 cap.)
1206 762 1306 796 1459.
1356 762 1401 796 82
1427 771 1505 806 cap.

155 890 163 899 .
213 856 434 913 Pampejus
473 858 661 912 regnavit
700 857 814 899 dives
854 871 977 913 super
1016 858 1153 900 omnia
1191 871 1237 900 ao
1267 861 1414 913 potens
1448 857 1516 911 qui
1547 855 1674 899 filiam
1708 857 1779 900 ha-

212 928 345 971 bebat.
395 928 510 971 Ohne
543 929 654 970 hund
688 930 770 971 und
803 929 952 985 lampe.
1003 929 1221 977 (Entfuhrt
1242 929 1327 972 und
1349 928 1603 980 beschenkt.)
1651 928 1721 971 lat.
1743 932 1777 971 1.

215 999 443 1043 Graeianus
487 1001 677 1054 regnavit
715 1001 783 1055 qui
823 1002 969 1043 statuit
1007 1015 1081 1057 pro
1119 1001 1209 1055 lege
1249 1001 1323 1043 sub
1357 1014 1464 1057 pena
1494 1001 1639 1042 mortis
1672 1001 1780 1056 quod

213 1071 299 1114 filii.
351 1071 475 1123 (Zwei
508 1072 672 1126 brudei·³
706 1073 858 1125 onkel.)
910 1073 981 1115 lat.
1007 1074 1045 1114 2.

212 1143 420 1186 Honorius
466 1144 657 1197 regnavit
702 1145 771 1199 qui
819 1145 964 1186 statuit
1006 1158 1078 1200 pro
1116 1144 1206 1198 lege
1246 1143 1354 1198 quod
1396 1143 1429 1185 si
1469 1142 1618 1186 mulier
1657 1147 1776 1186 esset.

213 1214 425 1263 (Zweimal
457 1215 785 1267 hinabstiirzen.)
833 1216 902 1258 lat.
928 1218 966 1257 3.

215 1286 449 1329 Friderieus
496 1287 537 1328 in
578 1287 744 1329 ciritate
781 1300 954 1329 romana
991 1287 1180 1341 regnavit
1219 1287 1287 1342 qui
1327 1286 1395 1328 diu
1435 1286 1523 1328 sine
1562 1284 1678 1341 prole
1715 1299 1780 1328 re-

158 1374 163 1378 ·
214 1359 380 1400 mansit.
429 1357 552 1411 (Ring
584 1358 656 1400 der
689 1358 1019 1412 vergessenheit.)
1066 1358 1135 1400 lat.
1165 1359 1228 1400 10.

215 1430 318 1473 Erat
357 1429 523 1484 quidam
562 1429 790 1484 imperator
824 1431 865 1472 in
900 1431 1014 1484 enjus
1044 1430 1220 1485 imperio
1254 1433 1343 1472 erat
1374 1428 1539 1484 quidam
1573 1434 1776 1477 sacerdos,

216 1500 545 1556 (Hundsquelle.)
591 1500 662 1542 lat.
689 1501 754 1543 12.

216 1572 391 1624 Quidam
422 1572 649 1627 imperator
681 1576 770 1614 erat
801 1573 870 1627 qui
902 1572 1113 1628 pulchram
1147 1585 1319 1614 uxorem
1352 1572 1496 1617 habuit
1528 1588 1648 1630 quam
1674 1577 1778 1620 miro

215 1644 349 1686 modo.
397 1643 507 1686 Zwei
538 1643 721 1685 moralis.
771 1643 831 1692 (C.
854 1643 904 1686 D.
929 1643 984 1686 M.
1008 1644 1072 1696 R.)
1119 1643 1190 1686 lat.
1218 1645 1283 1685 13.

158 1749 166 1759 .
216 1715 319 1759 Erat
357 1715 522 1770 quidam
564 1715 792 1770 imperator
833 1716 902 1771 qui
941 1716 1085 1759 habuit
1124 1715 1329 1770 quandam
1370 1716 1566 1760 forestam
1605 1719 1647 1761 in
1685 1733 1775 1775 qua.

217 1787 392 1840 (Naekte
417 1786 700 1841 jungfrauen.)
746 1786 817 1830 lat.
846 1788 940 1829 115.

215 1858 389 1910 Quidam
429 1858 546 1900 miles
588 1856 711 1912 [erat]
754 1859 823 1913 qui
864 1862 1043 1901 castrum
1077 1857 1291 1914 pulchrum
1326 1858 1504 1902 habebat
1534 1861 1578 1902 in
1611 1874 1689 1916 quo
1721 1862 1778 1905 oi-

215 1931 344 1973 conie.
393 1929 633 1980 (Stel-chin.)
680 1929 750 1972 lat.
776 1930 842 1972 82.

214 2001 403 2045 Justinus
439 2002 481 2043 in
513 2002 681 2044 civitate
712 2015 884 2044 romana
915 2002 1104 2056 regnavit
1135 2002 1204 2057 qui
1236 2003 1381 2044 statuit
1411 2016 1486 2058 pro
1518 2003 1618 2058 lege.
1677 2004 1776 2056 (Un-

215 2077 330 2116 treue
360 2086 489 2128 gegen
522 2074 725 2125 erretter.)
774 2073 844 2116 lat.
872 2074 966 2115 117.

215 2144 333 2188 Miles
365 2144 531 2199 quidam
566 2149 655 2187 erat
687 2146 754 2199 qui
787 2149 871 2188 tres
902 2144 1008 2187 filios
1040 2145 1218 2188 habebat
1249 2146 1318 2200 qui
1350 2158 1441 2188 eum
1466 2146 1572 2189 mori
1595 2146 1773 2190 deberet.

216 2216 332 2268 (Drei
362 2216 509 2269 ringe.)
560 2215 631 2258 lat.
657 2216 723 2257 89.

213 2287 368 2330 Narrat
399 2286 579 2329 albertus
612 2287 721 2342 quod
753 2290 937 2343 tempore
969 2287 1118 2343 philipi
1148 2292 1236 2330 erat
1257 2287 1324 2329 via
1345 2288 1452 2330 inter
1474 2287 1575 2330 duos
1599 2292 1771 2332 montes.

215 2358 394 2409 (Drache
424 2359 480 2400 im
513 2358 756 2412 hohlwege.)
808 2358 878 2400 lat.
906 2359 1000 2400 145.

213 2430 327 2473 Dicit
346 2430 537 2486 ysidorus
561 2430 668 2484 quod
692 2434 754 2471 est
776 2429 940 2484 quidam
963 2429 1070 2486 lapis
1093 2430 1161 2485 qui
1184 2443 1353 2484 magnes
1377 2433 1556 2472 vocatur.
1592 2429 1776 2485 (Magnet

213 2501 298 2543 und
330 2501 468 2551 stahl.)
516 2514 609 2556 app.
634 2501 702 2542 45).

213 2572 318 2615 Erat
349 2572 514 2626 quidam
548 2585 621 2614 rex
654 2575 800 2627 potens
832 2571 951 2613 valde
983 2572 1050 2627 qui
1084 2572 1289 2627 quandam
1313 2573 1508 2614 forestam
1530 2571 1638 2614 fecit.
1686 2572 1774 2615 Nur

215 2644 287 2686 der
319 2647 427 2686 erste
457 2642 558 2685 theil
590 2656 669 2684 von
700 2643 772 2684 lat.
822 2643 1168 2696 (Hundenamen.)
1215 2643 1286 2686 lat.
1313 2644 1407 2685 142.

214 2714 355 2758 Refert
393 2714 580 2757 Justinus
629 2715 734 2769 quod
782 2715 891 2757 cives
936 2714 1214 2758 lacedemonie
1254 2714 1379 2758 semel
1418 2715 1770 2771 conspiraverunt.

216 2785 558 2838 (Waohsschrift.)
605 2785 674 2828 lat.
701 2787 767 2827 21.

216 2857 368 2900 Narrat
399 2858 641 2911 augustinus
674 2857 781 2911 quod
814 2857 962 2912 egipoii
993 2857 1090 2899 olim
1123 2857 1315 2900 volebant
1345 2856 1533 2900 edificare
1567 2859 1607 2910 (i.
1632 2871 1664 2901 e.
1688 2858 1772 2900 dei-

215 2927 368 2982 ficare).
418 2928 511 2980 (Isis
543 2928 626 2970 und
660 2928 858 2984 Serapis.)
903 2928 974 2971 lat.
998 2929 1065 2971 22.
