1949 3162
157 533 178 566 5

136 890 178 923 10

137 1245 179 1278 15

139 1599 184 1632 20

142 1953 186 1987 25

146 2669 190 2702 35

1000 61 1083 102 372

873 183 974 225 CAP.
1000 184 1067 225 63.
1111 184 1212 234 (55.)

610 272 684 317 De
719 271 1054 316 mundanorum
1092 267 1467 314 oblectationibus.

321 381 599 437 Vespasianus
631 380 819 432 regnavit
851 379 919 432 qui
951 377 1078 419 filiam
1102 377 1420 432 pulcherrimam
1442 375 1621 417 habebat
1642 374 1706 415 cui
1728 386 1878 416 nomen

204 454 370 507 Aglaes,
404 466 480 506 que
513 455 601 493 erat
631 452 754 492 nimis
787 449 960 505 pulchra
991 453 1031 491 et
1063 448 1190 490 oculis
1219 448 1430 489 hominum
1460 446 1659 500 graciosa,
1692 446 1750 486 ita
1772 444 1878 499 quod

206 526 291 579 ejus
329 522 590 579 pulchritudo
631 535 772 564 omnes
814 521 914 562 alias
956 519 1147 561 mulieres
1195 518 1432 561 excellebat.
1493 517 1658 559 Accidit
1695 529 1778 557 una
1815 515 1880 558 die

206 596 312 649 quod
355 609 445 636 cum
487 593 571 634 filia
603 593 689 647 ejus
722 596 816 634 ante
850 605 942 633 eum
975 593 1114 643 staret,
1148 604 1235 632 eam
1270 590 1414 631 intime
1445 589 1629 643 respexit
1660 591 1701 629 et
1731 587 1790 628 ait
1822 587 1878 629 ei:

205 666 443 719 Carissima,
476 677 625 706 nomen
657 667 771 705 tuum
806 662 993 713 mutabo3
1028 664 1196 716 propter
1228 660 1575 716 pulchritudinem
1607 659 1790 714 corporis
1820 657 1881 699 tui

206 738 260 780 sit
291 750 440 778 nomen
480 739 593 777 tuum
628 734 817 776 ammodo
851 733 1017 775 domina
1049 732 1203 785 solacii,
1243 732 1283 773 in
1318 732 1478 785 signum
1512 730 1631 784 hujus
1663 733 1709 771 ut
1739 742 1881 770 omnes

206 810 275 863 qui
308 809 357 849 ad
390 811 430 850 te
463 807 650 849 venerint
680 805 819 847 tristes
852 818 941 846 cum
977 804 1124 857 gaudio
1157 803 1362 845 recedant.
1415 802 1501 844 Rex
1536 814 1631 843 vero
1657 800 1780 854 juxta
1810 813 1882 855 pa-

204 881 355 922 lacium
389 878 591 934 quendam
625 882 757 918 ortum
790 875 1111 930 pulcherrimum
1146 874 1321 916 habebat
1348 874 1389 915 in
1413 887 1491 928 quo
1514 873 1652 928 sepius
1673 884 1796 914 causa
1818 884 1882 912 so-

206 952 300 994 lacii
342 949 579 993 ambulavit.
626 947 742 989 Fecit
781 946 1026 1002 proclamari
1058 960 1132 1000 per
1164 949 1294 987 totum
1330 945 1550 999 imperium
1583 943 1691 998 quod
1725 943 1759 984 si
1792 942 1883 996 quis

205 1023 332 1064 filiam
372 1035 486 1063 suam
530 1020 571 1061 in
609 1032 778 1060 uxorem
811 1017 962 1059 habere
1001 1016 1136 1069 vellet,
1178 1016 1227 1058 ad
1267 1016 1469 1071 palacium
1504 1028 1623 1056 suum
1655 1014 1813 1056 veniret
1843 1017 1884 1055 et

205 1094 312 1136 infra
344 1097 480 1134 ortum
511 1090 642 1132 tribus
676 1092 747 1130 aut
778 1092 953 1142 quatuor
985 1088 1126 1130 diebus
1155 1086 1275 1141 [oOb]
1310 1087 1528 1142 spaciaret,
1561 1085 1708 1128 deinde
1730 1084 1885 1127 rediret

206 1169 246 1208 et
276 1165 402 1206 filiam
436 1176 551 1205 suam
584 1162 627 1203 in
658 1174 829 1202 uxorem
862 1159 1042 1202 haberet.
1089 1158 1216 1200 Facta
1247 1158 1576 1212 proclamacione
1596 1155 1716 1198 multi
1738 1155 1789 1198 ad
1812 1168 1884 1211 pa-

204 1236 354 1278 lacium
389 1248 506 1276 suum
539 1236 752 1286 venerunt,
786 1235 920 1273 ortum
954 1230 1164 1272 intrabant
1196 1233 1236 1271 et
1264 1243 1486 1283 numquam
1512 1231 1654 1283 postea
1675 1230 1771 1268 sunt
1791 1226 1884 1279 visi,

207 1311 246 1350 et
279 1310 479 1361 quotquot
510 1307 723 1357 venerunt,
757 1302 892 1344 nullus
927 1316 975 1344 ex
1010 1302 1067 1344 eis
1101 1301 1244 1343 evasit.
1303 1300 1406 1342 Erat
1437 1304 1534 1341 tunc
1566 1299 1734 1354 quidam
1766 1297 1883 1340 miles

205 1379 246 1420 in
287 1377 474 1433 partibus
512 1374 762 1429 longinquis,
801 1387 892 1416 cum
933 1373 1115 1415 audisset
1155 1372 1203 1413 de
1244 1371 1442 1425 clamore,
1483 1370 1590 1425 quod
1629 1370 1664 1412 si
1703 1369 1793 1425 quis
1833 1368 1885 1411 ad

206 1449 410 1505 palacium
450 1448 611 1489 veniret
647 1445 775 1487 filiam
814 1445 922 1498 regis
962 1445 1002 1485 in
1044 1457 1213 1485 uxorem
1256 1442 1437 1496 haberet,
1477 1442 1589 1483 venit
1628 1441 1678 1483 ad
1712 1441 1884 1495 januam

207 1520 358 1576 palacii
381 1523 421 1561 et
443 1518 634 1574 pulsavit.
658 1516 823 1558 Janitor
845 1516 1025 1557 hostium
1048 1515 1209 1569 aperuit
1231 1518 1270 1556 et
1292 1528 1384 1556 eum
1407 1512 1649 1566 introduxit,
1673 1511 1725 1554 ad
1745 1524 1885 1565 regem

209 1592 382 1633 accessit
414 1594 454 1632 et
486 1590 561 1631 ait:
603 1588 781 1630 Domine
821 1587 890 1640 mi,
933 1586 1085 1628 clamor
1117 1586 1248 1627 factus
1281 1588 1343 1627 est
1376 1584 1618 1636 communis,
1650 1585 1697 1624 ut
1728 1582 1763 1624 si
1795 1582 1885 1636 quis

211 1667 345 1705 ortum
378 1668 559 1703 vestrum
592 1658 822 1712 intraverit,
855 1657 982 1699 filiam
1015 1660 1195 1699 vestram
1216 1657 1260 1698 in
1291 1669 1460 1698 uxorem
1481 1654 1662 1708 habehit,
1693 1653 1785 1695 ideo
1809 1652 1886 1694 huc

210 1734 317 1776 veni.
365 1733 438 1774 Ait
469 1746 561 1774 rex:
597 1730 742 1772 Ortum
773 1730 926 1771 intrate
959 1732 999 1771 et
1030 1729 1064 1770 si
1097 1728 1280 1770 exieritis
1313 1741 1401 1769 eam
1435 1725 1651 1768 habebitis.
1699 1723 1775 1774 Qui
1808 1723 1885 1766 ait:

211 1805 387 1847 Domine
426 1804 496 1857 mi,
538 1815 663 1844 unum
710 1800 835 1842 michi
873 1800 1068 1853 concede,
1116 1803 1210 1855 peto
1250 1799 1453 1840 instanter
1491 1801 1710 1852 antequam
1751 1799 1886 1837 ortum

210 1877 432 1928 intraverO,
466 1878 510 1916 ut
542 1874 679 1927 aliqua
710 1872 835 1914 verba
867 1885 959 1913 cum
999 1871 1136 1926 puella
1172 1870 1285 1925 loqui
1323 1873 1479 1925 potero.
1532 1868 1605 1910 Ait
1634 1867 1723 1909 ille:
1762 1865 1888 1908 Michi

212 1947 314 1989 bene
346 1946 492 2001 placet.
540 1944 725 1986 Accessit
757 1943 807 1984 ad
839 1942 1019 1998 puellam
1053 1948 1094 1984 et
1125 1942 1201 1984 ait:
1248 1941 1486 1994 Carissima,
1525 1952 1675 1981 nomen
1706 1941 1886 1980 vestrum

214 2022 277 2061 est
315 2018 481 2059 domina
520 2015 674 2069 solacii,
716 2014 766 2056 ad
798 2014 873 2055 hoc
912 2014 988 2056 tibi
1020 2013 1158 2055 datum
1193 2017 1274 2066 est,
1315 2015 1360 2053 ut
1391 2024 1532 2053 omnes
1565 2010 1636 2065 qui
1665 2009 1804 2051 tristes
1837 2007 1889 2050 ad

213 2093 253 2131 te
285 2089 455 2130 veniunt
484 2100 575 2128 cum
608 2085 756 2139 gaudio
788 2085 972 2137 redeant,
1005 2085 1075 2126 sed
1108 2098 1180 2138 ego
1213 2084 1336 2125 nimis
1368 2083 1500 2125 tristis
1528 2085 1569 2124 et
1597 2080 1803 2123 desolatus
1836 2079 1888 2122 ad

213 2164 254 2202 te
285 2160 423 2212 veni03
456 2158 581 2214 prebe
613 2170 708 2211 ergo
730 2156 856 2198 michi
877 2155 1093 2197 consilium
1116 2159 1156 2196 et
1177 2154 1376 2196 auxilium
1400 2153 1602 2208 quomodo
1625 2165 1716 2194 cum
1739 2150 1888 2205 gaudio

214 2231 403 2273 recedere
442 2233 597 2285 potero.
653 2227 774 2270 Multi
813 2230 906 2269 ante
943 2240 1009 2268 me
1048 2229 1249 2268 venerunt
1286 2229 1326 2268 et
1358 2230 1490 2267 ortum
1525 2225 1785 2266 intraverunt
1814 2234 1890 2264 nec

215 2315 393 2356 unquam
428 2301 603 2356 amplius
636 2300 715 2341 visi
747 2303 863 2349 sunt;
895 2299 928 2340 si
962 2312 1056 2352 ergo
1089 2297 1213 2338 michi
1246 2297 1353 2339 idem
1385 2309 1504 2338 casus
1539 2295 1808 2348 contingeret,
1842 2306 1890 2335 ve

214 2373 339 2415 michi
380 2373 514 2414 dicere
553 2374 710 2426 potero,
753 2370 859 2424 quod
900 2383 973 2423 ego
1011 2370 1054 2411 in
1095 2369 1307 2423 conjugem
1340 2371 1379 2410 te
1411 2366 1641 2410 desideravi
1672 2365 1713 2407 in
1745 2364 1890 2407 matri-

215 2444 364 2486 monio.
412 2443 470 2484 At
499 2442 590 2484 illa:
624 2441 716 2483 Tibi
748 2441 963 2483 veritatem
995 2440 1128 2482 dicam
1162 2444 1202 2482 et
1232 2443 1345 2481 tuam
1377 2438 1594 2481 tristiciam
1622 2438 1666 2479 in
1693 2435 1890 2491 gaudium

216 2518 466 2558 convertam.
520 2514 566 2555 In
606 2516 695 2555 orto
734 2512 805 2554 illo
845 2515 907 2554 est
944 2511 1110 2566 quidam
1142 2511 1204 2553 leo
1243 2510 1521 2552 ferocissimus
1554 2508 1624 2563 qui
1655 2521 1796 2550 omnes
1826 2507 1890 2548 in-

216 2590 371 2628 trantes
410 2583 616 2637 interficit,
659 2587 699 2625 et
729 2597 802 2638 per
834 2597 926 2625 eum
959 2596 1099 2625 omnes
1133 2582 1201 2636 qui
1233 2582 1492 2623 intraverunt
1520 2579 1686 2622 racione
1715 2574 1895 2634 persone*
1948 2587 1949 2590 ’

215 2671 305 2699 mee
348 2660 442 2698 sunt
478 2655 695 2696 interfecti.
744 2654 874 2696 Arma
911 2667 1059 2709 corpus
1092 2657 1208 2695 tuum
1240 2655 1372 2694 totum
1403 2652 1512 2693 ferro
1544 2664 1568 2692 a
1598 2650 1743 2706 planta
1772 2648 1890 2705 pedis

216 2742 345 2782 usque
378 2727 429 2769 ad
461 2726 655 2768 verticem
688 2725 848 2780 capitis,
883 2728 923 2767 et
954 2725 1037 2766 sint
1068 2724 1206 2765 omnia
1227 2736 1344 2765 arma
1364 2726 1436 2764 tua
1458 2735 1549 2764 cum
1571 2734 1737 2775 gummo
1757 2720 1888 2762 linita.

218 2798 319 2840 Cum
352 2812 448 2840 vero
482 2801 613 2839 ortum
648 2796 882 2849 intraveris,
914 2795 977 2837 leo
1010 2795 1149 2837 statim
1182 2795 1224 2836 in
1256 2798 1295 2836 te
1327 2794 1469 2847 irruet,
1502 2796 1646 2835 contra
1667 2805 1759 2834 eum
1790 2790 1890 2832 viri-

217 2868 311 2911 liter
343 2883 481 2924 pugna
512 2871 552 2910 et
583 2880 676 2909 cum
707 2867 839 2908 lassus
871 2867 995 2908 fuerit
1026 2866 1075 2908 ab
1109 2879 1154 2907 eo
1186 2869 1226 2907 te
1258 2878 1436 2920 separeS.
1484 2863 1556 2906 Ille
1578 2877 1673 2905 vero
1696 2876 1768 2918 per
1797 2861 1891 2904 bra-

218 2939 353 2981 chium
389 2940 451 2982 vel
482 2938 627 2995 pedem
661 2942 701 2980 te
732 2938 890 2980 tenebit
921 2951 1011 2979 cum
1044 2937 1234 2979 dentibus
1266 2936 1308 2977 in
1340 2938 1497 2978 tantum
1533 2934 1639 2990 quod
1671 2948 1744 2990 per
1777 2946 1892 2976 arma.
