1949 3162
739 715 1367 802 APPENDIX.

871 1019 970 1073 18⁶2,
1004 1030 1150 1072 germ.
1175 1017 1239 1060 11.

340 1104 571 1177 Narratur
603 1128 710 1184 quod
742 1127 906 1182 quidam
941 1126 1166 1181 imperator
1197 1123 1346 1166 nobilis
1378 1122 1521 1164 habuit
1550 1120 1676 1164 filiam
1698 1120 1883 1177 pulcram

221 1205 299 1247 sibi
331 1203 521 1256 similem,
555 1214 675 1256 quam
709 1198 914 1242 commisit
944 1196 1202 1239 seneschalco
1232 1209 1304 1237 suo
1327 1193 1633 1237 custodiendam
1658 1196 1698 1236 et
1717 1205 1887 1248 peregre

222 1276 429 1332 profectus
469 1278 541 1316 est.
604 1271 799 1314 Promisit
839 1269 1069 1311 senescalco
1108 1280 1300 1321 magnum
1340 1266 1535 1307 honorem
1576 1266 1610 1307 si
1650 1264 1751 1307 bene
1797 1277 1887 1306 eam

223 1347 447 1391 custodiret
478 1357 605 1399 usque
637 1343 688 1385 ad
717 1342 892 1384 reditum
925 1354 1056 1382 suum.
1098 1340 1154 1381 At
1174 1339 1243 1381 ille
1267 1337 1415 1380 oblitus
1439 1340 1499 1379 est
1520 1339 1713 1392 precepto
1735 1334 1889 1377 domini

224 1420 309 1472 sui,
348 1417 542 1460 tractavit
574 1428 663 1457 eam
695 1414 822 1467 male,
863 1413 1068 1455 intantum
1101 1410 1208 1465 quod
1248 1410 1399 1451 misera
1436 1409 1545 1451 facta
1584 1411 1645 1450 est
1683 1411 1723 1450 et
1759 1410 1889 1449 totam

224 1489 541 1547 pulcritudinem
575 1486 725 1528 amisit.
764 1485 864 1527 Post
894 1484 1099 1526 modicum
1131 1486 1293 1537 tempus
1325 1480 1439 1522 misit
1468 1481 1691 1535 imperator
1720 1478 1890 1520 nuncios

226 1560 483 1605 seneschalco
525 1572 598 1615 pro
636 1557 721 1599 filia
759 1570 832 1598 sua
871 1556 949 1598 sibi
985 1554 1212 1606 reddenda3
1251 1566 1332 1595 non
1363 1552 1562 1604 reddidit3
1601 1550 1766 1593 tandem
1798 1563 1890 1605 per-

226 1633 426 1688 emptorie
458 1632 606 1674 citatus
638 1632 711 1671 est.
750 1628 921 1670 Vocavit
952 1631 1035 1669 tres
1065 1626 1217 1668 amicos
1245 1625 1288 1666 in
1319 1624 1463 1678 quibus
1486 1621 1732 1674 confidebat3
1764 1633 1891 1663 unum

227 1718 346 1760 quem
379 1703 470 1759 plus
504 1715 624 1757 quam
657 1714 700 1743 se
731 1699 948 1754 diligebat,
983 1698 1105 1740 alium
1141 1710 1259 1752 quem
1291 1699 1451 1738 tantum
1483 1694 1588 1736 sicut
1619 1694 1819 1749 seipsum,
1854 1694 1894 1734 et

227 1776 399 1819 tercium
440 1774 658 1816 modicum.
711 1771 892 1821 Querens
932 1770 981 1812 ab
1022 1771 1079 1812 eis
1120 1768 1356 1821 consilium⁷
1396 1765 1596 1821 quomodo
1628 1764 1894 1820 responderet

228 1849 271 1890 in
303 1849 523 1902 conspectu
555 1843 710 1886 domini
742 1843 818 1884 sui.
862 1842 980 1884 Dixit
1001 1841 1172 1896 primus,
1205 1839 1311 1895 quod
1334 1839 1499 1880 duceret
1530 1835 1706 1889 eumad
1737 1835 1892 1878 exitum

230 1919 387 1961 domus.
440 1916 557 1959 Alter
596 1915 722 1968 dixit,
763 1914 871 1969 quod
910 1913 1076 1955 duceret
1107 1925 1199 1954 eum
1231 1915 1325 1953 ante
1357 1910 1521 1951 domum
1553 1911 1594 1950 et
1624 1920 1698 1963 pro
1729 1906 1800 1948 illo
1830 1919 1894 1948 re-

231 1990 463 2046 sponderet.
506 1987 585 2029 Sed
606 1987 756 2029 tercius
779 1985 918 2028 statim
941 1985 1038 2027 fecit
1069 1983 1247 2039 puellam
1278 1982 1407 2024 lavari
1440 1985 1480 2024 et
1509 1979 1697 2033 ungentis
1730 1977 1894 2034 optimis

230 2061 372 2115 inungi
405 2064 446 2103 et
476 2059 672 2115 preciosis
704 2057 958 2099 vestimentis
989 2055 1125 2109 indui,
1164 2055 1223 2097 ita
1262 2053 1369 2108 quod
1399 2052 1512 2094 nulla
1541 2051 1705 2107 penitus
1736 2048 1896 2092 macula

232 2134 274 2175 in
308 2146 355 2175 ea
386 2134 626 2186 appareret3
660 2133 700 2171 et
731 2129 789 2170 sic
818 2128 972 2170 sactum
1004 2130 1076 2169 est.

352 2204 561 2246 Reduccto.
615 2200 854 2253 Karissimi,
896 2200 1120 2254 imperator
1158 2198 1237 2239 iste
1275 2200 1336 2238 est
1364 2194 1472 2237 filius
1505 2193 1680 2245 domini3
1719 2191 1806 2234 filia
1836 2194 1898 2233 est

235 2276 391 2327 anima3
425 2272 679 2316 senescalcus
712 2276 774 2314 est
804 2284 911 2325 caro,
944 2284 1016 2326 per
1049 2282 1169 2324 quam
1204 2268 1341 2310 anima
1372 2265 1416 2308 fit
1441 2279 1535 2321 sepe
1556 2265 1727 2316 misera3
1758 2262 1898 2305 nuncii

235 2347 346 2389 varie
377 2344 658 2398 infirmitates,
692 2357 768 2398 que
800 2346 948 2384 vocant
980 2342 1157 2383 animam
1190 2337 1484 2395 peremptorie,
1525 2335 1686 2391 quando
1717 2333 1898 2376 infirma-

235 2422 323 2460 tum
356 2417 407 2459 ad
437 2419 625 2458 mortem.
664 2414 826 2456 Primus
859 2413 1012 2455 amicus
1045 2415 1140 2454 sunt
1170 2410 1462 2466 possessiones,
1494 2421 1571 2462 que
1601 2407 1755 2449 ducunt
1783 2405 1899 2447 illum

238 2489 289 2531 ad
321 2489 474 2531 exitum
508 2487 674 2539 mortis,
715 2485 915 2527 secundus
949 2484 1101 2525 amicus
1134 2482 1207 2524 filii
1239 2485 1278 2523 et
1313 2483 1524 2536 parentes,
1564 2479 1633 2533 qui
1670 2477 1902 2520 conducunt

239 2574 331 2603 eum
370 2559 421 2601 ad
460 2561 621 2613 portam
662 2557 859 2612 sepulcri,
899 2555 1050 2597 tercius
1093 2554 1246 2595 amicus
1279 2551 1519 2603 elemosina,
1561 2563 1638 2604 que
1677 2548 1823 2601 unguit
1861 2536 1909 2589 et*

238 2632 351 2673 lavat
387 2630 593 2671 hominem
635 2632 755 2683 atque
797 2627 966 2669 mundat
1004 2630 1043 2668 et
1081 2625 1192 2667 ducit
1231 2637 1322 2665 eum
1363 2626 1456 2664 ante
1495 2635 1612 2663 suum
1645 2620 1824 2674 judicem
1863 2621 1903 2660 et

239 2716 313 2758 pro
346 2715 392 2743 eo
423 2700 658 2756 respondet,
690 2702 735 2741 ut
767 2699 868 2741 bene
900 2698 1059 2740 evadat.
1112 2696 1284 2738 Studeas
1317 2708 1411 2748 ergo
1445 2693 1554 2735 omni
1586 2692 1798 2734 conamine
1827 2703 1901 2732 nos

242 2788 265 2815 a
296 2773 473 2829 peccatis
505 2771 643 2814 lavare
676 2774 716 2812 et
746 2783 819 2826 per
850 2781 1100 2824 consequens
1132 2768 1258 2809 vitam
1291 2769 1472 2808 eternam
1505 2764 1698 2807 obtinere,
