1919 3131
59 173 126 214 61.

58 457 125 497 63.

59 528 126 569 64.

58 670 125 711 65.

58 956 125 997 67.

58 1098 125 1140 68.

59 1170 125 1212 69.

59 1313 143 1355 70.-

59 1456 127 1497 71.

59 1597 127 1639 72.

59 1741 126 1782 73.

60 1883 128 1925 74.

60 2025 128 2067 75.

60 2097 128 2139 76.

61 2239 128 2281 77.

61 2382 129 2424 78.

62 2524 128 2566 79.

63 2665 130 2708 80.

64 2806 130 2849 81.

39 2928 43 2932 ’
65 2948 131 2991 82.

125 3029 341 3068 Oesterley.
365 3029 457 3058 Gesta
477 3029 687 3058 Romanorum.
1395 3018 1416 3050 (3

872 67 922 108 81

175 171 236 214 De
275 171 344 213 illo
386 172 453 225 qui
495 171 570 213 sibi
613 172 719 214 eruit
758 171 909 214 oculos.
974 171 1195 222 Quintillus
1235 171 1433 221 regnavit.
1500 170 1608 215 (100
1648 183 1740 223 gro-

175 242 330 287 schen.)
376 242 444 283 lat.
471 243 537 283 733.

175 312 236 355 De
277 327 399 355 aureo
438 327 560 369 pomo
600 318 638 356 et
679 313 816 356 stulto.
880 313 1128 356 Aurelianus
1166 311 1366 365 regnavit.
1424 310 1742 367 (Narrenapsel.)

174 384 245 426 lat.
272 385 338 426 74.

175 454 236 498 De
268 455 425 497 duobus
458 455 640 498 medicis.
691 455 863 506 Quidam
899 469 969 498 rex
1004 459 1103 497 erat.
1154 453 1459 508 (Ziegenauge.)
1508 454 1578 495 lat.
1605 454 1671 494 76.

174 526 236 569 De
267 527 456 582 passione
481 526 646 569 Christi.
695 527 878 578 Quedam
912 527 1057 569 civitas
1091 529 1190 569 erat.
1241 524 1419 576 (Draohe
1452 524 1577 567 durch
1612 524 1741 567 lowen

175 598 382 647 entfernt.)
431 611 525 653 app.
550 600 588 640 4.

175 668 237 712 De
261 669 392 711 milite
416 670 484 724 qui
508 670 652 725 pedem
677 669 829 712 famulo
854 669 1094 724 amputavit.
1145 667 1263 710 Miles
1287 667 1454 722 quidam
1477 670 1576 709 erat.
1627 666 1741 717 (Fuss

175 740 257 793 ab.)
305 740 376 782 lat.
404 742 498 782 127.

97 814 124 854 3.
173 812 235 854 De
267 813 409 866 regina
442 826 518 866 que
551 811 678 854 filium
711 813 819 866 regis
853 816 927 855 etc.
978 810 1207 853 Poneianus
1236 810 1475 865 imperator.
1525 809 1615 860 (VII
1639 822 1742 865 sap.⁷

174 883 376 935 rahmen.)
424 897 551 937 germ.
577 885 646 925 40.

173 955 236 997 De
273 954 479 1010 leporario
519 954 678 996 falcone
719 958 758 997 et
795 957 997 1010 serpente.
1058 952 1161 995 Erat
1194 951 1361 1006 quidam
1394 951 1525 994 miles.
1589 951 1743 1005 (Hund,

173 1025 246 1068 VII
279 1026 385 1082 sap.)
432 1039 560 1079 germ.
584 1026 653 1067 41.

174 1097 236 1140 De
268 1111 368 1153 apro
401 1102 441 1140 et
473 1101 651 1153 pastore.
702 1096 876 1146 Quidam
909 1096 1135 1151 imperator
1167 1098 1266 1137 erat.
1317 1094 1455 1148 OEber,
1487 1092 1561 1135 VII
1594 1094 1700 1149 sap.)

174 1168 237 1212 De
277 1169 408 1211 milite
447 1172 487 1212 et
527 1182 654 1211 uxore
693 1167 937 1210 adulterata.
993 1167 1207 1218 Quondam
1247 1169 1346 1208 erat.
1403 1163 1744 1219 (Haussohliissel,

176 1240 248 1282 VII
278 1241 384 1296 sap.)

175 1312 237 1354 De
272 1311 404 1354 milite
436 1311 500 1353 cui
531 1311 640 1353 filius
673 1315 747 1353 ete.
803 1309 977 1360 Quidam
1011 1309 1129 1352 miles
1163 1312 1263 1351 erat.
1321 1309 1493 1361 (Thurm
1525 1307 1744 1362 Herodots,

176 1383 249 1425 VII
280 1383 386 1439 sap.)
434 1396 561 1437 germ.
589 1383 657 1423 42.

176 1453 239 1496 De
284 1455 378 1510 pica
419 1467 496 1508 que
537 1453 794 1508 loquebatur.
858 1452 970 1494 Civis
1019 1455 1108 1494 erat
1155 1451 1334 1507 quidam.
1400 1450 1515 1493 Ohne
1560 1450 1742 1493 moralis.

178 1526 345 1578 (Elster,
375 1525 447 1567 VH
479 1525 584 1580 sap.)

174 1596 236 1640 De
268 1596 399 1639 milite
432 1600 472 1639 et
497 1598 650 1651 juvene
680 1609 821 1638 uxore.
872 1594 990 1637 Miles
1023 1593 1191 1649 quidam
1224 1606 1362 1636 senex.
1413 1592 1529 1636 Ohne
1560 1592 1741 1635 moralis.

176 1667 487 1724 (Gattenprobe,
518 1668 591 1710 VII
624 1668 729 1723 sap.)

174 1739 237 1782 De
274 1740 379 1782 turri
419 1744 459 1782 et
497 1739 759 1793 imaginibus.
825 1737 1074 1780 Octavianus
1115 1736 1315 1791 regnavit.
1380 1735 1550 1791 (Virgils
1590 1736 1744 1789 thurm,

176 1811 249 1853 VII
281 1811 386 1866 sap.)
434 1825 562 1865 germ.
587 1811 657 1852 43.

176 1882 238 1924 De
269 1886 426 1938 septem
461 1882 729 1938 sapientibus.
778 1880 953 1931 Quidam
986 1880 1226 1935 imperator.
1277 1878 1366 1931 (VII
1399 1891 1501 1934 sap„
1533 1877 1606 1920 VII
1639 1878 1745 1934 sap.)

175 1967 303 2008 germ.
327 1955 396 1995 48.
1295 1964 1299 1972 ·

175 2025 238 2082 De
261 2025 396 2068 Abiba
417 2028 457 2068 et
478 2024 743 2080 Imperatore.
792 2023 966 2074 Quidam
990 2023 1230 2078 imperator.
1273 2020 1460 2074 (Abibas,
1485 2020 1541 2071 5.)
1584 2020 1654 2062 lat.
1677 2020 1742 2061 17.

176 2096 239 2139 De
285 2109 468 2153 paupere
511 2096 581 2151 qui
619 2095 767 2137 cecidit
808 2098 883 2137 etc.
945 2092 1121 2144 Quidam
1161 2106 1320 2149 pauper
1356 2092 1446 2134 fuit.
1511 2090 1746 2143 (Draehen-

177 2167 399 2215 schwanz.)
446 2167 517 2210 lat.
546 2167 641 2208 114.

176 2238 238 2282 De
277 2239 477 2282 unicornu
509 2241 585 2280 etc.
632 2237 736 2279 Erat
767 2236 933 2291 quidam
967 2237 1206 2291 imperator.
1262 2234 1437 2287 (Naokte
1462 2233 1743 2288 jungfrauen.)

176 2310 247 2353 lat.
274 2310 370 2352 115.

176 2381 239 2424 De
270 2381 409 2437 puella
441 2393 563 2435 quam
595 2384 797 2435 tyrannus
829 2377 1056 2421 defloravit.
1110 2376 1302 2420 ‚Iustinus
1332 2378 1375 2419 in
1407 2376 1586 2419 civitate.
1643 2374 1744 2428 (Un-

177 2456 293 2496 treue
323 2465 452 2506 gegen
487 2452 689 2503 erretter.)
736 2450 806 2492 lat.
835 2450 929 2491 117.

176 2523 239 2566 De
277 2523 479 2566 divisione
518 2523 705 2565 fratrum.
769 2521 972 2563 Narratur
1013 2519 1121 2575 quod
1159 2519 1226 2562 lex
1267 2519 1357 2561 fuit.
1424 2517 1742 2571 (Erbtheilung.)

177 2594 248 2637 lat.
273 2596 341 2637 90.

177 2665 240 2708 De
270 2666 471 2720 regimine
499 2664 682 2720 corporis
705 2667 746 2706 et
767 2662 914 2705 anime.
955 2661 1113 2715 Regina
1135 2661 1323 2717 quedam.
1367 2658 1595 2713 (Zweierlei
1616 2658 1742 2711 tuoh.)

177 2736 248 2779 lat.
273 2737 340 2779 26.

180 2807 243 2850 De
273 2807 343 2849 illo
377 2807 447 2862 qui
477 2806 582 2849 vidit
612 2807 845 2861 serpentem
877 2803 1062 2858 ligatum.
1111 2802 1294 2857 Legitur.
1345 2801 1566 2856 (Sohlange
1597 2799 1742 2852 losen.)

178 2878 249 2921 lat.
276 2879 371 2920 174.

179 2949 242 2992 De
272 2948 446 2991 latrone.
494 2948 670 2998 Quidam
701 2946 892 2989 dominus
925 2950 1024 2988 erat.
1074 2944 1209 2997 (Zoll.)
1258 2944 1327 2986 lat.
1356 2944 1450 2985 157.
