1919 3157
891 97 976 137 325

98 205 253 257 perent.
302 200 425 243 Canis
459 215 554 243 vero
587 206 647 243 est
680 216 774 244 caro
809 203 971 253 misera,
1005 215 1082 255 que
1115 202 1179 243 die
1209 216 1254 243 ac
1279 207 1395 243 nocte
1418 202 1564 243 nititur
1586 202 1776 257 spiritum

97 272 341 328 perturbare
374 277 414 314 et
446 273 625 314 animam
660 274 857 316 occidere.
908 273 1024 314 [nde
1057 273 1105 314 de
1131 273 1377 314 necessitate
1401 273 1637 326 requiritur,
1671 274 1778 327 quod

96 343 228 385 tribus
260 343 445 385 cathenis
478 344 532 385 sit
563 357 657 385 caro
690 345 881 386 continue
914 344 1054 397 ligata,
1088 343 1245 385 scilicet
1277 357 1350 398 per
1373 344 1561 386 timorem
1595 344 1673 395 dei,
1706 358 1779 399 per

96 415 182 470 ejus
215 428 396 457 amorem
431 419 471 457 et
502 415 698 470 pudorem
737 416 943 470 peccandi.
997 415 1171 470 Propter
1203 415 1418 467 timorem,
1460 416 1555 469 quia
1587 415 1686 456 deus
1719 419 1781 457 est

89 487 227 541 justus
260 490 299 527 et
325 486 436 539 juste
471 492 725 541 peccatorem
755 487 914 540 judicat
947 486 996 528 ad
1030 499 1177 541 penam
1212 490 1469 541 perpetuam.
1519 485 1603 527 Hec
1631 490 1693 528 est
1714 499 1780 527 ca-

95 557 221 599 thena
253 557 400 612 prima,
433 570 523 599 cum
559 571 639 612 qua
671 572 764 599 ‹faro
798 558 949 600 misera
981 557 1144 610 ligetur,
1178 571 1228 598 ne
1258 557 1378 599 deum
1409 556 1589 598 offendat
1611 562 1651 598 et
1673 556 1780 598 salu-

95 633 177 671 tem
217 629 428 684 propriam
468 628 627 683 perdat.
682 628 869 670 Secunda
910 629 1084 670 cathena
1125 632 1188 670 est
1226 642 1340 670 amor
1383 628 1467 680 dei,
1517 628 1613 681 quia
1660 627 1780 669 homo

95 703 272 753 tenetur,
295 700 431 755 ipsum
455 713 578 755 super
601 701 737 741 omnia
761 700 944 753 diligere,
969 701 1096 742 eciam
1123 699 1214 754 plus
1237 712 1358 753 quam
1383 700 1577 754 seipsum.
1608 698 1782 753 Propter

96 771 182 825 ejus
215 784 396 812 amorem
429 771 607 826 teipsum
643 771 766 813 debes
799 771 1007 813 refrenare
1040 785 1063 812 a
1095 770 1211 812 viciis
1254 775 1293 812 et
1332 770 1683 825 coneupisceneiis
1716 782 1781 811 ca-

97 855 203 884 vere.
251 841 307 884 Et
339 856 464 897 quare
497 841 619 884 debes
648 842 783 897 ipsum
816 843 1021 884 intantum
1046 841 1244 895 diligere?
1292 840 1412 883 Certe
1434 841 1530 895 quia
1552 845 1593 883 te
1615 841 1782 894 creavit,

96 917 136 955 te
168 912 412 968 plasmavit,
452 918 491 956 te
531 913 581 954 ad
621 913 935 955 similitudinem
973 927 1088 955 suam
1121 913 1238 965 fecit,
1278 917 1319 954 te
1360 912 1535 954 redemit
1575 917 1615 954 et
1655 912 1781 953 vitam

97 989 281 1028 eternam
324 984 451 1026 dabit.
506 984 650 1026 Tercia
692 985 866 1027 cathena
905 988 967 1027 est
1006 985 1140 1040 pudor
1178 984 1356 1025 hominis
1396 996 1567 1038 peccare
1606 983 1648 1024 in
1688 996 1783 1024 con-

96 1060 239 1112 speetu
271 1056 350 1109 dei,
385 1056 481 1110 quia
513 1057 653 1098 onmia
685 1057 808 1109 videt,
842 1056 970 1098 eciam
1003 1056 1215 1097 minimam
1241 1055 1551 1108 cogitacionem,
1586 1068 1708 1108 quam
1741 1055 1783 1096 in

96 1127 217 1170 corde
249 1127 388 1169 habes.
438 1126 613 1183 Propter
644 1128 723 1169 ista
755 1128 835 1169 tria
867 1127 988 1169 homo
1021 1126 1142 1169 debet
1171 1127 1353 1181 seipsum
1377 1125 1567 1167 cohibere
1600 1129 1640 1167 et
1672 1125 1784 1167 nullo

95 1199 217 1241 modo
250 1198 371 1240 deum
407 1212 479 1253 per
513 1204 724 1253 peccatum
759 1198 976 1241 offendere.
1027 1197 1285 1240 Senescallus
1326 1201 1387 1239 est
1418 1196 1561 1250 homo,
1603 1197 1668 1238 cui
1700 1200 1784 1238 tra-

96 1270 201 1312 didit
232 1270 411 1312 animam
447 1284 537 1312 cum
572 1272 752 1324 quinque
785 1270 972 1312 sensibus
1005 1275 1045 1311 et
1075 1282 1240 1311 carnem
1274 1269 1380 1310 sicut
1412 1268 1525 1310 dedit
1557 1267 1608 1309 ad
1639 1281 1785 1321 regen-

96 1341 214 1395 dum,
250 1346 295 1383 ut
327 1355 401 1397 pro
435 1342 493 1384 eis
525 1342 796 1397 respondeat,
830 1341 992 1395 quando
1026 1340 1216 1382 dominus
1248 1343 1389 1382 noster
1420 1339 1562 1381 Ihesus
1596 1338 1784 1381 Christus

97 1412 154 1455 ad'
173 1413 377 1467 judicium
411 1413 581 1455 venerit.
631 1412 712 1455 Sed
745 1413 870 1454 miser
892 1412 1027 1464 homo,
1062 1412 1236 1466 quinon
1258 1411 1393 1465 diligit
1421 1411 1556 1463 deum,
1590 1410 1784 1453 cathenas

95 1484 269 1538 frangit,
311 1485 407 1540 quia
440 1485 653 1540 postponit
685 1484 748 1525 dei
783 1485 995 1536 timorem,
1038 1496 1119 1524 non
1152 1487 1269 1524 curat
1301 1483 1503 1536 cogitare,
1537 1482 1644 1536 quod
1670 1483 1784 1537 justo

91 1556 246 1610 judicio
285 1556 493 1598 hominem
536 1556 774 1598 eternaliter
813 1555 1024 1610 dampnat.
1089 1554 1308 1610 Postponit
1347 1553 1410 1595 dei
1451 1566 1654 1607 amorem,
1702 1568 1783 1596 11011

96 1632 213 1670 curat
244 1641 432 1683 pensare,
467 1632 622 1682 quanta
647 1627 806 1681 judicia
838 1627 990 1668 amoris
1023 1627 1059 1668 ei
1083 1625 1275 1679 ostendit,
1311 1625 1419 1679 quod
1445 1638 1536 1666 eum
1561 1625 1610 1667 de
1632 1625 1783 1667 nichilo

96 1698 332 1754 plasmavit,
367 1699 418 1740 ad
452 1700 538 1753 ejus
572 1699 884 1740 similitudinem
917 1698 1026 1751 fecit,
1062 1711 1154 1740 eum
1188 1711 1262 1739 sua
1290 1696 1471 1749 imagine
1493 1696 1634 1738 divina
1665 1696 1784 1739 deeo-

95 1771 216 1824 ravit,
249 1783 323 1826 pro
357 1783 404 1812 eo
436 1784 479 1812 se
512 1770 758 1823 humiliavit,
792 1773 984 1811 naturam
1006 1773 1190 1811 nostram
1216 1767 1454 1823 assumpsit,
1487 1768 1656 1823 proprio
1690 1781 1784 1810 san-

95 1841 220 1895 guine
261 1855 354 1884 eum
393 1842 589 1895 redemit,
629 1854 704 1884 neo
744 1841 942 1897 pudorem
986 1840 1182 1896 peccandi
1223 1853 1359 1881 coram
1403 1839 1569 1880 domino
1602 1839 1677 1881 deo
1710 1852 1782 1881 suo

96 1912 250 1955 habuit.
299 1912 448 1955 Omnia
479 1913 520 1954 in
554 1913 804 1955 contrarium
837 1917 1051 1968 perpetrat
1073 1915 1113 1954 et
1135 1911 1314 1953 animam
1339 1923 1454 1952 suam
1480 1910 1639 1952 occidit.
1688 1910 1783 1953 Ideo
1810 1921 1849 1953 ‘a’

96 1997 187 2026 cum
220 1985 379 2027 venerit
411 1984 498 2026 dies
524 1984 692 2039 judicii,
732 1989 830 2026 tune
870 1983 1088 2039 apparebit
1128 1986 1320 2038 peccator
1362 1987 1403 2023 et
1433 1995 1515 2023 non
1548 1982 1701 2036 poterit
1731 1981 1783 2023 ad

96 2055 255 2110 objecta
286 2056 557 2112 respondere,
598 2060 638 2097 et
669 2059 767 2097 tunc
799 2055 898 2097 deus
938 2055 1075 2097 tradet
1107 2068 1199 2096 eum
1238 2053 1465 2096 tor'toribus
1497 2053 1782 2107 infernalibus,

97 2127 202 2169 sicut
232 2127 322 2182 ipse
353 2131 530 2169 testatur
552 2126 705 2168 Mathei
728 2140 842 2167 xxv:
881 2124 971 2180 [28]
1007 2125 1065 2167 Ite
1098 2125 1307 2167 maledicti
1337 2125 1377 2166 111
1411 2125 1547 2178 ignem
1582 2129 1781 2166 eternum.

97 2197 344 2241 Studeamus
377 2212 473 2252 ergo
507 2202 600 2239 ante
633 2197 772 2239 omnia
804 2197 984 2238 animam
1019 2211 1040 2238 a
1077 2201 1243 2250 peccato
1281 2195 1507 2249 custodire,
1551 2196 1585 2237 si
1624 2195 1783 2237 deside-

95 2283 234 2312 ramus
268 2270 318 2312 ad
351 2270 478 2311 vitam
513 2273 697 2311 eternam
729 2269 958 2324 pervenire.

775 2498 877 2541 off.
902 2500 970 2540 as.
996 2498 1100 2550 (27.)

518 2587 592 2632 De
630 2585 922 2631 inexecrabz‘li
957 2585 1060 2630 dolo
1098 2584 1359 2630 vetularum.

216 2695 464 2751 Imperatrix
505 2695 678 2749 quedam
720 2699 829 2746 erat,
869 2694 910 2735 in
951 2693 1066 2747 eujus
1106 2693 1281 2748 imperio
1322 2695 1412 2733 erat
1451 2691 1617 2745 quidam
1649 2690 1781 2744 miles,

98 2768 166 2822 qui
198 2766 377 2809 nobilem
421 2780 592 2808 uxorem
636 2770 676 2807 et
714 2769 867 2807 castam
911 2769 1033 2819 atque
1074 2764 1264 2806 decoram
1304 2762 1492 2804 habebat.
1556 2761 1780 2815 Contingit,

98 2838 206 2892 quod
236 2837 355 2880 miles
389 2837 440 2879 ad
471 2836 817 2893 peregrinandum
854 2836 1050 2891 perrexit,
1084 2835 1154 2877 sed
1190 2836 1303 2890 prius
1325 2834 1442 2875 uxori
1467 2833 1649 2875 dixerat:
1680 2832 1782 2874 Nul-

97 2908 180 2951 lum
215 2908 425 2951 custodem
460 2908 571 2950 ultra
602 2907 678 2949 tibi
711 2907 887 2959 dimitto,
926 2907 1022 2961 quia
1054 2907 1154 2948 satis
1187 2905 1322 2958 eredo,
1355 2905 1461 2959 quod
1493 2917 1574 2946 non
1607 2903 1779 2957 indiges

193 2991 236 3025 12
261 2989 427 3033 hominis]
455 2995 539 3036 oriy.
558 2989 703 3024 homini.
801 2988 845 3022 29
871 2987 1003 3031 omnia]
1031 2993 1114 3033 orry.
1135 2987 1265 3021 omina.

1814 849 1853 881 10

1813 1205 1856 1239 15

1811 1563 1856 1596 20

1807 2275 1853 2309 30

1807 2840 1852 2873 35
