1949 3162
996 69 1079 111 636

203 194 366 236 semper
405 178 652 234 propinabat
691 177 767 220 sibi
809 177 947 218 vinum
990 176 1095 218 forte
1133 178 1178 216 ut
1209 187 1301 216 eum
1343 172 1564 226 occideret,
1606 171 1677 214 sed
1716 170 1872 212 amicus

204 266 366 307 semper
397 251 453 293 ibi
487 250 631 291 aderat
664 253 703 291 et
735 249 873 290 vinum
915 247 1111 289 miscebat
1150 248 1191 287 et
1228 245 1286 286 sic
1325 257 1462 297 regem
1503 242 1685 284 sanabat.
1739 240 1874 283 Simili

204 323 323 366 modo
357 326 418 364 est
449 321 498 363 de
529 321 659 362 nobis.
714 320 798 362 Rex
840 318 907 360 ille
945 322 1007 360 est
1039 316 1210 371 quilibet
1240 316 1360 357 homo
1401 328 1518 369 quem
1559 313 1773 355 constituit
1803 311 1874 354 do-

203 395 338 436 minus
379 406 502 447 super
542 392 679 434 onmia
719 405 843 446 opera
883 403 969 431 sua.
1025 388 1246 430 Infirmitas
1280 387 1365 440 ejus
1397 384 1635 439 multiplex,
1677 388 1740 427 est
1779 383 1874 438 quia

203 465 321 507 multi
359 467 454 506 sunt
493 465 561 518 qui
599 477 680 505 non
723 466 817 504 sunt
856 460 1030 502 confessi
1069 473 1143 501 1100
1182 458 1432 500 defleverunt
1471 461 1637 512 peccata
1678 455 1875 511 preterita

204 541 244 578 et
276 539 512 590 perpetrata
544 548 671 588 usque
704 533 846 575 adhuc.
892 531 999 581 Quot
1030 531 1138 572 enim
1171 530 1323 572 habent
1346 532 1512 584 peccata
1534 531 1595 569 tot
1614 526 1874 568 infirmitates

205 607 367 649 habent.
423 606 616 647 Inimicus
651 605 805 646 domini
839 607 900 645 est
931 602 1127 658 dyabolus
1161 602 1229 656 qui
1262 601 1455 656 propinat
1485 599 1562 642 sibi
1600 599 1738 639 vinum
1770 597 1876 638 forte

205 679 280 720 hoc
312 681 373 720 051
404 677 583 719 leticiam
617 676 759 718 mundi
792 676 832 716 111
867 674 1012 728 quibus
1049 673 1169 715 homo
1202 672 1448 723 delectatur,
1489 669 1561 712 sed
1594 669 1763 721 amicus,
1802 667 1877 709 hoc

206 753 268 792 est
309 749 479 804 spiritus
518 752 697 800 sanctus,
739 746 855 788 nobis
897 745 1034 787 miscit
1071 745 1210 786 vinum
1253 757 1344 785 011111
1385 755 1491 797 aqua
1534 741 1628 795 quia
1666 739 1742 781 hoc
1781 751 1878 794 sepe

206 821 419 862 ordinatur
451 820 558 874 quod
591 820 726 875 passio
761 817 916 860 domini
947 816 1157 859 reducitur
1187 815 1305 857 nobis
1338 814 1388 855 ad
1420 812 1674 855 memoriam.
1727 809 1782 852 Et
1821 809 1879 851 sic

207 892 450 947 deponimus
481 891 663 934 leticiam
699 894 740 933 et
771 889 965 943 gaudium
998 888 1141 930 mundi
1174 890 1213 929 et
1245 885 1440 928 deflemus
1472 883 1704 939 passionem
1738 881 1837 936 ejus.

875 1179 979 1239 ⁶236,
1013 1190 1116 1232 app.
1140 1176 1218 1219 40.

327 1284 500 1335 Quidam
535 1296 692 1338 pauper
725 1282 838 1324 venit
870 1281 920 1322 ad
952 1292 1145 1333 magnum
1179 1278 1327 1319 festum
1362 1280 1402 1318 et
1433 1275 1594 1317 absides
1620 1278 1661 1316 et
1682 1273 1764 1316 alia
1784 1285 1883 1314 vasa

212 1360 405 1410 argentea
452 1359 492 1396 01
539 1368 662 1396 aurea
698 1353 889 1395 cocliaria
926 1350 1263 1407 apportabantur.
1322 1348 1378 1390 Et
1419 1347 1488 1389 ille
1526 1360 1575 1389 ex
1619 1344 1884 1400 simplicitate

212 1442 286 1470 sua
317 1427 456 1482 posuit
488 1440 537 1468 05
570 1425 651 1467 11115
684 1426 724 1466 111
758 1425 850 1466 511111
883 1438 969 1477 5110,
1002 1422 1170 1464 credens
1194 1420 1266 1462 illa
1288 1432 1425 1461 secum
1448 1422 1614 1474 portare
1634 1429 1769 1472 posse.
1804 1414 1885 1458 Sed

211 1500 380 1542 veniens
404 1498 454 1540 ad
477 1497 663 1539 ultimam
689 1497 863 1551 hospicii
891 1496 1061 1549 januam
1083 1498 1129 1534 111
1151 1493 1295 1545 exiret,
1322 1504 1440 1546 quem
1459 1490 1617 1544 janitor
1638 1487 1883 1544 exploravit,

211 1571 246 1612 si
280 1570 377 1625 quid
408 1582 599 1611 vasorum
633 1568 814 1621 haberet,
858 1573 897 1609 et
928 1566 1085 1608 invenit
1117 1564 1255 1619 aliqua
1285 1576 1385 1604 vasa
1416 1561 1525 1617 apud
1563 1574 1654 1603 eum
1688 1563 1729 1602 et
1759 1571 1884 1614 05110-

211 1642 330 1684 liavit
378 1655 469 1682 eum
519 1640 726 1695 oproprio.
790 1638 858 1681 Sic
905 1643 967 1680 est
1010 1638 1059 1679 de
1108 1636 1243 1678 avaris
1283 1635 1352 1689 qui
1395 1634 1566 1676 veniunt
1603 1634 1644 1674 in
1685 1631 1885 1673 mundum

212 1714 353 1761 istum,
387 1711 532 1766 quibus
565 1710 741 1753 offerunt
772 1710 935 1752 diversa
968 1722 1065 1750 vasa
1096 1709 1122 1749 i.
1147 1721 1180 1749 e.
1214 1705 1348 1748 officia
1386 1706 1436 1747 ad
1470 1718 1588 1746 usum
1620 1716 1752 1745 suum.
1805 1701 1886 1744 Sed

216 1785 312 1838 quia
344 1784 519 1825 credunt
550 1796 598 1824 ea
629 1795 767 1824 50011111
792 1782 899 1823 ferre
920 1794 1054 1836 posse,
1086 1781 1337 1832 congregant
1359 1782 1557 1832 quantum
1579 1778 1766 1831 possunt.
1807 1772 1887 1815 Sed

217 1868 327 1897 mors
361 1854 430 1908 qui
464 1858 525 1895 est
551 1854 707 1908 janitor
738 1853 880 1895 mundi
912 1852 1046 1894 aufert
1076 1852 1156 1892 ista
1189 1850 1239 1892 ad
1270 1863 1391 1891 usum
1422 1848 1670 1900 viventium,
1710 1845 1807 1900 quia
1844 1844 1886 1886 in

217 1930 350 1968 morte
384 1939 507 1966 avaro
541 1925 619 1966 erit
650 1924 762 1966 sicud
786 1925 835 1965 de
858 1937 975 1978 equo,
1009 1923 1077 1977 qui
1108 1935 1189 1963 non
1216 1921 1303 1962 vult
1333 1920 1496 1962 trahere
1527 1931 1706 1971 currum,
1739 1916 1887 1958 occidi-

218 2002 299 2051 tur,
334 1997 567 2039 excoriatur
599 2000 643 2036 ut
676 1995 818 2037 saltem
853 1996 1009 2037 corium
1042 1993 1320 2038 venundetur:
1363 1992 1420 2033 sic
1452 1994 1493 2032 et
1522 1991 1649 2032 istum
1680 1993 1886 2031 mortuum

220 2071 457 2111 executores
492 2073 532 2108 et
562 2067 732 2108 heredes
765 2067 975 2108 excoriant
1013 2070 1053 2108 et
1093 2064 1313 2120 expileant.
1376 2062 1431 2105 Et
1467 2062 1598 2104 solum
1635 2060 1888 2102 lintheamen

222 2154 311 2182 cum
341 2153 419 2193 quo
444 2138 666 2194 sepeliatur
688 2138 938 2192 relinquunt,
961 2151 1049 2179 cum
1076 2150 1154 2191 quo
1178 2149 1268 2178 eum
1292 2137 1487 2190 separant
1508 2133 1558 2175 ab
1580 2131 1768 2174 omnibus
1791 2130 1887 2172 suis.

893 2427 991 2481 237,
1024 2439 1126 2482 app.
1149 2426 1219 2469 41.

339 2531 458 2573 Dixit
490 2529 648 2572 ovidius
681 2529 787 2583 quod
819 2533 902 2571 tres
933 2529 1099 2571 fuerunt
1130 2541 1277 2584 syrene
1308 2528 1350 2569 in
1380 2526 1555 2581 quadam
1587 2522 1722 2565 insula
1750 2521 1910 2574 maris,-

221 2616 302 2644 una
333 2601 525 2643 cantabat
555 2615 646 2643 cum
678 2605 830 2656 cytara.
864 2600 1007 2642 Altera
1038 2614 1128 2641 cum
1160 2599 1262 2654 lyra.
1314 2598 1370 2641 Et
1403 2597 1529 2640 tercia
1566 2611 1658 2640 cum
1689 2610 1788 2638 voce
1818 2596 1892 2637 hu-

221 2687 362 2726 mana,
403 2673 510 2727 quod
550 2686 688 2713 omnes
721 2673 762 2713 in
801 2686 966 2713 suavem
999 2671 1217 2713 melodiam
1255 2668 1503 2712 resonabant
1532 2670 1590 2711 ita
1622 2668 1728 2723 quod
1758 2671 1893 2709 trans-

223 2749 363 2787 euntes
397 2745 518 2798 juxta
562 2743 738 2785 insulam
786 2743 1017 2785 abdormire
1055 2743 1249 2784 facerent.
1307 2741 1362 2783 Et
1399 2754 1490 2783 cum
1531 2753 1670 2782 omnes
1714 2739 1893 2781 dormire

224 2816 459 2868 sensissent,
492 2814 764 2857 ascendebant
796 2819 834 2855 et
866 2828 933 2856 eos
957 2813 1207 2856 invadebant
1236 2816 1277 2855 et
1298 2813 1354 2854 sic
1375 2811 1674 2854 interficiebant
1694 2810 1890 2852 homines.

226 2885 327 2928 Cum
365 2900 461 2929 vero
502 2886 632 2928 ulixes
670 2886 865 2927 transiret
905 2890 945 2927 et
982 2887 1105 2928 sciret
1141 2884 1367 2939 periculum
1413 2883 1646 2936 imminem,
1689 2880 1895 2923 obturavit

226 2971 343 2999 aures
376 2971 469 2999 suas
501 2971 552 3000 ne
585 2957 762 2999 sonitum
794 2970 934 2999 earum
967 2956 1127 2999 audiret
1157 2959 1198 2998 et
1228 2956 1287 2998 sic
1317 2954 1459 2997 evasit.
