1949 3162
968 40 1054 81 456

810 164 911 206 CAP.
941 165 1035 205 114.
1071 164 1203 214 (100.)

240 254 314 298 De
351 252 625 297 liberaec'one
661 252 853 296 lzwuam'
886 252 1062 310 yeuerc's
1101 266 1127 293 a
1153 250 1295 309 fovea
1335 249 1509 294 baratri
1544 248 1793 308 infernalis.

288 361 392 402 Erat
432 360 597 414 quidam
637 374 730 413 rex,
773 361 814 401 in
857 359 970 412 cujus
1010 358 1184 413 imperio
1225 358 1390 412 quidam
1434 370 1589 412 pauper
1629 356 1854 410 habitabat,

174 433 242 486 qui
276 431 449 484 singulis
472 431 614 473 diebus
649 431 699 472 ad
723 431 927 485 quandam
953 429 1099 471 silvam
1133 429 1328 484 perrexit,
1362 432 1406 469 ut
1436 428 1549 481 ligna
1570 427 1781 481 colligeret
1805 427 1856 469 ad

102 511 123 544 5
172 503 453 555 vendendum,
494 516 567 557 per
607 516 684 556 que
725 505 864 557 posset
904 502 1054 542 victum
1097 504 1136 542 et
1176 500 1370 541 vestitum
1409 500 1633 553 acquirere.
1695 498 1858 540 Accidit

173 574 349 628 quadam
384 574 470 626 die,
513 573 621 628 quod
654 573 702 614 ad
737 573 881 614 silvam
916 585 1007 614 cum
1041 572 1156 613 asino
1190 584 1261 612 suo
1299 570 1495 625 perrexit.
1551 570 1587 611 A
1621 583 1717 612 casu
1748 569 1857 611 infra

173 646 418 687 densitatem
452 645 631 686 nemoris
665 645 833 697 cecidit,
868 648 908 685 et
940 643 1074 684 subito
1106 642 1147 683 in
1182 641 1386 696 quandam
1420 641 1580 683 foveam
1614 640 1774 694 cecidit,
1807 640 1856 682 de

173 730 254 771 qua
293 716 403 757 nullo
443 715 564 757 modo
605 719 768 771 poterat
809 715 941 765 01111-ος
990 714 1032 755 in
1072 726 1153 767 qua
1190 713 1310 754 fovea
1349 717 1437 754 erat
1474 712 1596 754 draco
1634 710 1856 765 horribilis,

175 787 243 841 qui
283 791 410 828 totam
452 787 612 829 foveam
654 787 826 828 interius
868 799 958 827 cum
999 799 1072 826 sua
1105 784 1235 825 cauda
1271 783 1567 825 circumvolvit.
1628 782 1674 824 In
1715 782 1857 824 eadem

107 864 149 897 lo
174 860 292 900 fovea
325 859 452 900 eciam
488 862 606 900 erant
638 862 851 913 serpentes
884 856 1003 898 multi
1037 857 1077 897 in
1101 856 1303 910 superiori
1328 858 1445 910 parte
1466 854 1596 907 fovee,
1630 858 1670 896 et
1699 854 1741 895 in
1765 867 1857 909 pro—

173 930 312 971 fundo.
365 928 451 984 [OG]
487 929 542 971 Et
573 930 613 971 in
638 930 773 972 medio
807 932 895 971 erat
926 927 1093 982 quidam
1123 927 1229 982 lapis
1253 926 1466 979 rotundus,
1500 926 1550 967 ad
1574 939 1691 980 quem
1716 939 1858 968 omnes

175 1006 386 1056 serpentes
409 1001 580 1054 singulis
604 1001 746 1043 diebus
770 1001 897 1042 semel
919 1001 960 1041 in
984 1000 1048 1042 die
1072 998 1374 1040 descendebant
1402 1002 1442 1039 et
1462 997 1577 1039 illum
1601 997 1857 1049 lambebant3

176 1072 321 1113 deinde
354 1072 477 1113 draco
511 1072 636 1113 simili
660 1072 779 1113 modo
802 1072 1011 1114 lambebat
1042 1071 1235 1126 lapidem.
1279 1069 1441 1124 Pauper
1463 1081 1554 1110 cum
1579 1068 1653 1110 hoc
1676 1068 1858 1121 vidisset,

174 1144 284 1185 intra
317 1157 359 1185 se
391 1143 617 1196 cogitabat:
651 1142 792 1185 Multis
825 1143 968 1185 diebus
1000 1143 1042 1184 in
1075 1143 1155 1183 ista
1180 1142 1298 1184 fovea
1330 1141 1418 1182 sine
1451 1139 1644 1182 alimento
1677 1140 1787 1193 steti,
1820 1144 1860 1182 et

108 1220 149 1254 15
174 1215 254 1256 nisi
277 1214 411 1256 cibum
446 1215 639 1268 habuero,
672 1215 780 1256 fame
804 1215 967 1269 peribo3
1001 1227 1171 1270 pergam
1201 1213 1252 1255 ad
1273 1212 1390 1254 illum
1414 1211 1593 1267 lapidem
1618 1215 1658 1253 et
1678 1211 1859 1254 lambere

179 1286 290 1339 volo,
325 1287 430 1327 sicut
461 1289 673 1341 serpentes
705 1287 901 1328 fecerunt.
949 1285 1140 1327 Perrexit
1171 1285 1220 1326 ad
1253 1284 1447 1340 lapidem,
1480 1283 1636 1338 incepit
1664 1282 1860 1336 lambere,

177 1362 217 1399 et
257 1358 414 1398 invenit
454 1371 617 1399 omnem
651 1371 862 1412 saporem,
904 1371 1021 1412 quem
1066 1370 1134 1398 cor
1176 1357 1262 1410 ejus
1302 1355 1583 1407 desiderabat,
1626 1358 1666 1396 et
1703 1354 1761 1396 sic
1800 1359 1862 1396 est

175 1428 470 1482 refoscillatus,
510 1442 556 1470 ac
596 1429 629 1470 si
671 1429 809 1470 omnia
848 1429 1003 1470 cibaria
1043 1428 1185 1470 mundi
1228 1427 1474 1469 comedisset
1513 1427 1598 1468 sive
1636 1425 1859 1467 habuisset.

178 1499 288 1541 Infra
321 1513 472 1554 paucos
496 1500 582 1541 dies
614 1501 768 1542 factum
794 1504 854 1541 est
879 1500 1105 1542 tonitruum
1129 1513 1325 1553 magnum
1351 1504 1391 1541 et
1425 1497 1632 1549 horribile,
1663 1498 1722 1539 ita
1754 1497 1863 1552 quod

107 1577 151 1610 20
178 1584 319 1612 omnes
362 1575 572 1626 serpentes
615 1585 720 1612 unus
760 1576 853 1626 post
891 1571 1015 1613 alium
1059 1571 1207 1622 exivit3
1246 1584 1337 1612 cum
1378 1584 1473 1611 vero
1513 1569 1650 1611 nullus
1692 1582 1862 1624 serpens

178 1647 410 1684 remaneret
442 1643 482 1683 in
517 1647 661 1697 puteo,
702 1643 824 1684 draco
863 1644 1018 1698 incepit
1050 1646 1167 1684 extra
1197 1642 1356 1684 foveam
1400 1641 1557 1691 volare3
1598 1654 1756 1696 pauper
1787 1640 1864 1682 hoc

180 1714 322 1755 videns
365 1713 537 1755 caudam
578 1714 768 1756 draconis
811 1715 963 1768 tenuit,
1006 1714 1127 1755 draco
1169 1727 1259 1755 eum
1301 1714 1350 1755 de
1383 1713 1500 1754 fovea
1541 1712 1694 1755 levavit
1732 1716 1773 1754 et
1812 1711 1863 1753 ad

180 1799 371 1838 maguam
406 1785 650 1827 distanciam
685 1790 802 1827 extra
833 1786 993 1827 foveam
1028 1785 1212 1840 projecit.
1262 1785 1332 1826 Ille
1366 1798 1460 1826 vero
1493 1798 1567 1840 per
1596 1783 1753 1839 aliquos
1776 1783 1863 1825 dies

179 1856 331 1898 ibidem
381 1857 496 1898 stetit
542 1857 736 1910 ignorans
784 1858 891 1898 viam
941 1862 1058 1899 extra
1104 1870 1260 1898 nemuS.
1328 1856 1492 1898 Accidit
1537 1855 1646 1911 quod
1697 1855 1862 1910 quidam

110 1933 154 1966 25
182 1932 429 1969 mercatores
463 1933 664 1969 venerunt
702 1933 740 1969 et
773 1942 862 1969 eum
898 1933 1014 1970 extra
1046 1941 1191 1970 nemus
1230 1928 1278 1969 ad
1311 1928 1419 1969 viam
1452 1931 1603 1969 rectam
1643 1927 1863 1980 duxerunt,

181 1999 249 2040 1110
284 2012 377 2040 vero
411 2000 577 2053 gavisus
612 2004 673 2041 est
705 1999 836 2052 valde,
872 2000 921 2041 ad
945 2000 1154 2041 civitatem
1178 1999 1301 2041 rediit
1327 2004 1367 2041 et
1389 1999 1578 2041 omnibus
1601 1998 1865 2041 denunciavit

182 2070 385 2124 quomodo
420 2071 454 2112 ei
489 2071 706 2123 acciderat,
741 2076 780 2112 et
812 2071 950 2113 statim
985 2075 1078 2126 post
1109 2070 1184 2112 hoc
1217 2072 1344 2112 vitam
1377 2070 1522 2112 finivit.

300 2143 585 2184 Moralzkaeio.
651 2141 885 2195 Carissimi,
924 2156 997 2184 rex
1035 2143 1111 2184 iste
1145 2146 1206 2183 est
1238 2146 1355 2197 pater
1386 2142 1568 2195 celestis,
1608 2155 1765 2196 pauper
1795 2140 1866 2183 ille

184 2217 319 2269 potest
360 2213 440 2254 dici
483 2213 654 2267 quilibet
691 2213 831 2266 homo,
874 2215 941 2267 qui
983 2214 1116 2254 nudus
1157 2217 1218 2254 est
1256 2227 1445 2267 egressus
1485 2213 1535 2255 de
1574 2217 1689 2255 utero
1721 2213 1865 2254 matris

113 2290 157 2323 30
184 2298 274 2335 sue3
317 2285 384 2338 qui
423 2285 551 2325 intrat
589 2298 753 2337 nemus,
795 2285 950 2327 scilicet
980 2285 1177 2327 mundum
1221 2285 1368 2336 istum3
1409 2285 1516 2327 unde
1554 2298 1652 2339 sepe
1683 2283 1793 2326 cadit
1822 2283 1866 2325 in

183 2356 342 2397 foveam
378 2355 645 2410 profundam,
686 2356 848 2409 quando
890 2357 999 2398 cadit
1031 2357 1073 2398 in
1107 2360 1321 2412 peccatum
1355 2356 1547 2408 mortale,
1586 2356 1655 2398 ubi
1681 2356 1794 2410 jacet
1822 2355 1865 2396 in

184 2440 333 2480 magno
367 2426 561 2481 periculO,
596 2427 691 2480 quia
724 2427 798 2469 sub
833 2432 1035 2482 potestate
1067 2428 1257 2470 draconis
1289 2429 1314 2470 i.
1341 2442 1373 2470 e.
1408 2427 1573 2469 diaboli.
1631 2426 1865 2482 Serpentes,

186 2498 254 2551 qui
288 2502 384 2538 sunt
415 2511 507 2538 cum
541 2511 586 2539 eo
620 2498 660 2539 in
693 2498 824 2551 fovea,
859 2502 955 2540 sunt
988 2499 1068 2541 alia
1099 2504 1269 2554 peccata
1300 2499 1497 2552 venialia,
1531 2512 1604 2554 per
1636 2511 1713 2552 que
1744 2497 1866 2539 homo
1915 2525 1922 2529 κ

184 2569 435 2610 intoxicatur
467 2568 578 2610 velut
610 2574 958 2624 pe1·se1·pentem;
993 2570 1098 2625 lapis
1127 2572 1326 2612 rotundus
1359 2572 1401 2612 in
1423 2570 1558 2612 medio
1581 2573 1644 2611 est
1664 2568 1866 2622 Christus,

115 2646 159 2678 35
185 2640 292 2681 unde
315 2639 559 2681 Psalmista:
600 2639 799 2694 Lapidem
834 2654 952 2694 quem
987 2642 1312 2697 reprobaverunt
1344 2641 1580 2683 edificantes
1614 2644 1690 2682 etc.
1743 2639 1788 2681 In
1820 2653 1867 2682 eo

184 2710 393 2753 invenitur
426 2711 558 2753 omnis
591 2725 713 2765 sapor
746 2716 785 2753 et
817 2712 1001 2766 dulcedo,
1035 2714 1086 2755 ad
1117 2713 1233 2755 illum
1267 2713 1461 2756 debemus
1489 2716 1675 2767 tempore
1695 2711 1867 2753 tribula—

186 2781 313 2822 cionis
347 2795 557 2824 recurrere
581 2788 732 2824 etcum
758 2783 901 2825 devota
926 2785 1117 2826 oracione
1149 2784 1344 2826 lambere.
1394 2783 1638 2825 Tonitruum
1671 2796 1866 2836 magnum

187 2858 249 2894 est
289 2854 489 2895 confessio
531 2867 635 2908 pura
674 2854 783 2895 facta
824 2868 916 2896 cum
956 2856 1206 2897 contricione
1245 2868 1380 2897 coram
1423 2854 1653 2907 sacerdote,
1698 2853 1748 2896 de
1788 2867 1867 2908 quo

185 2925 365 2966 tonitruo
399 2925 554 2968 scilicet
585 2925 839 2967 confessione
872 2939 1013 2968 omnes
1046 2932 1256 2982 serpentes
1288 2927 1314 2970 i.
1339 2940 1372 2968 e.
1397 2929 1565 2984 peccata
1596 2929 1637 2967 et
1658 2925 1866 2979 demones,
