1919 3157
838 55 923 96 315

46 163 143 202 tunc
182 160 294 202 venit
325 159 532 213 Christus,
572 161 640 214 qui
680 174 822 216 pacem
865 162 1017 202 fecerat
1057 164 1098 202 et
1134 160 1223 214 figit
1261 165 1344 204 tres
1379 161 1541 203 lanceas
1572 162 1613 203 in
1644 173 1713 203 cor

46 231 284 286 peccatoris.
332 230 471 272 Prima
503 234 564 273 est
596 233 806 287 separacio
839 246 863 274 a
894 232 983 286 deo,
1017 232 1196 274 secunda
1221 237 1283 274 est
1304 231 1555 286 maledice-io,
1587 232 1713 274 tercia

45 305 108 344 est
142 301 248 355 ignis
281 304 456 344 eternus.

715 530 816 572 οη.
841 530 908 571 20.
940 530 1042 582 (19.)

528 616 602 661 De
636 617 816 661 miseria
854 622 895 661 et
928 616 1233 662 tribulacione.
1762 625 1783 659 5

165 721 286 778 [22b]
331 722 542 766 Conradus
573 725 773 777 regnavit,
805 724 919 778 cujus
950 727 1136 780 tempore
1167 727 1255 766 erat
1287 724 1451 778 quidam
1487 737 1622 766 comes
1642 737 1715 766 no-

46 794 156 837 mine
185 793 439 850 Leopoldus,
473 796 562 849 qui,
595 796 697 837 iram
731 795 838 848 regis
869 798 1076 849 metuens,
1109 808 1200 837 cum
1232 808 1359 837 uxore
1391 809 1465 837 sua
1496 796 1537 837 in
1570 795 1715 837 silvam

44 865 224 918 fugiens,
264 865 307 907 in
346 865 522 920 quodam
560 866 722 919 tugurio
761 866 964 908 latitabat.
1026 866 1071 908 In
1114 879 1193 920 qua
1227 866 1331 908 silva
1361 869 1589 908 memorata
1619 866 1715 908 dum

46 949 160 978 cesar
181 935 393 978 Com-acius
425 940 645 978 venaretur
666 940 784 978 nocte
806 937 1134 992 superveniente,
1166 937 1208 978 in
1231 937 1373 979 eodem
1395 937 1559 990 tugurio
1580 937 1715 992 ipsum

46 1007 227 1063 oportuit
262 1006 475 1062 hospitari.
531 1006 605 1049 Cui
647 1007 809 1062 hospita
847 1021 1052 1062 pregnans
1091 1009 1227 1050 vicina
1265 1008 1446 1051 existens
1478 1008 1615 1063 partui
1648 1008 1716 1050 de-
1743 1017 1786 1050 10

46 1082 196 1131 center,
228 1082 274 1119 ut
304 1078 450 1133 potuit,
483 1079 631 1121 stravit
662 1084 701 1121 et
732 1079 966 1121 necessaria
996 1080 1260 1121 ministravit.
1307 1079 1463 1122 Eadem
1487 1083 1605 1121 nocte
1626 1093 1717 1121 mu-

46 1149 122 1191 lier
152 1148 278 1191 filium
312 1149 472 1204 peperit
504 1153 544 1191 et
575 1149 700 1192 Cesar
732 1163 872 1192 vocem
905 1150 1062 1192 audivit
1093 1150 1317 1193 dicentem:
1356 1151 1531 1206 Accipe,
1565 1150 1715 1205 accipe,

47 1221 197 1276 accipe.
243 1220 568 1275 Expergefactus
600 1222 689 1276 ipse
722 1235 745 1263 a
776 1234 948 1276 sompno
981 1224 1172 1277 totusque
1203 1222 1372 1263 timidus
1394 1225 1435 1264 et
1454 1221 1717 1263 tremefactus

47 1292 105 1334 ait
125 1292 235 1333 intra
255 1305 318 1333 se:
352 1290 456 1340 Quid
479 1292 614 1344 signat
635 1293 715 1335 ista
736 1307 836 1334 vox:
868 1293 1035 1347 Accipe,
1069 1293 1221 1348 accipe,
1255 1293 1421 1348 accipe?
1468 1292 1572 1343 Quid
1595 1292 1717 1335 debes

47 1362 258 1418 accipere?
292 1362 499 1416 cogitabat
531 1367 571 1405 et
596 1363 735 1405 statim
759 1363 1018 1405 obdormivit.
1064 1363 1120 1406 Et
1140 1376 1232 1406 ecce
1254 1364 1434 1407 secunda
1454 1365 1541 1406 vice
1563 1364 1720 1406 audivit
1745 1372 1787 1405 15

47 1446 187 1476 vocem
219 1433 419 1475 dicentem
453 1434 505 1475 ad
534 1435 690 1489 ipsum:
722 1434 873 1487 Redde,
905 1434 1043 1488 redde,
1074 1435 1211 1477 redde.
1260 1435 1385 1477 Cesar
1407 1435 1717 1491 expergefactus

48 1518 71 1547 a
102 1518 274 1560 sompno
306 1505 572 1547 contristatus
605 1509 666 1548 est
697 1506 815 1548 valde
848 1509 888 1548 et
919 1506 977 1547 ait
1007 1506 1115 1547 inter
1147 1519 1208 1548 se:
1241 1505 1346 1556 Quid
1371 1510 1433 1548 est
1452 1506 1551 1548 hoc?
1584 1507 1717 1561 primo

48 1575 204 1617 andivi:
237 1575 404 1631 Accipe,
434 1577 586 1632 accipe,
610 1577 762 1632 accipe,
785 1580 826 1618 et
845 1576 972 1618 nichil
994 1577 1153 1632 accepi3
1186 1577 1307 1619 modo
1331 1578 1449 1619 dicit:
1480 1577 1620 1619 Redde
1642 1580 1716 1619 etc.

47 1645 153 1697 Quid
186 1646 311 1689 debeo
343 1647 528 1701 reddere,
561 1661 609 1690 ex
643 1661 721 1702 quo
748 1647 880 1689 nichil
911 1647 1074 1703 accepi?
1121 1647 1246 1689 Cesar
1278 1648 1425 1690 iterum
1450 1648 1605 1703 incepit
1625 1648 1718 1690 dor-

45 1718 161 1760 mire.
215 1717 272 1760 Et
311 1730 403 1760 ecce
434 1719 562 1761 tercia
592 1719 679 1761 vice
712 1718 871 1760 audivit
901 1731 1040 1760 vocem
1073 1719 1276 1761 dicentem
1309 1719 1407 1761 sibi:
1444 1718 1577 1773 Fuge,
1609 1719 1716 1773 fuge,
1743 1728 1788 1761 20

45 1789 140 1842 fuge
162 1787 367 1831 Conrade!
400 1789 467 1832 hic
498 1803 599 1845 puer
630 1789 927 1845 primogenitus
959 1802 1084 1843 gener
1104 1793 1200 1831 tuus
1223 1790 1312 1831 erit.
1360 1789 1486 1832 Cesar
1507 1803 1603 1832 vero
1625 1803 1716 1832 cum

46 1859 146 1902 talia
177 1859 371 1912 audisset,
404 1864 609 1902 commota
641 1864 736 1902 sunt
767 1860 904 1902 omnia
934 1861 1094 1903 viscera
1125 1862 1224 1915 ejus.
1272 1860 1392 1903 Mane
1414 1874 1509 1903 vero
1532 1875 1717 1916 surgens,

47 1931 148 1973 duos
181 1931 405 1984 armigeros
437 1945 532 1973 suos
564 1931 805 1974 secretarios
837 1931 889 1973 ad
920 1945 964 1974 se
995 1933 1176 1986 vocavit,
1209 1932 1367 1974 dicens:
1407 1931 1467 1974 Ite
1498 1936 1539 1974 et
1568 1946 1719 1988 parvu-

45 2001 131 2044 lum
162 2001 278 2043 illum
310 2002 360 2044 de
390 2002 579 2044 manibus
610 2003 755 2046 matris
788 2003 987 2045 violenter
1019 2003 1176 2046 auferte
1207 2008 1248 2045 et
1277 2004 1411 2059 ipsum
1443 2016 1516 2058 per
1537 2003 1718 2046 medium

47 2072 278 2115 scindentes
310 2085 380 2115 cor
411 2074 497 2127 ejus
528 2073 652 2115 michi
683 2077 913 2129 apportate.
960 2073 1182 2117 Conterriti
1213 2078 1354 2116 euntes
1384 2074 1433 2116 de
1454 2075 1609 2128 gremio
1630 2088 1718 2116 ma-
1743 2084 1788 2119 25

48 2143 122 2186 tris
144 2157 318 2200 puerum
340 2147 579 2200 rapuerunt,
613 2158 732 2199 quem
753 2145 939 2188 videntes
961 2145 1265 2199 elegantissime
1285 2145 1416 2187 forme
1436 2145 1720 2188 misericordia

48 2215 148 2256 moti
178 2215 312 2270 ipsum
345 2229 468 2270 super
489 2215 695 2269 quandam
718 2215 876 2258 arboris
899 2216 1171 2272 superficiem,
1204 2230 1255 2258 ne
1277 2229 1301 2258 a
1321 2216 1418 2258 feris
1440 2216 1718 2270 devoraretur,

48 2289 331 2342 reposuerunt,
365 2290 405 2328 et
430 2286 613 2341 leporem
634 2287 880 2341 scindentes,
902 2301 972 2330 cor
995 2288 1082 2342 ejus
1104 2287 1245 2330 Cesari
1267 2286 1514 2329 detulerunt.
1561 2287 1717 2330 Eodem

48 2357 113 2399 die
155 2357 252 2399 dum
290 2357 455 2411 quidam
495 2357 578 2398 dux
617 2357 712 2400 inde
749 2359 946 2400 transiret
984 2363 1025 2401 et
1060 2371 1233 2414 puerum
1273 2358 1506 2412 vagientem
1545 2358 1717 2412 audiret,

48 2428 185 2483 ipsum
215 2428 258 2469 in
288 2428 444 2481 gremio
477 2441 549 2470 suo
582 2428 742 2483 private
769 2429 881 2471 nullo
904 2429 1058 2472 sciente
1080 2429 1250 2484 accepit,
1283 2432 1336 2483 et,
1369 2429 1466 2471 dum
1487 2428 1616 2471 filium
1635 2443 1718 2472 non
1743 2437 1788 2472 30

48 2498 229 2552 haberet,
261 2499 380 2541 uxori
413 2498 552 2540 attulit
582 2502 622 2541 et
652 2500 801 2542 nutriri
833 2514 926 2542 eum
956 2500 1054 2542 fecit
1084 2504 1125 2542 et
1155 2514 1180 2542 a
1211 2513 1254 2542 se
1285 2503 1326 2542 et
1355 2513 1482 2542 uxore
1511 2514 1585 2542 sua
1604 2500 1718 2554 geni-

49 2573 136 2612 tum
167 2568 339 2624 fingens,
370 2569 593 2612 Henricum
622 2571 795 2612 vocavit.
845 2570 947 2613 Cum
970 2584 1072 2626 puer
1088 2571 1174 2625 jam
1198 2571 1406 2626 crevisset,
1439 2575 1527 2614 erat
1548 2584 1719 2626 corpore

49 2640 218 2695 pulcher
255 2640 400 2695 nimis,
441 2654 511 2682 ore
548 2641 746 2683 facundus
780 2645 820 2684 et
850 2641 1040 2684 omnibus
1071 2642 1293 2695 graciosus.
1349 2641 1476 2692 Quem
1509 2655 1601 2683 cum
1632 2645 1716 2684 tam

50 2710 242 2753 decorum
282 2715 323 2754 et
358 2712 603 2768 prudentem
641 2712 745 2754 vidit
775 2711 920 2766 Cesar,
961 2725 986 2754 a
1022 2715 1140 2768 patre
1172 2713 1316 2768 peciit,
1356 2717 1397 2755 et
1427 2713 1469 2754 in
1502 2713 1616 2755 curia
1645 2726 1719 2755 sua

50 2794 218 2824 manere
261 2783 370 2825 fecit.
434 2782 514 2825 Sed
553 2795 646 2825 cum
684 2783 842 2826 videret
880 2796 1052 2838 puerum
1091 2784 1280 2826 omnibus
1319 2783 1549 2837 graciosum
1589 2786 1630 2826 et
1668 2783 1718 2826 ab
1743 2791 1788 2826 35

51 2853 239 2896 omnibus
270 2854 562 2907 commendari,
600 2853 788 2897 dubitare
819 2855 940 2909 cepit,
972 2868 1024 2896 ne
1054 2858 1149 2910 post
1179 2867 1222 2897 se
1253 2858 1456 2908 regnaret,
1489 2858 1530 2897 et
1559 2868 1610 2897 ne
1641 2855 1719 2897 iste

51 2924 117 2978 sit,
150 2938 268 2979 quem
301 2925 429 2967 occidi
462 2925 742 2967 mandaverat.
791 2925 940 2968 Volens
972 2925 1098 2979 igitur
1130 2939 1218 2968 esse
1240 2939 1420 2980 securus,
1451 2925 1610 2968 litteras
1631 2938 1718 2967 ma—
