1949 3162
947 57 1031 99 412

154 181 279 222 miser
310 178 431 219 homo
464 187 537 229 per
569 172 692 214 breve
725 172 886 222 tempus
919 167 1093 206 mortem
1128 172 1267 202 eorum
1301 155 1412 198 dolet
1442 157 1482 196 et
1513 151 1620 194 redit
1651 149 1702 191 ad
1723 146 1835 190 mala

155 264 303 307 opera3
337 252 377 290 et
408 251 506 288 tunc
538 243 671 285 aufert
703 241 752 282 ab
786 252 831 280 eo
865 235 1058 286 caudam,
1096 233 1121 274 i.
1146 245 1178 273 e.
1216 240 1405 279 uxorem,
1438 228 1484 266 ut
1514 224 1573 265 sie
1602 219 1833 274 flagellatus

156 321 409 373 corrigatur3
443 321 484 358 et
515 327 607 356 cum
639 326 714 354 nec
737 324 808 366 per
831 308 930 350 talia
962 303 1223 354 emendatur,
1256 304 1353 342 tune
1386 297 1485 338 deus
1518 307 1609 337 eum
1642 289 1836 334 interficit

158 397 198 435 et
229 389 481 445 coquinario,
515 387 540 428 i.
565 399 598 427 e.
633 382 794 426 diabolo
826 378 955 421 tradit
986 377 1027 417 in
1060 375 1125 416 die
1151 371 1309 427 judicii.
1383 368 1472 410 Non
1506 370 1567 408 est
1598 365 1639 406 in
1672 361 1836 404 homine

111 470 132 504 5
157 477 221 506 res
256 474 376 516 quam
411 459 509 501 deus
542 456 673 509 magis
697 452 832 505 diligit
860 462 981 504 quam
1015 460 1096 498 cor,
1130 445 1154 486 i.
1180 458 1213 485 e.
1249 442 1441 484 animam.
1505 437 1619 478 Tunc
1650 431 1837 476 diabolus

159 533 368 586 allegabit,
394 530 501 585 quod
519 529 700 571 animam
727 524 801 566 deo
820 520 1077 564 obedientem
1095 529 1177 557 non
1195 513 1331 566 hahet,
1356 516 1396 553 et
1413 510 1520 551 dicet
1537 507 1588 549 ad
1608 505 1837 548 Christum:

160 606 240 648 Iste
273 603 396 645 michi
429 600 622 643 obediens
653 597 732 638 fuit
763 598 803 636 et
833 592 909 634 tibi
941 588 1180 632 inobediens
1213 584 1311 633 fuit3
1350 583 1384 624 si
1415 579 1628 623 habuisset
1659 575 1838 618 animam

160 680 327 728 rectam,
360 685 583 727 numquam
617 671 856 725 preceptum
889 667 1006 704 tuum
1038 658 1245 700 violasset.
1308 654 1363 696 Et
1393 653 1451 694 sic
1482 651 1581 693 deus
1611 645 1842 704 privabitur

162 748 314 799 anima,
348 744 456 799 quod
489 746 552 785 est
583 738 816 782 dolendum.
882 732 1129 775 Studeamus
1161 732 1236 770 etc.

97 990 139 1024 io
841 965 943 1008 Cap.
970 963 1036 1004 84.
1067 961 1104 1013 (7
1113 961 1169 1006 6.)

513 1059 586 1104 De
624 1056 842 1117 beneficiis
879 1053 950 1097 dei
985 1062 1155 1108 semper
1193 1041 1506 1089 memorandis.

286 1170 506 1225 Pompejus
548 1165 756 1219 regnavit,
795 1163 839 1204 in
878 1160 992 1214 cujus
1031 1169 1156 1210 regno
1196 1157 1284 1197 erat
1321 1150 1494 1206 quedam
1528 1145 1695 1189 domina
1725 1141 1849 1184 nimis

170 1245 342 1302 pulchra
382 1246 423 1284 et
463 1238 651 1282 omnihus
691 1247 891 1277 amorosa.
969 1229 1097 1272 Juxta
1142 1239 1231 1268 eam
1271 1222 1436 1278 quidam
1479 1218 1598 1261 miles
1637 1213 1851 1257 habitabat

171 1317 271 1359 satis
310 1313 521 1368 graciosus
561 1313 601 1351 et
637 1306 807 1358 nobilis,
851 1304 920 1358 qui
960 1303 1084 1343 istam
1123 1297 1328 1339 dominam
1371 1292 1509 1347 sepius
1542 1287 1726 1331 visitavit
1755 1289 1796 1328 et
1827 1297 1852 1326 a

103 1399 145 1433 15
173 1387 339 1430 domina
361 1383 533 1426 multum
559 1384 648 1423 erat
669 1378 854 1420 dilectus.
906 1372 1024 1415 Miles
1050 1371 1127 1412 iste
1149 1381 1241 1410 cum
1264 1364 1390 1408 semel
1412 1362 1622 1405 dominam
1645 1358 1853 1401 visitasset

174 1458 398 1511 vidensque
429 1453 630 1496 falconem
664 1463 787 1505 super
819 1458 984 1488 manum
1020 1443 1127 1496 ejus,
1161 1453 1281 1495 quem
1315 1438 1419 1479 miro
1451 1432 1571 1475 modo
1603 1427 1852 1484 concupivit,

173 1534 213 1573 et
245 1530 321 1571 ait:
357 1526 390 1569 Ο
423 1526 543 1577 bona,
576 1523 611 1564 si
642 1532 823 1575 unquam
856 1530 930 1573 pro
953 1520 993 1557 te
1025 1513 1102 1555 feei
1132 1515 1202 1553 aut
1223 1511 1257 1552 si
1280 1522 1343 1551 me
1366 1506 1516 1560 diligis,
1550 1504 1602 1546 da
1633 1500 1756 1544 michi
1777 1498 1853 1541 fal-

173 1601 338 1644 conem!
386 1596 565 1639 Domina
598 1594 673 1635 ait:
716 1590 807 1632 Tibi
839 1587 1040 1638 concedo,
1073 1584 1143 1626 sed
1178 1594 1300 1624 unum
1335 1583 1409 1631 est,
1442 1576 1550 1632 quod
1581 1587 1663 1616 non
1693 1575 1854 1614 tantum

174 1672 289 1714 illum
332 1669 499 1722 diligas,
538 1670 584 1707 ut
627 1680 649 1706 a
681 1663 875 1705 societate
909 1672 1000 1700 mea
1031 1661 1071 1698 te
1111 1667 1291 1710 separas,
1362 1649 1479 1692 Miles
1513 1648 1588 1689 ait:
1628 1643 1750 1686 Absit
1781 1641 1857 1683 hoc

102 1753 147 1786 20
176 1758 200 1786 a
238 1757 324 1796 me,
365 1746 411 1782 ut
446 1742 615 1795 propter
648 1735 826 1788 aliquam
861 1744 947 1772 reni
980 1742 1044 1770 me
1078 1737 1312 1782 separarem
1347 1736 1371 1764 a
1401 1725 1454 1762 te.
1524 1718 1642 1760 Nune
1679 1713 1857 1770 amplius

174 1820 315 1858 teneor
347 1817 386 1854 te
419 1810 603 1863 diligere,
638 1819 758 1861 quam
793 1808 901 1845 ante.
972 1800 1151 1842 Domina
1186 1796 1388 1837 falconem
1421 1792 1458 1833 ei
1489 1789 1621 1842 dedit,
1660 1785 1730 1828 ille
1762 1797 1856 1826 vero

175 1886 211 1928 ei
244 1884 490 1926 valefecerat
523 1885 563 1922 et
594 1882 752 1921 tantum
785 1875 828 1916 in
860 1873 1019 1915 falcone
1057 1868 1356 1917 delectabatur,
1398 1862 1506 1918 quod
1537 1859 1745 1902 dominam
1776 1869 1858 1898 non

176 1956 372 1998 visitabat
404 1957 444 1995 et
474 1965 620 2008 parum
656 1949 705 1990 de
739 1962 785 1989 ea
826 1944 1052 1998 cogitabat,
1094 1940 1163 1982 sed
1197 1937 1369 1991 singulis
1402 1933 1544 1976 diebus
1576 1943 1668 1973 cum
1699 1927 1859 1970 falcone

175 2028 356 2070 ludebat.
411 2023 591 2066 Domina
623 2020 761 2075 sepius
794 2017 967 2059 nuneios
1001 2014 1050 2055 ad
1075 2025 1165 2054 eum
1201 2010 1314 2052 misit
1345 2011 1386 2050 et
1415 2019 1496 2048 non
1527 2002 1658 2053 venit3
1691 1998 1858 2042 tandem

106 2110 151 2144 25
178 2099 345 2141 domina
385 2097 422 2138 ei
463 2093 649 2149 scripsit,
691 2094 735 2131 ut
774 2089 862 2130 sine
902 2086 1102 2128 dilacione
1142 2081 1327 2124 ulteriori
1365 2079 1417 2120 ad
1449 2089 1539 2119 eam
1578 2086 1670 2115 cum
1701 2070 1861 2112 falcone

178 2171 356 2222 veniret,
397 2166 505 2222 quod
546 2168 586 2206 et
622 2163 731 2204 fecit.
802 2160 879 2209 Qui
920 2171 1011 2199 cum
1051 2155 1251 2206 venisset,
1292 2152 1350 2193 ait
1381 2150 1418 2192 ei
1450 2146 1634 2190 domina:
1681 2140 1862 2185 Ostende

179 2241 304 2284 michi
335 2237 557 2281 falconem!
606 2235 733 2284 Quem
767 2245 858 2273 cum
894 2226 1249 2285 apprehendisset,
1282 2235 1418 2264 coram
1455 2216 1576 2273 [7222]
1612 2229 1658 2258 eo
1690 2217 1814 2268 eaput
1839 2225 1863 2252 a

180 2325 351 2367 corpore
392 2308 583 2351 extraxit.
655 2304 772 2347 Miles
813 2316 893 2344 non
929 2300 1131 2342 modicum
1166 2295 1307 2337 dolens
1348 2293 1425 2334 ait:
1475 2289 1507 2332 O
1540 2287 1726 2338 domina,
1765 2282 1863 2338 quid

180 2382 338 2426 fecisti?
386 2380 471 2431 Que
505 2379 580 2420 ait:
617 2376 708 2418 Non
742 2374 901 2425 doleas,
935 2371 1005 2413 sed
1040 2369 1180 2425 pocius
1212 2365 1344 2420 gaude
1377 2368 1418 2405 et
1446 2362 1597 2412 letare,
1631 2357 1727 2412 quia
1757 2353 1863 2397 falco

112 2466 157 2499 30
183 2459 272 2497 erat
303 2467 446 2504 causa,
482 2463 607 2505 quare
641 2461 705 2489 me
737 2459 817 2487 non
851 2442 1049 2494 visitasti,
1084 2441 1190 2481 sicut
1221 2441 1316 2480 ante
1347 2434 1500 2485 secisti3
1539 2431 1630 2474 ideo
1662 2427 1864 2470 falconem

184 2525 328 2578 occidi,
361 2527 406 2565 ut
438 2522 487 2564 ad
511 2534 575 2563 me
607 2519 750 2561 redeas
782 2518 1033 2570 frequenter,
1067 2513 1173 2553 sicut
1203 2508 1375 2551 solebas.
1438 2503 1557 2546 Miles
1590 2514 1684 2543 vero
1708 2499 1865 2550 videns,
1903 2546 1907 2548 q

186 2597 294 2652 quod
327 2609 375 2637 ex
406 2594 476 2649 pia
507 2604 632 2633 causa
664 2589 830 2631 domina
860 2587 937 2628 hoc
967 2586 1133 2635 fecerat,
1167 2582 1202 2624 ei
1235 2578 1391 2636 placuit
1422 2580 1462 2618 et
1493 2587 1582 2617 eam
1615 2572 1721 2614 sicut
1752 2570 1866 2625 prius

186 2667 383 2709 visitavit.

305 2737 594 2780 Mor-alizacio.
659 2730 886 2783 Carissimi,
919 2742 991 2770 rex
1024 2727 1101 2768 iste
1133 2728 1195 2766 est
1224 2726 1342 2778 pater
1373 2718 1548 2770 celestis,
1587 2714 1754 2757 domina
1782 2715 1869 2753 tam

118 2819 163 2852 35
190 2809 360 2865 pulchra
400 2811 550 2849 natura
589 2804 769 2846 humana
807 2800 951 2842 deitati
988 2799 1031 2841 in
1063 2796 1226 2839 Christo
1265 2792 1503 2846 conjuncta,
1541 2786 1660 2829 miles
1698 2782 1871 2839 quilibet

193 2880 456 2932 christianus,
491 2877 559 2932 qui
592 2875 805 2917 dominum
837 2872 957 2913 deum
991 2881 1110 2911 suum
1143 2870 1237 2908 ante
1270 2863 1408 2906 omnia
1438 2863 1602 2903 tenetur
1632 2856 1802 2909 diligere
1831 2856 1872 2895 et

284 2962 305 2994 3
331 2958 539 3004 corrigatur]
569 2955 838 3002 oriy.eorr1gat.
