1949 3162
1000 67 1086 108 574

194 176 345 232 plenus
369 188 516 215 veneno
537 175 701 228 peccati
729 175 775 214 in
806 188 978 228 corpore
1009 181 1047 214 et
1077 175 1229 214 anima.
1272 172 1324 215 Sz·
1344 188 1440 229 erqo
1463 174 1673 215 desideras
1696 174 1881 225 liberari,

199 261 301 288 voca
331 246 387 286 ad
417 253 453 286 te
478 245 776 300 philosophum
806 246 832 285 i.
859 259 888 286 e.
915 245 1137 285 discretum
1169 244 1462 299 confessorem,
1505 247 1579 300 qui
1614 245 1734 287 habet
1761 245 1882 298 judi-

201 331 294 358 care
325 318 434 358 inter
465 325 500 358 te
531 325 568 358 et
605 315 842 367 diabolum,
885 317 960 370 qai
996 317 1073 357 scit
1111 315 1341 357 discernere
1377 318 1487 358 inter
1529 316 1688 371 lepram
1728 325 1765 358 et
1800 331 1885 357 non

202 389 380 443 lepram,
419 389 528 429 inter
553 395 728 444 peccata
758 395 795 428 et
818 395 1086 442 peccatorum
1122 402 1299 442 yenei'a,
1343 389 1412 428 cui
1446 388 1610 442 pandas
1649 403 1720 429 cor
1756 395 1880 429 tuum.

153 468 175 502 5
203 458 288 502 Sed
317 460 456 500 nullus
483 460 640 515 poterit
659 459 870 512 judicare,
903 459 989 499 nisi
1013 459 1138 513 prius
1172 458 1362 500 diabolus
1395 461 1449 500 sit
1479 459 1643 514 liyatus.
1696 459 1754 500 Et
1784 473 1885 514 quo-

201 532 321 572 modo
354 530 468 572 debet
499 530 653 586 lipari?
705 529 817 571 Certe
849 530 1010 585 triplici
1040 538 1198 582 catena,
1232 531 1387 572 scilicet
1417 532 1691 583 contritionis,
1725 530 1885 585 confes-

201 603 330 643 sionis
362 610 399 643 et
428 601 750 657 satisfactionis,
793 603 894 656 quia
931 609 1025 642 teste
1056 601 1286 644 Psalmista
1317 617 1389 643 cor
1420 604 1639 644 contritum
1679 610 1715 644 et
1752 602 1885 643 humi-

202 674 348 715 liatum
379 674 477 715 deus
507 688 593 714 non
624 673 846 728 despicies,
889 674 989 728 quia
1019 687 1103 713 non
1133 674 1221 715 vult
1250 682 1419 715 mortem
1449 675 1701 729 peccatoris,
1741 675 1813 715 secl
1841 682 1888 716 ut

200 746 335 800 ‘mayis
366 752 627 786 convertatur
658 752 695 785 et
723 746 845 786 vii-at.
900 744 1133 800 Propterea
1166 753 1362 800 peccator
1401 745 1507 786 lianc
1545 746 1750 801 triplicem
1781 753 1886 786 cate-

132 824 176 858 10
199 832 313 869 nam,
347 818 695 872 quotienscunque
725 815 806 857 sibi
835 815 1012 871 aliquod
1035 825 1253 872 peccatum
1287 817 1492 870 objicitur,
1526 818 1583 858 acl
1613 817 1764 858 collum
1794 817 1887 858 dia-

201 887 287 929 boli
316 888 430 929 debet
460 889 673 929 attendere
704 896 740 929 et
771 902 862 929 eum
892 889 952 929 sic
983 888 1040 928 acl
1071 888 1348 929 desistendum
1380 889 1632 944 compellere.
1675 888 1887 929 Adversa-

200 961 289 1000 rius
319 961 407 1011 iste,
443 960 517 1014 qui
547 967 747 1014 tanquam
780 960 839 1001 leo
870 960 1038 1015 ruyiens
1071 961 1219 1000 circuit
1237 975 1326 1012 nos,
1362 975 1534 1015 querens
1557 974 1676 1015 quem
1701 960 1886 1009 devoret,-

200 1031 292 1071 ideo
332 1030 510 1071 humano
548 1032 692 1085 qerzeri
727 1032 993 1083 adversatur,
1046 1032 1148 1086 quia
1188 1031 1321 1072 locum
1361 1032 1470 1072 unde
1505 1033 1596 1087 ipse
1635 1047 1728 1073 cum
1763 1032 1887 1072 sociis

201 1103 287 1143 suis
313 1116 392 1157 per
417 1109 635 1157 peccatum
666 1103 833 1155 cecidit,
875 1110 920 1143 ut
952 1104 1137 1157 peccatis
1176 1104 1384 1144 renovatis
1416 1104 1534 1144 homo
1567 1103 1758 1145 similiter
1788 1117 1886 1144 eun-

134 1180 177 1214 15
203 1175 293 1215 clem
323 1175 525 1214 amitteret
556 1182 592 1215 et
609 1176 794 1229 qratiam
815 1175 1020 1215 celestium
1040 1189 1124 1215 non
1148 1174 1352 1216 obtineret.
1390 1173 1530 1226 Quare
1552 1176 1693 1216 omnia
1713 1181 1889 1231 peccata

204 1260 446 1301 qua-nquam
476 1246 652 1286 minima
683 1253 720 1286 et
743 1261 825 1301 per
857 1246 1156 1301 consessionem
1192 1261 1278 1287 non
1318 1246 1450 1288 deleta
1488 1247 1545 1287 acl
1570 1246 1734 1301 faciem
1768 1244 1888 1287 nobis

203 1318 382 1359 ostendet
411 1318 456 1357 in
488 1318 688 1358 eaetremis.
743 1317 977 1373 Propterea
1013 1317 1135 1372 liujus
1175 1318 1340 1359 cathene
1378 1319 1594 1374 capiamus
1626 1325 1794 1374 partem
1827 1331 1888 1358 se-

201 1389 379 1429 cundam
412 1396 449 1429 et
478 1389 535 1430 ad
565 1389 716 1430 collum
747 1389 833 1442 ejus
866 1389 1059 1444 liyemus,
1099 1397 1145 1431 ut
1181 1391 1240 1430 sic
1270 1391 1453 1431 vinctum
1485 1391 1632 1430 ducere
1656 1390 1888 1446 poterimus

194 1474 275 1515 per
321 1459 638 1514 confessionem,
684 1462 758 1515 qui
796 1462 842 1501 in
878 1469 1065 1502 nostram
1096 1469 1346 1516 perpetuam
1384 1461 1548 1502 laborat
1592 1461 1885 1516 confusionem.

131 1536 176 1571 20
206 1530 323 1572 Tunc
355 1531 567 1585 confessor
605 1531 723 1573 dabit
761 1531 879 1573 nobis
910 1533 1137 1573 remedium
1168 1532 1332 1574 salubre
1364 1533 1413 1574 cle
1445 1533 1572 1574 tercia
1607 1540 1733 1588 parte
1769 1533 1888 1573 istius

202 1610 340 1644 catene
371 1603 524 1645 scilicet
552 1605 775 1659 penitentie
807 1619 856 1645 ac
894 1604 1194 1659 satiffactionis
1233 1612 1271 1646 et
1307 1606 1433 1646 dicet:
1475 1603 1576 1645 Jam
1614 1604 1809 1645 liberatus
1849 1617 1889 1644 es

202 1690 228 1715 a
259 1674 437 1716 diabolo.
501 1674 613 1716 Vade
644 1676 689 1716 vin
714 1690 844 1731 pace,
884 1675 959 1717 hoc
991 1684 1049 1717 est
1085 1676 1177 1717 noli
1216 1677 1399 1732 amplius
1431 1676 1632 1732 peccare!
1682 1675 1889 1731 Rogemus

203 1761 297 1802 erqo
330 1754 399 1788 etc.

934 1905 1036 1948 CAP.
1064 1906 1159 1948 175.

134 2007 180 2041 25
237 1993 311 2038 De
337 1993 588 2038 diversitate
624 1997 665 2038 et
697 1993 981 2039 mirabilibus
1018 1994 1178 2039 mundi
1215 2008 1315 2039 cum
1353 1994 1630 2054 expositione
1665 1991 1854 2039 inclusa.

320 2103 490 2144 Plinius
521 2110 683 2155 narrat,
718 2104 831 2158 quod
861 2104 998 2158 aliqui
1019 2103 1202 2145 homines
1233 2111 1329 2144 sunt
1349 2105 1502 2144 canina
1523 2103 1665 2158 capita
1684 2101 1889 2153 habentes,

205 2176 279 2230 qui
318 2190 409 2215 cum
442 2175 596 2216 latratu
636 2175 862 2230 loquuntur
900 2183 937 2216 et
972 2177 1202 2216 vestiuntur
1232 2175 1415 2230 pellibus
1452 2174 1708 2215 animalium.
1769 2172 1891 2215 Tales

203 2246 440 2301 siqnificant
464 2247 770 2302 predicatores,
813 2248 887 2301 qui
922 2261 1057 2287 omnes
1089 2247 1337 2288 animalium
1365 2245 1544 2302 pellibus
1577 2245 1720 2287 debent
1749 2245 1894 2286 vestiri

204 2319 231 2359 i.
257 2332 286 2359 e.
322 2332 475 2373 aspera
498 2319 730 2373 penitentia
754 2326 933 2374 propter
965 2317 1115 2359 bonum
1146 2318 1377 2374 exemplum
1400 2318 1508 2359 -aliis
1539 2318 1726 2358 dandum
1754 2317 1888 2358 indui.

136 2396 181 2430 30
206 2388 322 2441 Item,
355 2390 400 2430 in
423 2389 550 2430 India
580 2397 676 2430 sunt
706 2390 878 2444 quidam
900 2389 1097 2441 homines,
1132 2391 1207 2444 qui
1236 2397 1396 2430 tantum
1425 2404 1556 2430 unum
1577 2389 1740 2430 oculum
1767 2401 1892 2443 super

204 2476 354 2502 nasum
390 2460 539 2501 liabent
575 2462 621 2501 in
639 2461 789 2514 fronte
827 2469 863 2502 et
900 2476 1043 2502 carnes
1075 2461 1322 2502 animalium
1361 2461 1586 2502 comedunt.
1644 2459 1725 2501 Isti
1754 2459 1890 2514 desiq-

205 2539 309 2573 nant
345 2531 551 2584 homines,
600 2533 674 2587 qui
710 2540 871 2573 tantum
909 2532 1059 2573 liabent
1096 2532 1259 2573 oculum
1294 2533 1494 2584 rationis,
1533 2531 1689 2572 scilicet
1727 2545 1807 2586 quo
1845 2530 1899 2570 in*

195 2603 342 2658 fronte
363 2611 536 2645 utuntur
557 2611 594 2644 et
613 2618 697 2644 non
717 2604 935 2645 voluntate.
971 2604 1024 2644 In
1039 2604 1166 2644 Libia
1187 2612 1283 2645 sunt
1303 2604 1442 2658 alique
1450 2602 1614 2657 femine
1633 2604 1722 2643 sine
1741 2602 1890 2657 capite,
1948 2643 1949 2655 χ

209 2689 252 2715 os
284 2682 320 2716 et
350 2675 489 2716 oculos
523 2671 642 2727 [153]
676 2674 865 2716 habentes
892 2677 937 2715 in
953 2683 1133 2730 pectore.
1188 2674 1309 2716 Tales
1341 2675 1560 2729 clesz‘ynant
1588 2673 1787 2725 homines,
1821 2673 1895 2727 qui

138 2751 182 2785 35
207 2746 352 2786 volunt
387 2746 596 2787 humiliter
636 2745 798 2787 obedire
836 2761 885 2787 ea·
923 2747 1064 2797 corde,
1114 2761 1200 2787 non
1234 2746 1426 2787 habentes
1460 2752 1636 2800 pectora
1681 2745 1808 2796 levia,
1856 2750 1894 2784 et

210 2818 410 2871 quicquid
450 2819 699 2859 extr-insecus
725 2817 977 2871 faciendum
1019 2826 1077 2859 est
1112 2819 1160 2858 in
1191 2832 1332 2872 opere,
1366 2817 1492 2872 prius
1531 2815 1628 2857 bene
1665 2815 1894 2856 deliberant

208 2889 254 2928 in
275 2889 406 2929 corde.
452 2890 506 2930 In
530 2889 695 2930 Oriente
726 2897 869 2929 contra
887 2890 1140 2943 paradisum
1170 2896 1266 2929 sunt
1295 2888 1478 2929 homines
1498 2887 1607 2928 nilzil
1627 2887 1890 2937 comedentes,

211 2961 312 3013 quia
351 2974 394 3000 os
425 2968 509 3001 tam
539 2961 746 3000 ‘modicum
782 2959 951 3010 habent,
993 2967 1039 3001 ut
1075 2960 1233 3000 calamo
1260 2967 1408 3014 potum
1438 2966 1613 2999 sumant.
1669 2957 1737 2998 De
1769 2957 1893 2998 odore
