1949 3162
994 45 1079 86 350

197 161 277 201 qua
314 148 539 202 imperator
572 147 755 202 sculptus
787 149 865 189 fuit
896 150 936 190 in
971 150 1186 203 majestate
1218 163 1308 191 cum
1344 150 1500 192 duobus
1534 150 1625 192 aliis
1652 150 1872 204 judicibus.

196 217 241 259 In
274 217 530 259 semicirculo
564 218 712 272 capitis
744 218 878 260 dextri
905 220 1057 273 Judicis
1090 220 1155 261 hic
1186 234 1328 262 versus
1361 221 1540 276 scriptus
1571 221 1669 273 fuit3

624 287 761 321 intrent
787 289 914 331 securi,
940 289 998 332 qui
1025 291 1180 333 querunt
1205 289 1326 323 vivere
1352 290 1442 333 puri.

197 347 241 388 In
274 347 530 389 semicirculo
561 348 709 402 capitis
744 349 901 390 sinistri
928 350 1080 402 judicis
1111 350 1190 391 fuit
1221 350 1399 405 scriptus
1432 351 1497 393 hic
1529 364 1690 392 versus:

613 417 758 451 Invidus
785 418 925 451 excludi
952 419 1078 452 timeat
1104 420 1159 452 vel
1186 429 1328 453 carcere
1355 420 1467 453 trudi!

200 475 342 530 [12422]
379 477 423 518 ln
456 478 712 519 semicirculo
744 479 891 533 capitis
923 479 1185 534 imperatoris
1219 480 1416 534 scriptum
1449 481 1543 522 fuit:

616 548 728 587 Quam
757 548 905 582 miseros
932 547 1054 592 facias,
1081 560 1171 592 quos
1200 550 1338 583 variare
1365 550 1456 583 scio!

197 605 241 647 ln
274 607 529 648 semicirculo
563 621 686 662 super
719 613 881 662 portam
914 610 1115 664 scriptum
1148 610 1243 651 fuit:

686 678 826 711 Cesaris
854 678 1001 721 imperio
1028 679 1128 721 regni
1156 678 1320 712 custodia
1345 677 1402 712 fio.

130 736 171 769 10
314 736 549 789 Carissimi,
590 738 815 792 imperator
854 738 932 780 iste
982 744 1043 780 est
1082 739 1272 781 dominus
1317 742 1457 780 noster
1496 739 1637 780 Ihesus
1675 738 1876 792 Christus,

197 810 316 861 porta
355 821 588 850 marmorea
627 813 689 850 est
721 813 863 851 sancta
905 809 1097 863 ecclesia,
1147 824 1218 865 per
1258 824 1378 864 quam
1424 814 1586 865 portam
1623 813 1786 864 oportet
1815 810 1878 851 in-

196 883 305 920 trare
336 893 507 933 regnum
542 880 711 933 celeste,
751 884 791 922 et
831 884 892 922 est
923 882 1076 923 situata
1109 895 1232 936 super
1265 886 1431 936 pontem
1465 895 1569 936 aque
1599 880 1764 923 fluentis
1795 881 1822 922 i.
1842 895 1876 924 e.

195 963 318 1004 super
358 951 569 1003 mundum,
612 952 679 1004 qui
720 965 883 1005 semper
922 953 1050 994 currit
1090 957 1134 994 ut
1173 967 1291 1007 aqua.
1351 953 1395 994 In
1444 966 1524 1007 qua
1564 956 1682 1006 porta
1718 952 1879 1008 sculpta

196 1025 257 1062 est
288 1022 423 1074 imago
457 1022 611 1063 domini
645 1023 774 1064 nostri
808 1023 926 1065 lhesu
950 1023 1103 1065 Christi
1138 1038 1227 1066 cum
1259 1024 1417 1065 duobus
1440 1023 1758 1077 collateralibus,
1792 1024 1817 1065 i.
1842 1037 1875 1066 e.

128 1098 169 1130 12>
195 1106 287 1133 cum
321 1092 453 1134 Maria
484 1097 616 1134 matre
648 1094 766 1135 lhesu
800 1098 839 1136 et
869 1094 1059 1137 ,Iohanne
1092 1095 1365 1149 evangelista,
1405 1095 1474 1148 qui
1512 1095 1730 1147 designant
1760 1095 1878 1137 nobis

196 1153 282 1216 ejus
322 1164 646 1206 misericordiam
689 1170 729 1207 et
760 1166 986 1218 justiciam.
1043 1166 1158 1207 Tunc
1198 1167 1376 1221 scriptus
1417 1170 1479 1208 est
1518 1179 1681 1208 versus:
1721 1166 1880 1208 Intrent

196 1235 348 1287 securi,
390 1235 415 1275 i.
447 1250 480 1277 e.
517 1236 687 1290 pagani,
730 1236 874 1290 Judei,
916 1236 1110 1279 Saraceni
1151 1251 1223 1292 per
1264 1238 1536 1292 baptismum,
1576 1238 1645 1291 qui
1685 1241 1881 1293 poterunt

194 1305 332 1347 vivere
371 1306 464 1360 puri
504 1307 553 1348 ab
595 1308 707 1349 omni
739 1312 906 1362 peccato
947 1309 1132 1363 purgati,
1174 1309 1279 1351 sicut
1310 1310 1427 1364 pueri
1460 1310 1711 1350 innocentes.
1759 1308 1879 1350 Alius

195 1390 337 1418 versus
370 1377 487 1419 dicit:
523 1378 688 1420 [nvidus
721 1379 746 1420 i.
772 1393 805 1420 e.
840 1383 1032 1434 peccator
1064 1380 1105 1421 in
1140 1384 1306 1435 peccato
1337 1380 1518 1422 existens
1551 1379 1713 1422 excludi
1735 1379 1881 1421 timeat

126 1452 171 1486 20
197 1447 246 1489 ab
279 1448 450 1490 ecelesia
480 1449 776 1504 triumphante,
816 1453 856 1492 et
887 1451 945 1492 sic
976 1451 1018 1492 in
1051 1464 1214 1493 carcere
1246 1451 1439 1493 infernali
1469 1451 1627 1493 retrudi
1660 1451 1748 1493 sine
1783 1449 1876 1492 fine.

196 1518 241 1560 [n
273 1520 408 1574 capite
439 1520 702 1575 imperatoris
735 1525 823 1563 erat
855 1523 1069 1576 scriptum,
1104 1523 1211 1577 quod
1244 1522 1385 1564 miseri
1417 1526 1525 1575 sunt,
1560 1523 1628 1576 qui
1665 1522 1829 1564 variant
1856 1535 1880 1563 a

196 1591 263 1632 via
302 1591 500 1644 veritatis,
541 1596 581 1633 et
619 1592 721 1634 alius
765 1593 883 1635 dicit:
925 1593 1088 1635 Cesaris
1130 1594 1304 1649 imperio
1345 1595 1372 1635 i.
1396 1607 1428 1635 e.
1464 1594 1684 1649 imperium
1724 1593 1879 1635 domini

196 1662 325 1703 nostri
360 1661 477 1703 lhesu
511 1662 664 1704 Christi
697 1664 776 1705 erit
807 1668 951 1706 nostra
982 1666 1167 1707 custodia
1199 1669 1240 1707 et
1273 1665 1417 1707 domus
1450 1663 1734 1720 sempiterna]

150 416 171 450 271

876 1872 978 1914 CAP.
1003 1873 1072 1914 55.
1107 1873 1210 1924 (47.)

127 1965 171 1998 25
267 1957 340 2001 De
376 1960 659 2003 revocatione
693 1961 955 2018 peccatricis
993 1961 1142 2004 anime
1182 1961 1229 2004 z'n
1267 1959 1449 2004 exilium
1483 1959 1808 2020 satiffactc'om's

967 2058 1110 2087 mzsse.

314 2136 401 2178 Rex
434 2137 600 2191 quidam
639 2137 789 2179 nobilis
829 2138 1035 2192 quendum
1067 2138 1197 2180 filium
1229 2139 1476 2192 formosum,
1511 2138 1878 2194 sapientissimum,

198 2208 542 2261 strenuissimum,
590 2209 822 2261 graciosum
870 2214 909 2251 et
943 2223 1177 2251 amorosum
1226 2210 1415 2264 habebat,
1465 2214 1505 2252 et
1550 2213 1726 2264 quatuor
1771 2208 1877 2251 filias

197 2278 340 2320 habuit
372 2292 543 2333 quarum
577 2280 745 2321 nomina
777 2281 850 2321 hec
887 2284 1026 2322 erant:
1075 2280 1272 2333 Justicia,
1306 2281 1490 2335 Veritas,
1523 2280 1807 2323 Misericordia
1839 2285 1879 2323 et

127 2359 172 2391 :30
197 2349 296 2391 Pax.
351 2350 437 2391 Rex
478 2351 555 2391 iste
597 2351 759 2392 volebat
797 2351 879 2392 filio
919 2366 991 2392 suo
1034 2352 1150 2393 unico
1198 2366 1391 2406 sponsam
1431 2353 1615 2406 tradere,
1656 2351 1879 2394 destinavit

198 2421 390 2462 nuncium
432 2435 505 2475 pro
546 2422 724 2475 virgine,
766 2436 843 2476 que
876 2427 985 2464 esset
1017 2423 1183 2476 decora,
1224 2424 1388 2465 tandem
1422 2423 1580 2465 invenit
1610 2423 1738 2465 filiam
1769 2423 1877 2477 regis

198 2492 447 2534 lherusalem
482 2492 698 2547 pulchram
731 2493 869 2546 valde,
903 2508 979 2548 que
1013 2498 1076 2535 est
1106 2494 1259 2535 tradita
1290 2494 1373 2535 filio
1413 2508 1508 2547 suo,
1549 2494 1618 2548 qui
1651 2507 1740 2536 eam
1773 2495 1877 2536 miro

197 2564 318 2605 modo
358 2563 515 2605 dilexit.
570 2564 699 2605 Filius
739 2565 816 2606 iste
856 2565 1059 2618 quendam
1108 2578 1271 2606 servum
1312 2565 1509 2617 habebat,
1559 2569 1599 2607 et
1637 2579 1686 2607 ex
1726 2553 1913 2618 magna⁸

198 2634 449 2676 confidencia
483 2649 606 2676 unum
641 2635 832 2676 ducatum
867 2636 918 2677 ad
950 2635 1264 2677 custodiendum
1297 2636 1333 2677 ei
1364 2635 1546 2677 tradidit.
1594 2636 1686 2691 Ipse
1716 2650 1810 2677 vero
1833 2639 1878 2677 ut

129 2717 173 2749 35
198 2706 384 2760 proditor
413 2705 578 2747 seduxit
607 2718 799 2759 sponsam
823 2707 979 2747 domini
1002 2707 1064 2748 sui
1088 2719 1134 2747 ac
1156 2706 1326 2747 violavit
1347 2719 1394 2748 ac
1416 2706 1608 2748 ducatum
1632 2707 1893 2748 devastavit·

198 2775 328 2818 Filius
361 2790 453 2818 cum
485 2777 534 2818 de
568 2776 767 2817 adulterio
802 2778 941 2818 uxoris
974 2777 1171 2830 audisset,
1204 2777 1470 2819 contristatus
1500 2780 1562 2819 est
1589 2777 1711 2819 valde
1739 2781 1780 2819 et
1807 2777 1876 2819 de-

200 2847 312 2888 misit
345 2861 434 2889 eam
467 2851 508 2888 et
537 2847 650 2888 dedit
682 2847 718 2888 ei
749 2847 932 2889 libellum
966 2849 1141 2903 repudii,
1175 2852 1215 2889 et
1246 2848 1426 2903 privavit
1457 2861 1548 2889 eam
1580 2848 1692 2890 omni
1723 2847 1876 2890 honore

295 2929 336 2961 12
360 2928 519 2972 pontem]
548 2933 633 2974 oriy.
657 2930 819 2971 pontum.
