1929 3157
67 186 134 228 51.

65 469 133 511 53.

65 612 133 654 54.

64 755 131 796 55.

63 897 131 938 56.

63 1040 130 1080 57.

62 1898 130 1941 63.

62 2042 129 2083 64.

62 2183 129 2226 65.

61 2326 128 2369 66.

62 2469 130 2510 67.

62 2610 131 2652 68.

63 2753 130 2795 69.

881 86 936 124 513

184 186 434 228 Octavianus
468 188 653 240 regnavit
687 188 800 230 (lives
839 189 956 231 valde
990 189 1056 244 qui
1092 202 1216 245 super
1248 190 1386 232 omnia
1417 202 1586 232 uxorem
1621 203 1749 232 suam.

184 256 482 311 (Hildegarde.)
532 272 626 313 app.
652 259 719 300 53.

184 327 367 371 Herodes
400 330 586 383 regnarit
621 330 689 384 qui
724 329 848 372 filiam
884 331 1096 386 pulchram
1132 331 1310 373 habebat
1343 345 1462 386 quam
1487 332 1591 373 miro
1615 330 1748 372 modo.

184 397 350 450 (Sieben
379 401 497 453 juhre
531 403 652 451 tren.)
701 401 770 443 lat.
796 403 864 443 53).

183 469 379 513 Claudius
413 472 601 525 regnavit
634 473 700 526 qui
735 476 895 514 tantum
930 474 1093 515 unicam
1126 473 1253 515 filiam
1286 473 1463 515 habebat
1494 485 1748 527 generosam.

184 541 390 591 (Socrates
423 543 658 591 heir-athet.)
711 544 780 587 lat.
807 547 874 586 61.

183 612 327 668 Mayus
360 615 549 667 regnavit
581 615 622 656 in
655 616 822 658 civitate
855 629 1027 658 romana
1056 615 1238 671 prudens
1261 614 1379 657 valde
1401 615 1442 656 111
1466 616 1593 669 cujus.
1642 613 1751 665 (Flo-

181 685 375 736 rentina.)
424 686 588 728 111162.

182 755 460 811 Vespasianus
494 758 682 811 regnavit
713 758 753 799 in
787 758 953 800 civitate
977 771 1146 799 romana
1171 757 1240 812 qui
1263 756 1389 799 filiam
1414 756 1747 812 pulcherrimam.

182 826 381 880 (Aglaes.)
430 829 662 879 (Ariadne.)
709 829 778 870 lat.
805 831 871 871 (33.

179 896 448 941 Domiciauus
481 901 670 953 regnavit
700 900 881 956 prudens
916 900 1033 943 valde
1063 913 1109 942 ac
1131 914 1255 955 super
1278 901 1416 942 omnia
1431 900 1582 954 justus.
1633 899 1747 950 (Drei

180 969 416 1012 weisheiten
451 972 708 1023 verkaufen.)
756 971 826 1013 lat.
856 973 950 1013 lot-3.

178 1040 388 1083 Adrianus
420 1044 610 1096 regnavit
643 1043 710 1097 qui
744 1043 858 1085 dives
891 1046 980 1085 erat
1011 1042 1129 1085 valde
1161 1043 1203 1084 in
1236 1045 1396 1084 tantum
1433 1041 1539 1096 quod
1572 1041 1650 1084 sibi
1677 1041 1749 1084 ba-

179 1112 350 1155 silicam.
401 1114 676 1170 (Sarkophag,
711 1115 844 1166 kurZ.)
897 1114 967 1156 lat.
996 1115 1060 1156 16.

179 1182 330 1227 Lucius
383 1186 422 1227 in
477 1200 593 1228 roma
639 1186 829 1239 regnavit
873 1185 1054 1241 prudens
1102 1184 1220 1227 valde
1267 1185 1335 1240 qui
1382 1184 1560 1227 habebat
1605 1182 1746 1225 filiam.

181 1254 521 1311 (Fleischpfand.)
568 1271 696 1310 germ.
722 1258 790 1299 68.

122 1354 144 1368 .-
178 1326 282 1369 Erat
328 1328 495 1382 quidam
543 1329 770 1384 imperator
818 1329 860 1370 in
900 1329 1015 1383 cujus
1056 1327 1231 1383 imperio
1272 1329 1390 1369 erant
1431 1326 1511 1368 duo
1552 1326 1746 1368 latrones.

179 1398 473 1452 (Biirgschaft.)
520 1399 591 1441 lat.
621 1401 714 1441 108.

177 1468 360 1512 Celerius
409 1470 450 1512 111
497 1471 664 1513 civitate
710 1484 883 1512 romana
929 1470 1118 1525 regnavit
1157 1470 1225 1525 qui
1265 1482 1355 1511 cum
1397 1468 1524 1512 semel
1563 1469 1613 1512 de
1653 1482 1746 1511 una.

180 1540 331 1592 (Kreuz
364 1542 440 1583 mit
473 1542 748 1594 inschriften.)
796 1542 866 1584 lat.
892 1542 960 1583 65.

121 1645 129 1653 .
179 1611 407 1668 Symachus
440 1614 629 1667 regnavit
661 1613 774 1656 dives
808 1613 927 1655 valde
960 1616 1158 1668 quantum
1185 1612 1236 1655 ad
1261 1611 1520 1668 temporalia,
1553 1612 1625 1654 sed
1647 1610 1748 1654 stul-

177 1688 257 1726 tus.
306 1683 548 1737 (Schwarz.)
596 1699 725 1739 germ.
750 1685 818 1727 35.

181 1754 356 1798 Severus
403 1756 593 1810 regnavit
640 1757 709 1811 qui
754 1755 967 1812 pulchram
1007 1755 1132 1798 filiam
1176 1754 1354 1798 habebat
1393 1768 1515 1810 quam
1557 1753 1747 1796 multum.

180 1825 355 1878 (Waffen
389 1827 656 1882 aufhiingen.)
704 1828 776 1870 lat.
802 1829 870 1869 66.

178 1897 381 1941 Narratur
421 1900 470 1942 de
509 1899 666 1941 duobus
705 1898 905 1941 militibus
939 1912 1110 1954 quorum
1144 1912 1249 1940 unus
1282 1896 1478 1940 manebat
1508 1897 1551 1939 in
1583 1900 1746 1953 egypto.

179 1969 388 2026 (Egypten
420 1971 503 2012 und
534 1970 746 2021 Baldach.)
794 1970 865 2012 lat.
892 1971 988 2012 171.

176 2040 280 2084 Erat
312 2042 479 2097 quidam
512 2042 738 2098 imperator
769 2045 915 2097 potens
948 2041 1068 2084 valde
1099 2042 1141 2083 in
1174 2042 1289 2096 cujus
1321 2040 1508 2096 imperio.
1573 2039 1748 2093 (Nackte

170 2113 436 2168 jungfrauen,
470 2113 755 2166 abweichend3
792 2114 841 2155 cs.
866 2127 932 2156 no.
953 2114 1009 2166 7.)
1056 2112 1126 2155 lat.
1156 2113 1252 2155 115.

178 2182 320 2226 Gallus
354 2185 542 2239 regnavit
571 2184 752 2240 prudens
785 2198 832 2227 ac
864 2189 1010 2240 potens
1042 2184 1162 2227 valde
1187 2184 1257 2240 qui
1280 2183 1485 2239 quoddam
1510 2181 1744 2238 pallacium.

178 2255 623 2307 (Keuschheitshemd.)
669 2255 740 2298 lat.
767 2256 834 2297 69.

176 2326 380 2369 Narratur
418 2327 468 2369 de
507 2326 684 2382 quodam
725 2327 890 2370 homine
930 2327 1000 2382 qui
1039 2326 1263 2370 vocabatur
1295 2325 1513 2369 Ganterus.
1570 2323 1748 2377 (Freude

180 2398 285 2441 ohne
317 2397 450 2450 ende.)
499 2397 570 2439 lat.
599 2399 693 2440 101.

177 2468 281 2512 Erat
304 2469 472 2524 quidam
495 2469 612 2511 miles
634 2469 801 2512 nomine
822 2468 1010 2524 placidus
1032 2469 1102 2524 qui
1123 2482 1294 2511 uxorem
1318 2467 1496 2511 habebat
1517 2467 1744 2524 pulchram.

178 2539 418 2592 (Placidus.)
464 2540 535 2582 lat.
564 2541 658 2582 110.

179 2609 354 2662 Quidam
394 2624 467 2654 rex
507 2615 597 2653 erat
632 2611 675 2652 in
712 2610 851 2665 anglia
888 2611 930 2653 in
968 2611 1084 2665 cujus
1116 2611 1284 2665 regione
1316 2613 1435 2653 erant
1465 2609 1544 2652 duo
1576 2609 1743 2652 milites.

180 2681 330 2734 (Guido
363 2682 448 2724 und
480 2682 659 2738 Tyrius.)
707 2681 778 2724 lat.
805 2682 900 2723 172.

180 2753 367 2796 Valerius
399 2754 588 2807 regnavit
619 2756 764 2809 potens
797 2752 917 2796 valde
946 2753 1015 2808 qui
1036 2755 1196 2796 tantum
1219 2752 1383 2795 unicam
1404 2750 1531 2793 filiam
1554 2750 1742 2794 habebat.

181 2822 390 2876 (Stricke.)
444 2838 539 2880 app.
566 2825 632 2866 16.

178 2894 282 2937 Erat
319 2895 485 2950 quidam
519 2909 591 2938 rex
620 2896 758 2950 justus
792 2894 910 2937 valde
943 2908 990 2937 ac
1020 2895 1201 2951 prudens
1235 2895 1303 2950 qui
1335 2893 1513 2936 habebat
1543 2893 1585 2935 in
1617 2906 1743 2947 regno

180 2979 266 3008 su0.
315 2965 650 3020 (Todtensiegel.)
697 2965 768 3008 lat.
798 2967 890 3008 128.
