1929 3162
147 537 169 571 5

127 891 171 925 10

127 1246 169 1280 15

126 1603 170 1636 20

127 1959 171 1993 25

127 2315 173 2349 3O

128 2668 173 2703 35

991 75 1074 116 318

869 195 970 238 CAP.
996 197 1063 238 21.
1097 196 1199 247 (20.)

341 285 414 329 De
451 283 553 328 dolo
593 289 634 329 et
667 284 1008 343 conspiracione
1045 288 1086 327 et
1120 282 1292 328 cautela
1328 284 1437 342 ipsis
1475 283 1717 328 contraria.

310 391 451 434 Refert
484 390 694 445 Justinus,
735 391 843 445 quod
882 390 991 433 cives
1029 388 1328 432 Lacedemonie
1367 389 1489 431 simul
1528 390 1869 444 conspiraverunt

194 466 337 504 contra
375 476 512 515 regem
552 476 672 504 suum
713 465 753 504 et
790 461 1047 516 prevalentes
1089 464 1232 503 contra
1270 474 1361 503 eum
1393 461 1443 502 de
1474 461 1640 503 civitate
1671 474 1746 502 sua
1776 474 1868 503 eum

195 533 442 588 expulerunt
474 537 513 575 et
545 547 568 575 a
598 538 684 575 toto
717 546 854 586 regno.
903 532 1068 574 Accidit
1099 536 1198 574 tunc
1228 531 1448 586 temporis,
1481 531 1590 585 quod
1620 544 1694 574 rex
1724 530 1869 573 Persa-

193 617 285 645 rum
317 604 489 646 eandem
520 604 767 646 moliebatur
795 603 1006 645 destruere
1029 603 1251 656 civitatem,
1284 616 1375 644 cum
1398 615 1546 655 magno
1569 602 1751 644 exercitu
1771 602 1870 644 civi-

193 678 322 717 tatem
354 675 525 717 obsedit.
574 674 661 716 Rex
694 678 829 716 autem
863 674 1058 729 expulsus
1084 674 1292 716 civitatem
1315 687 1432 715 suam
1456 673 1643 727 quamvis
1664 674 1868 727 ingratam

194 759 276 787 non
316 746 452 801 potuit
490 759 572 787 non
612 758 751 788 amare
791 759 879 788 eam
927 748 967 787 et
1014 745 1072 787 sic
1110 745 1303 787 misertus
1346 748 1408 787 est
1447 744 1518 786 eis.
1587 743 1691 786 Cum
1731 748 1869 787 autem

196 816 453 871 explorasset
491 821 530 859 et
571 816 781 858 didicisset
820 815 1174 858 machinacionem
1209 816 1318 870 regis
1349 815 1568 857 Persarum
1600 819 1742 858 contra
1773 816 1871 858 civi-

195 891 322 929 tatem
356 901 472 929 suam
495 887 852 940 Lacedemoniam,
886 887 1096 940 cogitavit,
1129 887 1331 941 quomodo
1355 890 1494 942 posset
1514 886 1691 929 latenter
1713 890 1753 929 et
1773 900 1871 942 pru-

196 958 338 1001 denter
370 962 499 1000 totam
529 958 873 1012 imaginacionem
895 958 1089 1001 intimare
1111 958 1268 1000 civitati
1290 958 1485 1013 predicte.
1531 957 1725 1013 Acceptis
1745 957 1872 1011 igitur

194 1030 346 1072 tabulis
379 1029 545 1085 scripsit
575 1029 618 1070 in
651 1029 708 1071 eis
741 1032 871 1071 totam
903 1030 1245 1083 imaginacionem
1279 1032 1318 1071 et
1348 1042 1430 1071 una
1460 1042 1553 1070 cum
1578 1028 1655 1070 hoc
1675 1028 1871 1070 informa-

197 1101 357 1143 cionem
390 1100 624 1156 specialem,
659 1100 861 1154 quomodo
893 1104 1063 1156 possent
1092 1101 1285 1143 resistere
1317 1103 1357 1142 et
1384 1100 1592 1142 civitatem
1615 1103 1758 1142 contra
1779 1112 1870 1142 eum

196 1172 428 1225 defendere,
462 1176 502 1213 et
533 1185 626 1214 cum
657 1175 790 1214 totum
823 1172 1070 1227 scripsisset,
1104 1171 1211 1226 quod
1243 1171 1453 1225 voluisset,
1487 1170 1748 1226 superlinivit
1771 1171 1871 1213 scri-

194 1246 360 1298 pturam
383 1256 499 1284 suam
522 1256 628 1296 cera,
655 1246 695 1284 et
718 1248 884 1297 accepto
905 1243 1055 1285 nuncio
1076 1242 1156 1284 fide
1177 1242 1300 1296 digno
1323 1242 1475 1284 direxit
1495 1256 1564 1284 eas
1586 1242 1638 1284 ad
1658 1245 1871 1295 magnates

195 1314 387 1355 civitatis.
437 1313 517 1356 Sed
547 1313 698 1356 tabulis
730 1314 906 1369 receptis
939 1317 980 1356 et
1012 1313 1230 1367 diligenter
1262 1313 1458 1368 inspectis
1489 1313 1603 1355 nulla
1631 1313 1772 1355 littera
1800 1325 1872 1368 ap-

195 1385 367 1440 parebat
405 1385 477 1427 sed
514 1385 799 1427 tantummodo
843 1398 936 1427 cera
974 1385 1111 1440 plana.
1167 1385 1334 1435 Questio
1373 1385 1482 1427 inter
1513 1397 1653 1426 omnes
1685 1387 1872 1439 satrapas

194 1457 304 1498 facta
336 1460 397 1498 est
429 1456 478 1498 de
509 1455 660 1498 tabulis
693 1457 735 1497 111
768 1456 996 1510 communi,
1034 1460 1075 1498 et
1106 1469 1198 1498 cum
1230 1456 1512 1511 unusquisque
1543 1456 1697 1498 diceret
1726 1455 1872 1509 imagi-

194 1528 410 1569 nacionem
450 1540 586 1580 suam,
628 1526 727 1581 quid
763 1531 872 1569 esset
903 1527 952 1569 de
983 1527 1135 1569 tabulis
1166 1527 1420 1581 faciendum,
1461 1540 1544 1569 non
1576 1530 1638 1569 est
1666 1526 1871 1579 inventus,

196 1599 265 1653 qui
298 1611 439 1640 eorum
470 1597 606 1653 potuit
637 1597 798 1653 aperire
828 1597 1096 1640 intellectum.
1143 1597 1308 1640 Accidit
1331 1602 1481 1652 autem,
1514 1597 1623 1653 quod
1644 1610 1760 1639 soror
1780 1609 1872 1652 pre-

196 1669 296 1711 dicti
327 1669 435 1722 regis
468 1669 609 1710 audita
639 1668 914 1724 perplexitate
945 1669 1120 1711 istarum
1150 1669 1382 1711 litterarum
1413 1670 1539 1725 peciit
1570 1683 1593 1711 a
1613 1668 1872 1722 magistratu,

194 1744 240 1782 111
276 1744 417 1796 posset
455 1753 522 1782 eas
561 1739 724 1792 videre3
764 1740 910 1794 quibus
943 1740 1162 1793 diligenter
1192 1741 1390 1796 inspectis
1421 1741 1530 1796 cepit
1560 1739 1784 1782 calliditate
1813 1739 1873 1781 fe-

196 1811 334 1853 minea
372 1825 520 1867 parum
560 1811 610 1853 de
649 1825 741 1853 cera
774 1811 823 1853 de
854 1811 1005 1853 tabulis
1038 1811 1218 1863 01011111ος
1257 1812 1532 1867 apparuitque
1563 1811 1705 1854 statim
1734 1810 1874 1852 littera

197 1882 411 1925 occultata.
465 1882 648 1937 Cumque
679 1882 771 1938 plus
804 1882 854 1924 de
885 1895 979 1924 cera
1011 1882 1225 1936 elevasset,
1256 1883 1348 1938 plus
1381 1883 1432 1925 de
1460 1883 1601 1925 littera
1632 1881 1871 1937 apparebat.

197 1953 345 2008 Sicque
384 1957 472 1996 tota
510 1967 603 1996 cera
642 1953 691 1995 de
721 1953 861 1995 littera
891 1953 972 2006 legi
1003 1957 1186 2008 poterat,
1227 1953 1421 2008 quicquid
1451 1953 1509 1996 ibi
1541 1956 1629 1996 erat
1659 1953 1870 2008 scriptum.

197 2024 371 2080 Satrape
401 2024 478 2066 hoc
508 2024 694 2066 videntes
723 2024 855 2077 gavisi
877 2028 973 2065 sunt
993 2024 1113 2067 valde
1135 2028 1176 2066 et
1197 2024 1416 2066 consilium
1435 2024 1666 2067 litterarum
1688 2024 1873 2066 fecerunt

197 2100 237 2138 et
267 2096 476 2138 civitatem
497 2095 659 2138 fortiter
681 2095 956 2138 defendebant
981 2093 1053 2149 [24
1063 2094 1102 2149 b]
1128 2098 1169 2137 et
1190 2095 1240 2137 ab
1263 2096 1374 2138 omni
1397 2096 1608 2139 obsidione
1627 2094 1870 2138 liberabant.

317 2165 639 2221 [Μοναῖίεαοία]
695 2166 929 2220 Carissimi,
963 2179 1037 2221 per
1067 2167 1193 2208 istum
1225 2180 1364 2221 regem
1394 2167 1516 2210 deum
1548 2167 1871 2223 omnipotentem

196 2237 402 2292 intelligo,
451 2238 520 2292 qui
567 2237 761 2292 expulsus
804 2238 883 2279 fuit
921 2237 970 2279 de
1011 2237 1179 2280 civitate
1217 2252 1291 2280 sua
1329 2239 1357 2280 i.
1380 2251 1414 2280 e.
1445 2238 1641 2280 societate
1679 2237 1871 2291 humana,

197 2309 360 2363 quando
391 2309 516 2364 primi
546 2312 739 2364 parentes
770 2309 902 2350 nostri
933 2308 1274 2363 conspiraverunt
1304 2310 1346 2351 111
1377 2309 1571 2364 paradiso
1603 2312 1644 2351 et
1672 2309 1757 2363 ejus
1778 2322 1871 2364 pre-

197 2383 318 2435 cepta
348 2380 595 2433 transgressi
628 2383 737 2433 sunt,
769 2383 979 2434 tamquam
1012 2379 1081 2433 qui
1114 2379 1318 2422 dicerent:
1349 2379 1550 2422 Nolumus
1571 2379 1679 2422 hunc
1699 2393 1872 2433 regnare

197 2465 321 2506 super
365 2464 452 2493 nos.
514 2450 603 2492 Hoc
650 2454 787 2492 autem
829 2464 912 2493 11011
949 2450 1160 2504 obstante,
1208 2465 1282 2493 rex
1325 2451 1514 2493 dominus
1554 2453 1692 2492 noster
1730 2449 1871 2492 Ihesus

198 2521 397 2564 Christus·
416 2521 626 2564 civitatem
657 2522 886 2576 predictam
918 2521 1003 2563 scil.
1027 2525 1159 2563 totum
1190 2535 1319 2575 genus
1351 2522 1574 2564 humanum
1606 2521 1718 2562 nullo
1749 2520 1885 2563 modo*

197 2593 333 2648 potuit
362 2605 446 2634 non
477 2605 630 2634 amare.
685 2592 792 2634 Nam
825 2592 970 2634 dilexit
999 2605 1095 2646 nos,
1134 2606 1226 2635 cum
1256 2592 1415 2635 inimici
1445 2592 1510 2634 sui
1541 2605 1742 2646 essemus,
1775 2591 1873 2646 quia

197 2664 304 2706 sicut
334 2663 436 2706 dicit
467 2662 676 2718 apostolus
709 2663 761 2705 ad
790 2663 962 2705 Roman.
985 2675 1036 2705 11:
1071 2662 1174 2705 Cum
1205 2663 1362 2706 inimici
1391 2676 1586 2717 essemus,
1618 2662 1873 2705 reconciliati

198 2748 340 2776 sumus
380 2734 454 2776 deo
492 2747 568 2789 per
606 2737 782 2776 mortem
820 2733 895 2776 filii
934 2734 1032 2788 ejus.
1094 2733 1182 2776 Rex
1220 2735 1299 2776 iste
1330 2734 1520 2776 dominus
1558 2737 1699 2776 noster
1729 2733 1871 2775 Ihesus

199 2804 386 2846 Christus
424 2804 704 2860 perpendens,
747 2805 854 2859 quod
892 2805 1100 2858 diabolus,
1140 2805 1209 2859 qui
1241 2808 1303 2847 est
1332 2819 1406 2847 rex
1438 2818 1563 2860 super
1594 2817 1735 2846 omnes
1765 2802 1872 2845 filios

199 2876 410 2930 superbie,
450 2889 590 2918 01111105
630 2876 747 2929 quasi
786 2875 958 2917 infinitis
990 2876 1369 2918 machinacionibus
1401 2875 1617 2917 moliretur
1646 2875 1870 2927 destruere,

199 2947 356 3001 accepit
387 2946 562 3000 tabulas,
595 2946 644 2988 de
677 2946 823 3000 quibus
856 2947 908 2988 ad
937 2946 1119 2989 litteram
1152 2947 1300 2989 dicitur
1328 2946 1459 2987 Exod.
1480 2959 1542 3000 111,
1574 2945 1736 2988 tabulas
1758 2945 1872 2986 vide-
