1919 3131
86 248 123 289 ΓΙ

85 535 123 574 9.

60 678 123 718 10.

59 750 123 790 11.

61 890 123 932 12.

60 1034 124 1075 13.

61 1176 124 1217 14.

61 1318 144 1360 15..

61 1462 124 1504 16.

62 1747 126 1789 18.

63 1890 126 1932 19.

58 2032 127 2074 20.

59 2102 126 2145 21.

60 2245 129 2287 22.

60 2388 128 2430 23.

60 2531 128 2572 24.

61 2671 128 2714 25.

61 2814 129 2856 26.

33 2941 35 2944 ι
61 2884 129 2927 27.

868 73 918 112 77

174 177 233 220 De
265 177 542 219 Confessione.
591 176 763 227 Quidam
798 177 914 219 miles
948 178 1036 219 fuit.
1085 176 1329 221 (Stin-chin.)
1377 177 1446 219 lat.
1472 178 1539 218 82.

172 247 234 290 De
281 248 544 290 Nocumentis
592 248 642 289 ad
690 248 874 291 salutern.
942 247 1110 301 Legitur
1156 248 1205 290 de
1250 248 1425 302 quodam
1469 249 1732 304 imperatore.

171 319 447 375 (Sarkophag,
481 320 616 361 kurz.)
663 319 732 362 lat.
762 322 824 361 1⁴3.

171 390 233 433 De
265 391 509 446 decepcione
543 391 720 446 dyaboli.
770 390 830 433 De
856 390 1029 445 quodam
1057 390 1242 445 principe
1266 390 1323 432 sic
1346 393 1549 432 narratur.
1597 389 1735 443 (Wein

174 462 398 516 vergiftet.)
443 462 512 504 lat.
539 467 605 503 83.

172 532 234 575 De
267 533 384 575 Iside.
440 532 524 574 Rex
560 534 723 587 quidam
759 537 845 575 erat
879 534 947 587 qui
980 536 1062 575 tres
1095 531 1198 573 tilios
1232 532 1385 574 habuit.
1436 532 1554 584 (Drei
1588 533 1736 586 tinge.)

172 604 243 646 lat.
268 606 335 646 89.

171 675 232 718 De
254 676 374 718 beata
398 676 567 729 virgine.
611 676 760 717 Narrat
783 675 975 718 euzebius
994 675 1034 716 in
1053 674 1239 716 cronicis.
1276 673 1520 727 (Coriolan.)
1551 674 1621 716 lat.
1642 675 1734 715 137.

170 747 304 801 (011116
335 747 564 790 fiberschr.)
623 747 805 797 Quedam
845 746 995 789 nobilis
1037 746 1161 788 vidua
1192 746 1444 801 paciebatur.
1501 744 1620 800 (Stab
1653 745 1736 787 und

172 819 345 866 tasche.)
391 818 459 860 lat.
486 820 552 860 25.

171 890 233 932 De
264 890 525 945 Elemosyna.
581 888 682 930 Erat
714 889 878 943 quidam
913 889 1149 944 imperator.
1199 887 1526 943 (Kaisertocliter
1557 887 1640 929 und
1674 901 1737 930 se-

172 960 370 1005 neschal.)
417 974 544 1015 germ.
576 963 638 1001 11.

172 1032 234 1075 De
268 1032 489 1087 judicibus.
547 1031 649 1073 Erat
690 1031 856 1085 quidam
897 1032 1123 1087 imperator
1163 1032 1233 1086 qui
1265 1030 1422 1073 statuit.
1477 1027 1736 1084 (Sehinden.)

172 1103 243 1146 lat.
267 1104 335 1145 29.

172 1175 345 1225 Quidam
368 1175 594 1230 imperator
616 1178 704 1216 erat
726 1174 794 1229 qui
817 1174 963 1216 statuit
980 1173 1087 1228 quod
1105 1173 1273 1216 cuilibet
1291 1173 1447 1215 victori.
1481 1170 1737 1228 (Triumph.)

173 1246 243 1288 lat.
268 1247 336 1288 30.

172 1318 234 1360 De
273 1317 524 1374 pauperibus
564 1321 605 1359 et
635 1316 845 1359 divitibus.
902 1315 964 1358 De
996 1320 1129 1358 morte
1161 1315 1404 1358 allexandri.
1459 1314 1737 1370 (Alexanders

173 1386 427 1443 begrabnis.)
473 1387 543 1429 lat.
569 1389 636 1429 31.

170 1460 312 1504 Refert
357 1459 591 1502 valerianus
632 1459 741 1514 quod
781 1459 946 1515 quidam
987 1462 1185 1514 paternus
1224 1458 1338 1501 flens.
1402 1455 1739 1513 (Hangebaum.)

172 1532 244 1575 lat.
269 1533 336 1573 33.

117 1637 126 1646 .
173 1603 387 1659 Pippynus
425 1602 614 1656 regnavit
643 1601 685 1643 in
718 1601 884 1644 civitate
915 1615 1098 1644 romana.
1155 1600 1383 1656 (Stiefkind
1416 1601 1515 1643 oder
1546 1598 1740 1655 reehtes.)

173 1674 244 1716 lat.
273 1675 366 1716 116.

174 1745 315 1788 Refert
354 1744 555 1787 Saturnus
596 1744 703 1799 quod
747 1744 953 1800 dyogenes
992 1744 1051 1786 ita
1090 1747 1179 1787 erat
1216 1744 1259 1785 in
1290 1747 1548 1799 paupertate.
1613 1741 1740 1797 (Dio-

175 1830 299 1871 genes
330 1816 414 1858 und
444 1814 716 1871 Alexander.)
763 1830 890 1870 germ.
921 1816 983 1857 15.

174 1888 314 1931 Refert
350 1887 584 1930 valerianus
622 1888 665 1929 in
705 1888 831 1930 tercio
870 1887 975 1930 libro
1017 1887 1125 1942 quod
1163 1886 1331 1942 quidam
1364 1899 1478 1942 puer.
1543 1882 1740 1940 (Kohle.)

174 1973 302 2014 germ.
330 1960 395 2002 16.
1292 1985 1296 1989 ,

176 2030 243 2073 Sic
275 2031 333 2072 ait
363 2029 557 2086 pollinius
590 2030 697 2084 quod
730 2034 792 2072 est
823 2029 999 2084 quedam
1029 2030 1163 2072 arbor.
1210 2026 1442 2083 (Theriak.)
1487 2041 1615 2081 germ.
1645 2027 1709 2068 17.

174 2101 315 2144 Refert
352 2101 589 2144 allexander
628 2101 898 2157 philosophus
935 2101 985 2144 de
1018 2101 1178 2143 naturis
1210 2113 1361 2143 rerum.
1417 2098 1588 2153 (Virgils
1622 2096 1740 2153 bild.)

175 2187 302 2227 germ.
333 2174 396 2215 18.

176 2245 279 2287 Erat
311 2244 474 2299 quidam
511 2244 735 2298 imperator
767 2244 835 2298 qui
869 2244 1014 2285 statuit
1035 2257 1109 2299 pro
1131 2243 1233 2297 lege.
1281 2241 1413 2297 (Sohn
1434 2241 1566 2284 tiidtet
1588 2244 1741 2284 mutter

176 2314 323 2370 nicht.)
368 2315 438 2357 lat.
469 2316 561 2356 100.

175 2387 219 2430 In
268 2386 403 2429 medio
442 2399 554 2427 rome
594 2385 635 2426 in
676 2385 852 2440 quodam
892 2385 981 2428 loeo
1022 2389 1167 2441 aperta
1206 2389 1268 2427 est
1306 2388 1430 2427 terra.
1493 2382 1740 2438 (Arrilius.)

175 2456 394 2513 (Curtius.)
438 2456 509 2498 lat.
534 2457 602 2498 43.

176 2529 377 2586 Tyberius
408 2528 636 2583 imperator
668 2527 867 2580 regnavit.
924 2526 1192 2581 (Dehnbares
1225 2524 1363 2581 Glas.)
1416 2525 1486 2568 lat.
1510 2527 1580 2568 44.
1628 2525 1740 2581 (An-

178 2601 294 2654 fang:
328 2599 516 2642 Tiberius
554 2616 600 2634 =
637 2597 860 2653 Liberius.)

176 2671 280 2714 Erat
318 2670 484 2726 quidam
517 2670 742 2725 imperator
774 2670 842 2725 qui
874 2669 1019 2711 habuit
1049 2683 1172 2712 unam
1205 2669 1345 2712 filiam.
1399 2667 1738 2723 (Kaisertochter,

177 2739 362 2799 pallast.)
407 2754 534 2795 germ.
559 2742 627 2782 22.

178 2812 274 2855 Fuit
303 2825 375 2854 rex
408 2811 571 2866 nobilis⁷
605 2812 718 2854 dives
752 2815 874 2866 atque
906 2812 1083 2867 sapiens.
1133 2809 1397 2866 (Sehiessen.)
1443 2809 1513 2852 lat.
1537 2809 1606 2851 45.

177 2883 352 2935 Quidam
398 2883 464 2925 fur
502 2883 553 2926 ad
593 2883 805 2939 eujusdam
845 2883 1012 2925 domum
1051 2883 1192 2925 divitis
1231 2883 1354 2926 venit.
1417 2878 1740 2936 (Mondstrahl.)

177 2955 248 2998 lat.
277 2955 370 2997 136.
