1929 3157
94 561 162 604 27.

93 703 162 746 28.

94 846 162 887 29.

93 989 162 1031 30.

94 1131 162 1173 31.

94 1273 163 1338 32.

95 1416 163 1457 33.

95 1557 164 1599 34.

92 1700 161 1743 35.

93 1845 161 1886 36.

93 1987 161 2028 37.

906 33 985 74 17?

153 171 161 179 .
211 136 273 179 De
307 136 465 178 duobus
497 136 700 178 militibus
736 150 908 192 quorum
945 137 1117 192 quilibet
1150 150 1224 192 pro
1259 151 1398 179 amore
1423 137 1593 179 alterius
1618 152 1660 179 se
1685 139 1791 193 pati-

211 206 305 250 bulo
337 207 529 263 exposuit
558 211 596 249 et
622 207 742 249 ambo
766 212 999 251 evaseruut.
1026 232 1077 237 —
1114 207 1247 250 Erant
1269 208 1348 250 (luo
1373 208 1539 251 milites.
1582 208 1791 264 (Egypten

211 278 296 320 und
328 277 543 327 Baldach.)
591 278 662 320 lat.
694 280 785 320 171.

153 382 161 391 .
210 349 273 391 De
308 362 402 403 rege
437 349 504 403 qui
538 349 708 392 fratrem
745 363 870 405 super
902 351 1063 392 foveam
1099 349 1250 404 posuit,
1284 362 1408 404 super
1441 349 1575 405 capud
1607 349 1790 404 gladium

212 424 253 462 et
284 421 325 462 in
356 420 530 462 circuitu
555 425 732 474 quatuor
755 425 946 463 tortores.
975 445 1021 448 —r
1061 420 1236 470 Quidam
1262 434 1333 462 rex
1360 424 1461 463 erat.
1511 421 1793 473 (Todestrom-

212 491 337 546 pete.)
385 491 457 532 lat.
486 492 580 533 1423.

211 561 273 604 De
306 562 537 605 Theodosio
577 562 829 617 imperatore
870 563 939 616 qui
984 563 1116 604 visum
1157 562 1315 616 recepit
1355 575 1428 616 per
1467 562 1674 616 quendam
1709 576 1793 605 ser—

211 636 376 688 pentem
400 634 463 675 cui
481 634 683 687 judicium
708 633 818 675 feeit.
840 658 892 661 —
923 633 1192 675 Theodosius.
1229 632 1569 686 (Rugenglocke.)
1602 633 1673 675 lat.
1699 635 1792 675 105.

211 703 274 746 De
313 705 506 760 ymagine
554 705 595 746 in
638 718 719 759 qua
759 704 959 759 seriptum
1001 705 1078 746 fuit
1118 707 1288 759 percute
1328 703 1406 747 hie.
1471 704 1573 746 Erat
1616 704 1792 758 quedam

211 788 374 830 ymago.
426 775 616 827 (Percute
650 775 746 826 hic.)
795 775 866 817 lat.
896 776 991 817 107.

211 845 274 889 De
315 847 448 889 tribus
488 847 611 889 sociis
651 846 898 889 habentibus
938 860 1066 888 unum
1108 859 1258 901 panem
1292 849 1455 888 tantum
1490 846 1541 888 ad
1574 847 1794 889 comeden-

212 917 324 959 dum.
357 942 409 947 —-
446 917 555 960 Olim
589 921 707 960 erant
739 920 822 959 tres
857 917 969 958 socii.
1020 917 1329 969 (Traumbrod.)
1376 917 1448 959 lat.
1478 918 1572 959 106.

211 988 275 1032 De
308 988 514 1045 Symacho
548 987 752 1043 quomodo
787 1002 810 1029 a
841 988 974 1030 milite
1008 1002 1158 1043 equum
1191 1001 1334 1030 canem
1368 989 1572 1031 falconem
1606 993 1647 1031 et
1668 1001 1795 1031 cornu

212 1060 352 1103 omnia
383 1060 505 1114 nigra
536 1059 685 1101 colore.
735 1058 965 1114 Symaehus
993 1060 1194 1113 regnavit.
1247 1059 1492 1111 (Schwarz.)
1539 1073 1668 1113 germ.
1694 1060 1763 1101 35.

210 1130 274 1173 De
314 1132 566 1187 imperatore
607 1130 675 1185 qui
716 1130 832 1172 dedit
872 1144 1000 1172 unum
1041 1130 1205 1173 oculum
1247 1145 1321 1186 pro
1359 1131 1444 1173 filio
1477 1144 1550 1173 suo
1583 1134 1629 1172 ut
1660 1130 1794 1185 legem

213 1201 473 1257 adimpleret.
523 1202 666 1245 Refert
697 1202 890 1245 valerius.
942 1201 1191 1254 (Zaleucus.)
1238 1201 1309 1244 lat.
1335 1202 1404 1244 5Ο.

211 1273 275 1316 De
314 1273 489 1317 muliere
522 1277 637 1316 easta
668 1287 743 1329 per
776 1273 956 1316 vetulam
992 1274 1166 1330 decepta
1197 1287 1288 1315 cum
1324 1287 1424 1316 eane
1457 1273 1659 1329 plorante.
1714 1272 1795 1315 Im-

212 1345 399 1400 peratrix
434 1345 609 1399 quedam
645 1348 745 1387 erat.
796 1343 1060 1395 (Weinendes
1093 1344 1323 1396 hiindlein.)
1371 1344 1443 1386 lat.
1470 1344 1538 1386 28.

211 1415 275 1458 De
307 1416 440 1459 milite
472 1417 537 1459 oui
570 1416 670 1458 civis
703 1416 745 1457 in
780 1415 920 1470 egipto
953 1415 1067 1458 dedit
1100 1416 1152 1458 ad
1180 1415 1445 1458 servandum.
1474 1438 1525 1443 -
1561 1414 1681 1457 Miles
1705 1414 1792 1469 qui«

212 1486 306 1529 dam
342 1491 443 1529 erat.
493 1487 812 1539 (Anvertrautes
845 1488 948 1540 gut.)
1000 1486 1072 1528 lat.
1101 1487 1196 1528 171.

212 1557 275 1600 De
313 1558 442 1601 divite
482 1559 551 1613 qui
592 1572 616 1600 a
648 1559 802 1613 juvene
844 1557 1011 1599 domum
1055 1571 1128 1613 per
1163 1557 1351 1599 fallacias
1384 1557 1463 1599 olei
1495 1556 1627 1599 voluit
1659 1559 1796 1599 extor-

213 1643 353 1685 quare.
386 1654 439 1658 ——
474 1629 649 1679 Quidam
683 1629 806 1671 homo
840 1632 941 1671 erat.
991 1628 1246 1681 (Oelfasser.)
1295 1642 1391 1684 app.
1416 1628 1486 1670 50.

210 1700 273 1743 De
312 1700 397 1743 filio
439 1701 549 1754 regis
591 1701 660 1756 qni
700 1714 774 1756 per
814 1700 1014 1742 mundum
1058 1699 1308 1742 ambulando
1347 1703 1431 1742 tres
1465 1699 1621 1741 amieos
1655 1698 1795 1753 aequi-

211 1773 321 1815 sivit.
355 1797 407 1801 —
443 1771 620 1822 Quidam
653 1786 726 1814 rex
761 1775 862 1813 erat.
914 1771 1307 1827 (Freundesprobe.)
1353 1770 1425 1813 lat.
1453 1771 1550 1812 129.

209 1843 272 1886 De
309 1857 418 1899 pena
449 1843 614 1885 illorum
650 1843 719 1898 qui
752 1843 840 1885 sine
873 1855 998 1884 causa
1030 1846 1144 1885 stant
1175 1846 1271 1884 utra
1303 1841 1519 1885 ecclesiam
1553 1840 1792 1883 fabulando.

209 1913 386 1965 Quidam
420 1928 629 1957 romanus.
680 1913 935 1966 (Martinus.)
1315 1962 1318 1969 .

210 1985 365 2028 Mortui
406 1985 680 2028 defenderunt
718 1984 922 2039 quendam
959 1985 1029 2039 qui
1062 1998 1137 2040 pro
1170 1983 1376 2026 defunctis
1410 1983 1567 2025 orabat.
1622 1981 1795 2036 Legitur

210 2057 261 2099 de
293 2056 485 2112 quodam.
541 2055 704 2108 (Stadte
736 2055 1052 2109 vertheidigen.)

271 2127 388 2183 (Cap.
413 2128 469 2169 3ss
498 2127 583 2168 und
614 2128 665 2168 37
708 2126 813 2168 ohne
855 2126 998 2168 moral.
1028 2126 1070 2168 in
1114 2126 1192 2168 den
1237 2125 1349 2180 platz
1389 2124 1463 2167 der
1495 2123 1680 2166 reductio
1713 2136 1792 2165 von

153 2199 208 2241 35
241 2198 556 2253 eingeschoben‚
589 2197 693 2239 auch
727 2198 783 2239 im
816 2197 992 2251 register
1025 2197 1085 2239 als
1117 2196 1333 2250 naehtrag,
1367 2195 1454 2238 also
1486 2194 1601 2237 nieht
1629 2194 1795 2237 hierher

151 2269 353 2324 geborig.)

94 2340 163 2383 38.

95 2553 163 2595 39.

94 2695 164 2737 40.

95 2836 165 2878 41.

211 2339 275 2383 De
306 2340 467 2383 duobus
501 2339 704 2382 militibus
738 2352 912 2394 quorum
947 2351 1053 2380 unus
1087 2341 1178 2380 erat
1209 2337 1384 2394 cupidus
1417 2340 1458 2379 et
1490 2335 1594 2379 alter
1625 2335 1792 2378 invidus

212 2414 254 2454 et
292 2424 432 2454 eorum
474 2409 685 2452 uxoribus.
750 2409 925 2460 Quidam
966 2422 1040 2452 rex
1081 2407 1246 2450 nobilis.
1312 2407 1508 2460 (Aussatz
1549 2420 1622 2449 aus
1664 2406 1791 2458 neid.)

211 2482 283 2525 lat.
311 2482 406 2524 151.

210 2552 275 2596 De
313 2552 446 2595 milite
478 2551 546 2606 qui
580 2550 728 2606 pedem
760 2550 906 2592 famuli
939 2550 1174 2606 amputavit
1204 2549 1293 2592 sine
1325 2548 1449 2605 culpa
1482 2549 1531 2591 de
1564 2561 1643 2602 quo
1675 2547 1793 2590 here-

212 2624 317 2666 mita
349 2627 424 2666 etc.
457 2646 511 2651 —-
545 2621 665 2664 Miles
698 2620 866 2676 quidam
901 2624 1002 2663 erat.
1051 2619 1168 2672 (Fuss
1202 2620 1284 2672 ab.)
1331 2619 1404 2662 lat.
1432 2619 1528 2661 125.

213 2694 277 2737 De
315 2693 520 2736 heremita
558 2705 677 2747 quem
720 2690 890 2745 angelus
929 2691 995 2733 dei
1027 2691 1197 2745 judiciis
1235 2690 1302 2733 dei
1333 2704 1408 2746 per
1441 2688 1633 2744 exempla
1663 2687 1792 2730 infor-

211 2765 355 2807 mavit.
403 2763 508 2806 Erat
540 2763 707 2819 quidam
741 2762 956 2804 heremita.
1006 2760 1155 2815 (Engel
1185 2761 1271 2803 und
1300 2759 1551 2812 einsiedler.)
1598 2758 1670 2800 lat.
1692 2759 1759 2800 80.

212 2835 277 2878 De
323 2834 537 2877 sacerdote
576 2833 734 2877 lubrico
775 2836 817 2875 et
853 2845 955 2874 eane
995 2831 1136 2874 fetido.
1201 2831 1298 2874 Otto
1340 2830 1542 2884 regnavit.
1608 2828 1792 2881 (Hunds-

215 2905 381 2961 quelle.)
427 2906 499 2948 lat.
527 2906 593 2947 12.

158 2987 378 3025 Oesterley.
401 2986 493 3015 Gesta
513 2986 727 3014 Romanorum.
1467 2975 1510 3008 12
