1949 3162
984 63 1068 105 458

836 189 938 231 CAP.
968 188 1062 228 110.
1097 183 1230 235 (108.)

189 289 261 334 De
299 286 529 331 dilectione
575 282 662 331 dei,
710 276 934 339 quomodo
985 286 1136 317 omnes
1181 284 1265 314 nos
1309 265 1521 327 equaliter
1558 263 1702 322 diliyz‘t
1733 274 1874 320 usque

563 364 668 408 (lum
705 363 850 421 ipsum
881 372 965 417 per
995 360 1183 416 peccata
1222 351 1497 410 despicimus.

307 464 509 520 Pippinus
541 458 748 513 regnavit,
791 455 859 510 qui
898 453 1102 508 quandam
1136 449 1349 506 pulchram
1382 444 1561 501 puellam
1596 438 1875 496 desponsavit,

145 550 166 583 5
193 552 270 593 que
302 535 490 590 concepit
521 535 561 573 et
593 531 820 583 elegantem
854 526 983 567 filium
1022 521 1204 579 peperit,
1246 519 1318 561 sed
1362 518 1402 559 in
1435 519 1557 571 partu
1591 511 1681 567 [97]
1714 514 1877 552 mortua

194 613 267 652 est.
322 607 454 649 Duxit
487 603 608 645 aliam
643 605 682 642 et
714 614 762 641 ex
795 598 867 640 illa
898 597 1026 638 eciam
1059 593 1189 635 filium
1222 590 1376 644 genuit,
1414 591 1633 639 utrumque
1663 582 1794 624 filium
1827 580 1878 622 ad

193 678 460 723 nutriendum
494 676 534 717 in
566 672 812 726 longinquas
844 671 984 724 partes
1025 665 1150 707 misit.
1203 662 1275 704 Isti
1314 661 1393 702 duo
1432 672 1506 714 per
1537 655 1676 698 omnia
1707 653 1787 696 sibi
1816 653 1879 694 in-

197 753 323 793 vicem
359 752 477 791 erant
509 744 678 787 similes,
728 741 829 783 Cum
863 752 958 781 vero
993 751 1065 793 per
1095 736 1219 788 longa
1250 738 1440 787 tempora
1471 741 1629 770 moram
1652 724 1878 777 traherent,

196 826 328 865 mater
361 818 527 862 secundi
551 815 624 857 filii
657 827 776 856 suum
808 811 936 852 filium
971 809 1110 850 videre
1141 805 1346 861 cupiebat,
1380 813 1522 857 preces
1554 797 1643 851 regi
1669 795 1881 848 fundebat,

129 905 171 938 10
197 898 242 936 ut
272 892 401 934 filium
435 901 553 932 suum
588 886 727 927 videre
760 882 904 939 possit.
952 880 1038 922 Rex
1073 879 1109 920 ei
1141 875 1357 927 concessit,
1390 877 1430 914 et
1461 870 1656 913 nuncium
1685 881 1761 923 pro
1783 866 1882 908 duo-

199 965 273 1008 bus
306 963 400 1005 filiis
434 958 670 1010 destinavit,
705 956 773 1010 qui
807 968 899 996 cum
934 952 1163 1003 venissent,
1196 948 1255 989 ita
1286 959 1360 1002 per
1393 942 1531 985 omnia
1563 939 1719 982 similes
1753 941 1883 990 erant,

197 1036 295 1079 licet
330 1039 468 1076 tamen
508 1028 709 1073 secundus
750 1030 858 1069 esset
897 1023 1068 1066 minoris
1102 1018 1346 1076 quantitatis
1386 1019 1425 1057 et
1463 1013 1603 1066 etatis,
1644 1010 1740 1066 quia
1776 1009 1884 1051 forte

200 1107 319 1150 unius
353 1105 462 1157 anni,
496 1100 786 1144 nichilominus
818 1103 956 1140 tamen
980 1098 1120 1137 tantus
1142 1095 1231 1134 erat
1263 1087 1478 1140 secunduS,
1512 1086 1690 1139 quantus
1711 1081 1885 1137 primus,

202 1179 309 1221 sicut
348 1175 592 1218 multociens
632 1170 825 1223 contigit,
866 1174 906 1210 et
942 1167 1048 1208 forte
1085 1167 1258 1217 uterque
1299 1157 1529 1215 patrisabat
1564 1156 1606 1197 in
1636 1153 1742 1196 facie
1774 1155 1814 1194 et
1844 1151 1887 1193 in

134 1259 176 1293 15
202 1248 476 1292 unanimitate
510 1244 658 1287 mentis
692 1247 732 1285 et
763 1239 960 1296 corporis,
993 1238 1052 1279 ita
1083 1234 1191 1290 quod
1223 1232 1366 1286 regina
1399 1230 1488 1284 quis
1521 1228 1608 1282 ejus
1639 1224 1748 1267 filius
1781 1226 1890 1266 esset

204 1319 433 1375 ignorabat.
483 1317 519 1359 A
542 1329 638 1369 rege
671 1313 890 1367 diligenter
922 1309 1071 1366 petivit
1099 1306 1189 1361 quis
1212 1305 1375 1346 illorum
1399 1303 1507 1343 esset
1536 1298 1644 1340 filius
1677 1296 1784 1351 ejus3
1817 1294 1890 1337 sed

204 1407 277 1435 rex
311 1392 348 1434 ei
380 1389 564 1432 indicare
596 1386 739 1428 noluit.
789 1384 884 1439 Ipsa
915 1382 990 1424 hoc
1022 1379 1193 1421 audiens
1224 1376 1338 1418 flevit
1369 1385 1520 1415 amare.
1572 1369 1659 1412 Rex
1691 1381 1781 1410 cum
1815 1365 1892 1408 1100

206 1463 388 1506 audisset
428 1465 468 1503 et
509 1459 699 1511 vidisset,
740 1456 799 1498 ait
836 1455 892 1497 ei:
932 1452 1025 1495 Noli
1063 1450 1180 1492 flere!
1223 1447 1296 1489 Ille
1336 1448 1398 1487 est
1434 1443 1543 1485 filius
1575 1445 1684 1484 tuus.
1736 1438 1793 1482 Et
1822 1437 1892 1480 de-

207 1533 454 1577 monstravit
486 1531 564 1573 sibi
608 1529 760 1581 filium,
802 1539 922 1581 quem
963 1524 1012 1565 de
1045 1522 1180 1578 prima
1211 1532 1338 1561 uxore
1370 1517 1579 1571 genuerat.
1630 1511 1789 1565 Regina
1817 1509 1895 1552 1100

138 1618 182 1652 20
210 1607 378 1649 audiens
411 1603 578 1658 gavisus
611 1605 674 1642 est
705 1599 837 1651 valde,
871 1596 1012 1638 statim
1044 1598 1171 1636 totam
1207 1603 1346 1633 curam
1381 1587 1494 1630 dedit
1525 1584 1609 1627 filio
1640 1583 1711 1625 isti
1743 1581 1795 1624 ad
1819 1595 1894 1623 nu-

210 1677 418 1720 triendum
453 1678 494 1717 et
525 1674 574 1715 de
608 1672 687 1714 alio
719 1669 844 1712 nichil
877 1667 1061 1719 curabat,
1096 1664 1165 1719 qui
1197 1666 1287 1705 erat
1309 1661 1394 1715 ejus
1419 1657 1613 1714 proprius
1644 1655 1765 1697 filius.
1807 1652 1896 1695 Rex

211 1763 301 1793 cum
336 1749 412 1790 hoc
443 1746 627 1798 vidisset,
661 1743 767 1785 dixit
799 1741 855 1782 ei:
898 1737 1003 1789 Quid
1035 1736 1170 1778 facitis
1204 1734 1265 1776 ei?
1306 1731 1463 1786 Decepi
1495 1743 1588 1780 vos3
1620 1727 1692 1769 ille
1722 1739 1805 1767 non
1836 1727 1900 1766 est

212 1821 319 1863 filius
352 1823 507 1871 vester,
541 1816 611 1858 sed
643 1828 748 1856 unus
780 1813 955 1854 istorum
989 1813 1061 1851 est.
1114 1807 1172 1849 At
1204 1805 1295 1847 illa:
1335 1803 1469 1853 Quare
1501 1800 1560 1842 sic
1591 1811 1751 1841 mecum
1786 1794 1899 1849 agis?

213 1892 354 1934 Indica
386 1889 530 1931 michi!
564 1888 676 1940 Rogo
709 1889 761 1928 te.
804 1884 861 1926 Et
892 1882 982 1924 ille:
1015 1879 1134 1932 Nolo,
1168 1882 1208 1920 et
1239 1877 1313 1918 hec
1345 1878 1407 1916 est
1438 1885 1581 1915 causa:
1615 1870 1650 1912 si
1682 1867 1899 1911 veritatem

145 1972 190 2007 25
215 1964 289 2006 tibi
324 1962 535 2013 dixissem,
568 1971 695 2000 unum
729 1955 886 1997 00111001
913 1953 1045 1995 filium
1066 1955 1183 1992 tuum
1207 1947 1332 1990 velles
1356 1959 1448 1988 eum
1471 1943 1643 1996 diligere
1665 1946 1705 1983 et
1726 1939 1900 1982 alterum

217 2035 309 2076 odio
342 2033 505 2084 habere,
541 2034 580 2072 et
611 2029 701 2072 ideo
735 2027 826 2069 volo
860 2024 968 2081 quod
1002 2023 1143 2065 ambos
1177 2019 1377 2074 equaliter
1409 2016 1557 2069 diligas
1584 2016 1625 2056 et
1655 2011 1830 2064 nutrias,
1863 2012 1904 2051 et

218 2120 308 2149 cum
344 2104 395 2146 ad
428 2107 577 2145 etatem
609 2100 837 2154 legitimam
882 2096 1073 2148 veniunt,
1115 2097 1212 2135 tunc
1252 2090 1328 2132 tibi
1366 2088 1581 2130 veritatem
1615 2083 1814 2140 pandam,
1854 2080 1904 2123 de

220 2191 299 2233 qua
340 2174 536 2230 gaudebit
573 2186 642 2214 cor
681 2175 811 2213 tuum.
868 2168 956 2210 Hoc
996 2165 1165 2208 audiens
1205 2162 1348 2216 regina
1387 2159 1528 2201 ambos
1567 2154 1799 2212 peroptime
1828 2166 1905 2194 nu-

219 2249 349 2301 trivit,
383 2247 512 2288 donec
544 2244 595 2286 ad
628 2246 778 2285 etatem
810 2240 1039 2294 legitimam
1073 2237 1370 2292 pervenerunt3
1402 2244 1494 2272 011111
1526 2232 1661 2271 autem
1685 2226 1776 2280 quis
1798 2226 1907 2267 esset

151 2328 196 2362 30
220 2320 328 2362 filius
362 2318 448 2372 ejus
481 2329 554 2372 per
586 2327 724 2368 regem
757 2312 892 2354 fuerat
924 2313 1109 2365 experta,
1143 2306 1252 2348 ultra
1282 2303 1450 2346 modum
1481 2301 1561 2342 fuit
1590 2298 1745 2352 gavisa,
1777 2300 1818 2338 et
1848 2294 1907 2336 sic

222 2392 265 2434 in
296 2403 396 2446 pace
428 2388 556 2430 vitam
587 2385 794 2427 finierunt.

341 2459 576 2510 Carissimi,
614 2470 686 2498 rex
719 2456 797 2497 iste
829 2457 891 2496 est
922 2452 1112 2494 dominus
1143 2451 1284 2491 noster
1315 2447 1456 2489 Ihesus
1489 2443 1691 2494 Christus,
1723 2439 1803 2481 duo
1834 2435 1908 2478 filii

226 2537 322 2575 sunt
368 2530 487 2574 electi
535 2533 575 2571 et
619 2527 805 2582 reprobi,
852 2528 985 2567 mater
1025 2526 1087 2565 est
1124 2523 1268 2563 sancta
1309 2517 1503 2569 ecclesia,
1551 2527 1629 2569 que
1675 2514 1738 2554 est
1776 2511 1910 2551 mater

227 2604 362 2647 ultimi
408 2601 503 2652 filii3
553 2603 684 2640 1110101
731 2598 856 2653 primi
901 2595 974 2637 filii
1023 2596 1187 2635 mortua
1225 2594 1288 2633 est
1326 2588 1482 2631 scilicet
1520 2585 1588 2628 lex
1627 2583 1798 2636 antiqua
1837 2592 1911 2635 per

158 2683 203 2717 35
228 2674 383 2718 Christi
414 2670 759 2714 incarnacionem.
808 2668 919 2710 Deus
952 2680 1034 2708 non
1067 2663 1155 2706 vult
1183 2661 1290 2717 quod
1314 2663 1445 2702 mater
1468 2656 1638 2700 ecclesia
1671 2653 1788 2706 sciat,
1820 2651 1911 2706 quis

230 2747 284 2788 sit
315 2746 467 2787 electus
500 2742 565 2784 vel
596 2740 817 2795 reprobus,
857 2739 927 2780 sed
970 2741 1014 2779 ut
1053 2735 1195 2778 ambos
1235 2733 1277 2774 in
1318 2731 1491 2773 caritate
1529 2727 1712 2784 perfecta
1741 2713 1911 2775 nutriat,

233 2818 328 2872 quia
360 2817 394 2858 si
428 2815 563 2866 sciret,
596 2825 720 2854 unum
756 2811 945 2863 diligeret
969 2813 1009 2850 et
1032 2808 1205 2849 alterum
1240 2804 1385 2856 odiret,
1418 2804 1459 2844 et
1489 2800 1548 2842 010
1577 2811 1658 2840 11011
1691 2798 1801 2839 00001
1830 2807 1914 2849 pax

235 2892 276 2931 et
308 2886 540 2938 concordia,
574 2883 643 2925 sed
676 2883 719 2924 in
741 2882 805 2923 die
822 2880 982 2935 judicii,
1014 2893 1104 2921 cum
1140 2878 1190 2919 ad
1210 2875 1439 2929 legitimam
1462 2874 1612 2914 etatem
1635 2865 1914 2924 pervenerint,

235 2963 333 3002 tunc
366 2956 583 3014 apparebit
616 2952 685 3008 [97
699 2952 739 3007 b]
772 2952 939 3005 veritas,
973 2950 1042 3006 qui
1074 2950 1157 2991 sint
1188 2947 1307 2990 electi
1339 2944 1402 2987 vel
1426 2941 1612 2999 reprobi3
1643 2944 1744 2982 111110
1774 2935 1915 2980 0100110
1947 2987 1949 2991 ¹
