1949 3162
972 76 1059 117 484

175 184 218 225 in
249 186 382 225 morte
413 186 547 224 tecum
581 181 778 237 plorando
818 185 1013 237 pergunt,
1055 186 1096 224 et
1127 195 1220 224 cum
1253 196 1357 224 uxor
1389 182 1440 224 ad
1473 182 1639 224 domum
1671 181 1854 235 redierit,

174 255 284 297 infra
330 266 481 309 paucos
523 252 608 295 dies
655 253 770 295 dolor
815 252 970 294 recedit
1016 256 1056 294 et
1103 252 1228 294 alium
1274 253 1422 308 incipit
1468 267 1619 295 amare.
1688 252 1856 295 Tercius

178 327 354 379 amicus,
387 338 462 381 pro
495 338 574 380 quo
608 338 751 380 parum
785 324 933 377 fecisti,
967 328 1029 365 est
1060 322 1268 376 Christus,
1303 337 1376 379 pro
1409 325 1522 378 cujus
1557 337 1695 366 amore
1726 336 1859 379 pauca

176 397 285 440 bona
316 409 456 438 sumus
490 396 668 451 operati,
709 397 836 438 immo
868 394 1001 436 multa
1032 394 1160 447 mala,
1201 395 1269 448 qui
1308 399 1493 450 tempore
1524 396 1669 437 mortis
1701 395 1857 437 amicus

130 478 151 512 5
177 472 260 522 est,
299 468 333 510 si
373 467 540 509 contriti
581 471 621 510 et
667 467 841 510 confessi
873 466 1091 518 fuerimus3
1140 467 1265 507 immo
1313 479 1386 520 pro
1425 466 1542 508 nobis
1591 471 1765 508 mortem
1815 465 1858 506 in

177 553 296 582 cruce
329 539 537 582 sustinuit.

825 766 927 809 CAP.
955 768 1049 809 130.
1083 767 1216 818 (122.)

506 853 642 914 Quod
673 856 744 899 vir
780 855 960 914 sapiens
988 853 1096 914 plus
1131 853 1249 899 valet
1280 855 1378 899 viro
1405 853 1538 913 forti.

295 964 399 1006 Erat
436 963 602 1017 quidam
642 976 737 1016 ren,
780 963 849 1016 qui
888 976 1113 1017 pauperem
1146 963 1363 1016 quemdam
1405 962 1454 1004 ad
1487 974 1658 1015 magnas
1691 960 1860 1002 divicias

112 1043 155 1077 10
179 1035 387 1091 promovit
426 1035 542 1088 eique
582 1047 709 1076 unum
749 1038 928 1075 castrum
971 1033 1020 1074 ad
1061 1034 1374 1075 custodiendum
1420 1033 1645 1083 commisit3
1693 1031 1763 1073 ille
1801 1031 1860 1074 sic

180 1106 445 1159 sublimatus,
485 1104 686 1160 superbus
716 1105 850 1146 factus
884 1109 946 1146 est
977 1104 1115 1157 valde,
1156 1117 1246 1146 cum
1286 1105 1464 1146 inimicis
1504 1105 1611 1158 regis
1644 1103 1860 1146 consilium

179 1178 324 1220 habuit
364 1182 403 1219 et
440 1178 624 1232 ipsorum
664 1176 850 1231 proditor
887 1176 1020 1217 factus
1053 1179 1232 1217 castrum
1266 1176 1368 1230 ipsis
1409 1175 1584 1231 aperuit.
1640 1173 1728 1216 Rex
1765 1187 1860 1216 vero

181 1249 230 1292 de
251 1249 327 1291 hoc
362 1247 479 1302 [111]
515 1248 690 1289 multum
713 1248 979 1290 contristatus
1008 1247 1223 1289 consilium
1256 1247 1412 1301 habuit,
1446 1246 1648 1302 quomodo
1681 1250 1862 1289 castrum

179 1320 407 1363 rehaberet.
468 1319 636 1361 Dictum
676 1323 739 1361 est
780 1318 836 1372 ei,
877 1317 985 1372 quod
1021 1331 1104 1359 non
1137 1324 1275 1373 posset
1306 1322 1486 1361 castrum
1525 1318 1742 1371 rehabere,
1781 1317 1862 1359 nisi

113 1398 156 1433 15
179 1392 262 1434 tria
292 1391 474 1444 haberet,
508 1390 665 1432 scilicet
695 1390 996 1442 fortitudinem,
1030 1390 1281 1445 sapienciam
1315 1395 1355 1432 et
1382 1389 1641 1432 dilectionem
1665 1402 1748 1431 una
1768 1402 1860 1430 cum

182 1463 356 1505 diviciis.
405 1461 522 1504 Unde
554 1461 596 1503 in
618 1474 744 1515 regno
768 1475 840 1502 suo
872 1461 1039 1502 fuerunt
1069 1465 1152 1502 tres
1184 1461 1351 1514 milites,
1385 1474 1558 1516 quorum
1586 1474 1691 1503 unus
1714 1460 1861 1503 ceteris

179 1535 344 1588 forcior,
377 1533 580 1576 secundus
604 1533 836 1587 sapiencior
868 1536 908 1574 et
939 1532 1089 1574 tercius
1111 1546 1250 1586 regem
1273 1532 1448 1574 multum
1480 1532 1646 1584 dilexit3
1677 1532 1748 1574 isti
1777 1537 1861 1574 tres

181 1605 333 1647 milites
373 1608 469 1647 sunt
506 1604 623 1645 missi
655 1617 747 1645 cum
781 1603 1049 1657 exercitibus,
1089 1608 1135 1645 ut
1172 1608 1351 1646 castrum
1391 1603 1646 1646 invaderent.
1698 1602 1862 1645 Primus

183 1677 300 1719 miles
331 1676 451 1718 fortis
483 1689 576 1718 cum
609 1676 792 1718 exercitu
823 1675 969 1729 grandi
1001 1675 1203 1730 processit
1233 1689 1306 1730 per
1338 1675 1544 1729 quandam
1574 1675 1786 1729 forestam,
1819 1674 1863 1716 in

111 1756 157 1791 20
182 1762 263 1803 qua
295 1751 414 1790 erant
444 1747 601 1788 inimici
634 1747 756 1801 regis,
790 1751 830 1789 et
860 1747 1015 1802 incepit
1036 1746 1210 1788 viriliter
1240 1751 1383 1789 contra
1402 1747 1516 1802 ipsos
1538 1759 1734 1802 pugnare.
1783 1744 1863 1788 Sed

182 1819 317 1862 subito
350 1819 526 1873 quedam
549 1819 702 1872 sagitta
733 1818 835 1860 exiit
866 1818 915 1860 de
938 1817 1103 1860 ballista
1135 1822 1175 1860 et
1206 1831 1299 1860 eum
1330 1818 1372 1860 in
1394 1819 1562 1872 inguine
1592 1816 1797 1873 percussit
1824 1820 1865 1858 et

182 1894 368 1933 mortuus
410 1894 483 1932 est.
546 1889 664 1932 Miles
705 1890 869 1945 sapiens
921 1894 1014 1944 post
1052 1902 1142 1932 eum
1184 1890 1380 1931 forestam
1421 1890 1594 1931 intravit
1631 1893 1672 1931 et
1709 1888 1865 1944 incepit

184 1961 362 2015 allegare
388 1962 498 2016 jura,
532 1962 590 2003 sic
622 1961 762 2003 volens
786 1974 854 2002 eos
886 1960 1071 2011 allicere3
1103 1962 1217 2003 venit
1249 1961 1412 2015 sagitta,
1445 1974 1524 2015 que
1547 1960 1751 2015 percussit
1771 1972 1863 2002 eum

182 2033 292 2075 inter
324 2032 562 2088 pulmonem
602 2036 642 2074 et
681 2031 938 2073 stomachum
979 2036 1019 2074 et
1058 2036 1244 2074 mortuus
1278 2035 1350 2074 est.
1406 2031 1492 2073 Hec
1530 2031 1673 2073 videns
1712 2031 1864 2073 tercius

113 2114 158 2148 25
183 2103 302 2146 miles
333 2104 529 2146 forestam
561 2103 732 2145 intravit
763 2106 804 2145 et
834 2103 989 2158 incepit
1010 2103 1146 2145 dulcia
1168 2103 1292 2145 verba
1320 2103 1505 2158 proferre
1527 2106 1568 2144 et
1589 2106 1732 2145 ornate
1751 2102 1865 2158 loqui

183 2176 404 2228 intantum,
438 2174 547 2230 quod
576 2175 693 2216 illum
724 2174 900 2216 libenter
932 2174 1155 2216 audiebant
1178 2179 1219 2216 et
1239 2175 1417 2216 transire
1449 2173 1764 2229 permittebant;
1797 2187 1865 2216 ve-

183 2250 448 2301 rumptamen
479 2249 639 2288 tantum
672 2258 764 2287 cum
798 2246 856 2287 eis
886 2245 1003 2299 fecit,
1037 2245 1146 2300 quod
1175 2246 1392 2287 introitum
1422 2245 1567 2288 habuit
1595 2245 1639 2287 in
1669 2249 1864 2299 castrum,

186 2322 227 2360 et
258 2318 318 2360 sic
347 2318 456 2359 inter
488 2330 556 2358 eos
588 2316 930 2370 conversabatur,
970 2317 1079 2371 quod
1119 2330 1260 2359 omnes
1293 2317 1516 2359 existentes
1548 2317 1592 2358 in
1623 2329 1739 2359 casro
1771 2319 1867 2359 sunt

187 2402 279 2431 cum
328 2402 374 2430 eo
422 2388 694 2441 confederati,
743 2392 783 2430 et
829 2388 888 2430 sic
934 2392 1116 2430 castrum
1162 2401 1236 2443 pro
1277 2401 1372 2442 rege
1412 2388 1631 2443 acquisivit
1669 2391 1709 2430 et
1747 2401 1866 2430 suum

116 2468 162 2502 30
186 2459 384 2502 vexillum
418 2459 462 2500 111
493 2460 733 2501 summitate
766 2459 984 2501 ordinavit.
1033 2458 1135 2501 Cum
1167 2473 1241 2501 rex
1262 2459 1338 2501 hoc
1369 2459 1609 2513 audivisset,
1642 2459 1750 2514 quod
1781 2464 1866 2502 tam

186 2531 413 2586 prudenter
444 2533 624 2572 castrum
659 2531 958 2585 acquisivisset,
991 2530 1108 2572 illum
1141 2531 1192 2572 ad
1215 2544 1385 2584 magnas
1408 2531 1578 2572 divicias
1611 2531 1828 2585 promovit.

304 2602 591 2644 Mor-alimoto.
670 2600 904 2655 Carissimi,
952 2615 1025 2643 rex
1071 2602 1150 2644 iste
1197 2605 1259 2643 est
1305 2602 1495 2643 dominus
1540 2606 1681 2644 noster
1726 2601 1866 2644 Ihesus

187 2672 390 2726 Christus,
424 2673 492 2727 qui
524 2672 640 2713 illum
663 2686 887 2727 pauperem
911 2672 996 2714 scil.
1019 2672 1155 2714 Adam
1177 2673 1358 2727 primum
1381 2676 1591 2728 parentem
1623 2672 1675 2714 ad
1695 2686 1867 2726 magnas

187 2743 358 2786 divicias
389 2744 610 2799 promovit,
643 2743 805 2797 quando
828 2757 921 2785 eum
944 2743 1213 2786 senescallum
1238 2744 1420 2798 paradisi
1448 2743 1674 2797 constituit,
1707 2744 1778 2786 sed
1798 2743 1868 2786 ille

119 2826 164 2861 35
190 2828 262 2870 per
285 2819 497 2870 peccatum
530 2813 722 2869 perdidit.
755 2813 873 2856 Unde
904 2815 947 2855 in
968 2819 1055 2856 toto
1077 2828 1203 2868 regno
1225 2814 1367 2856 mundi
1400 2815 1521 2870 pauci
1552 2818 1670 2857 erant
1696 2815 1866 2869 inventi,

190 2886 260 2939 qui
291 2890 471 2927 castrum
493 2885 738 2941 predictum,
770 2885 797 2925 i.
821 2899 854 2926 e.
878 2885 1117 2940 paradisum
1142 2890 1333 2939 poterant
1354 2885 1550 2928 obtinere.
1600 2885 1745 2928 Vocati
1773 2890 1869 2928 sunt

283 2968 326 3001 21
352 2966 510 3010 inguine]
538 2972 623 3012 oriq.
641 2965 786 3009 iguinie.
883 2966 926 2999 29
952 2966 1049 3010 rege]
1077 2972 1161 3012 orz'y.
1179 2967 1270 3010 lege.
