1949 3162
943 68 1026 110 698

149 175 351 230 Ayricola
373 175 515 232 filiam
545 190 663 216 suam
693 174 931 216 demonibus
964 176 1249 217 commendans
1279 175 1411 217 subito
1442 184 1671 231 rapuerunt
1700 184 1737 218 et
1766 178 1823 218 ad

236 247 491 300 septennium
521 247 627 286 inter
657 254 810 287 montes
843 247 1129 287 cruciaverunt
1163 245 1255 286 162.

149 315 343 356 Albertus
376 316 490 356 miles
519 316 695 357 illustris
719 324 886 372 puqnat
916 331 1005 357 cum
1038 316 1217 371 quodam
1247 318 1485 358 adversario
1505 318 1634 359 milite
1662 319 1708 358 in
1736 317 1821 360 loco

236 385 501 427 subterraneo
537 386 631 427 155.

151 455 406 497 Alleaeandri
441 471 615 512 reqnum
653 459 727 512 qui
757 458 1017 498 Aristotelem
1055 459 1101 497 in
1131 459 1375 512 maqistrum
1411 457 1553 500 habuit
1590 465 1627 499 et
1655 473 1746 500 eum
1775 459 1824 500 de

239 534 389 581 septem
418 527 664 581 informavit
694 528 762 569 34.
812 528 913 569 Item
946 528 1010 568 11.

151 596 388 638 Alexandri
417 599 630 653 sepultura
662 599 797 653 qualis
817 599 956 653 fuerit
988 598 1055 638 31.

150 668 405 710 Alleoeandri
432 684 603 724 reynum
635 669 673 710 9.

151 739 276 780 Alere
307 739 495 780 debemus
520 747 715 794 parentes
746 748 783 781 et
813 754 878 780 eos
909 747 1134 780 sustentare
1168 739 1232 780 14.

152 810 292 851 Anzan
323 812 380 851 ad
411 812 643 852 convivium
676 811 827 852 Asveri
855 818 1021 851 vocatus
1053 811 1254 865 quomodo
1287 811 1499 866 eoepeditus
1529 819 1586 852 est
1619 810 1713 851 177.

154 882 320 922 Amicos
360 890 439 923 tres
474 881 593 933 filius
629 883 738 936 re9is
780 889 877 936 post
915 881 1095 922 laborem
1139 881 1360 922 multorum
1396 883 1591 923 itinerum
1635 881 1717 922 sibi
1759 896 1827 922 ac-

241 954 412 1006 quisivit
446 951 539 992 129.

152 1022 293 1063 Amici
330 1024 411 1063 duo
454 1038 630 1077 quorum
669 1023 773 1063 alter
816 1024 861 1062 in
902 1024 1066 1077 siynum
1107 1022 1460 1076 confederacionis
1496 1030 1690 1079 perpetue
1728 1022 1828 1064 bibit

241 1094 410 1134 alterius
441 1095 684 1149 sanquinem
715 1093 782 1134 67.

152 1163 356 1218 Anqelica
387 1173 539 1205 natura
571 1172 607 1205 et
636 1164 819 1205 humana
850 1164 888 1206 7.

154 1235 339 1290 Anyelus
370 1237 538 1276 unicum
557 1235 697 1288 filium
727 1236 871 1276 militis
904 1251 1032 1291 quare
1065 1237 1260 1277 occiderit
1283 1237 1506 1291 pereyrino
1539 1237 1681 1277 comite
1713 1234 1780 1276 80.

153 1306 312 1346 Anima
341 1306 524 1347 humana
553 1308 800 1362 imperatori
829 1315 1096 1362 comparatur
1129 1307 1193 1348 lO.

154 1377 311 1418 Anima
341 1379 520 1418 moritur
552 1379 718 1432 quando
745 1387 960 1433 peccatum
990 1379 1162 1420 mortale
1193 1379 1457 1419 committitur
1490 1377 1585 1418 140.

155 1448 310 1490 Anima
331 1449 429 1502 filia
460 1449 526 1489 dei
557 1449 709 1490 dicitur
743 1448 836 1489 138.

154 1519 312 1560 Anima
368 1519 623 1561 nobilissimo
681 1534 831 1574 sponso
890 1520 975 1560 scil.
1029 1518 1187 1560 Christo
1231 1534 1310 1574 per
1358 1519 1605 1574 baptismum
1654 1520 1830 1575 despon-

242 1599 359 1632 satur
380 1590 448 1632 78.

155 1661 314 1702 Anima
348 1670 492 1703 nostra
529 1664 659 1703 decies
698 1662 854 1703 clarior
891 1663 968 1702 erit
1005 1661 1088 1703 sole
1125 1669 1346 1716 antequam
1382 1662 1510 1701 vitam
1549 1668 1727 1702 eternam
1763 1661 1830 1701 in-

270 1734 452 1774 redietur
482 1733 550 1774 94.

157 1748 314 1833 Δηιξηα
346 1808 421 1848 que
447 1794 682 1849 peccaverit
712 1793 761 1833 de
790 1800 923 1833 monte
954 1793 1074 1847 reyni
1104 1791 1256 1831 CCZCStiS
1285 1792 1563 1846 precipitatur
1594 1790 1632 1831 3⁶

155 1863 313 1904 Anima
336 1879 418 1920 per
441 1872 658 1920 peccatum
688 1878 842 1919 sponsa
874 1862 1034 1903 diaboli
1063 1862 1239 1916 efficitur
1270 1861 1307 1902 6.

157 1934 315 1975 Anima
344 1936 520 1990 pulchra
553 1943 610 1976 est
639 1949 794 1990 sponsa
827 1932 980 1975 Christi
1009 1942 1046 1974 et
1076 1933 1160 1987 ejus
1191 1934 1352 1973 amasia
1386 1931 1450 1973 13.

156 2005 314 2047 Anima
347 2007 596 2047 adulterium
626 2007 840 2046 committit
870 2006 1036 2060 quando
1068 2004 1296 2045 mortaliter
1320 2011 1466 2059 peccat
1495 2001 1564 2044 56.

156 2078 317 2119 Anima
342 2092 422 2133 per
446 2084 663 2132 peccatum
694 2078 732 2117 si
761 2077 952 2117 ceciderit
982 2076 1183 2131 quomodo
1204 2075 1414 2129 faciemus
1446 2074 1513 2115 61.

161 2146 312 2202 [162b]
348 2148 512 2189 Anulus
546 2148 699 2203 dupled·
731 2147 948 2187 oblivionis
980 2147 1131 2188 scilicet
1162 2154 1199 2187 et
1227 2146 1419 2186 memorie
1449 2144 1517 2185 26.

160 2219 278 2275 Aper
309 2227 496 2260 strenuus
529 2220 632 2273 quid
661 2218 867 2274 siqnificat
899 2218 966 2258 83.

161 2289 280 2346 Apro
313 2291 489 2331 caudam
521 2290 687 2344 auferre
720 2290 920 2344 quomodo
954 2289 1209 2343 intellz’yitur.
1260 2286 1428 2328 Ibidem.

162 2361 289 2416 Aqua
318 2361 521 2402 Jordanis
553 2360 800 2416 baptismum
830 2360 1035 2415 siynificat
1067 2359 1131 2400 19.

161 2431 316 2488 Aquile
344 2440 497 2473 natura
529 2431 596 2472 36.

162 2503 345 2558 Artifeoe,
381 2505 455 2558 qui
472 2502 706 2557 fabricavit
735 2503 887 2542 vitrum
909 2502 1058 2542 ductile
1087 2502 1200 2557 quod
1209 2501 1365 2556 franyi
1382 2514 1465 2540 non
1479 2499 1632 2554 potuit,
1662 2504 1835 2553 propter

249 2576 459 2630 inglenium
491 2582 527 2615 et
554 2574 767 2614 scientiam
796 2573 914 2613 illam
943 2574 1119 2613 moritur
1148 2571 1217 2612 44.

163 2645 340 2686 Armari
369 2645 556 2686 debemus
588 2644 703 2685 bonis
734 2643 952 2684 virtutibus
984 2643 1050 2683 63.

165 2716 298 2757 Arma
329 2716 645 2771 sanquinolenta
675 2717 720 2756 in
752 2729 913 2755 camera
943 2722 1087 2755 nostra
1117 2712 1351 2754 habebimus
1384 2711 1438 2753 66
1470 2712 1516 2752 in
1535 2711 1633 2764 fine.

163 2786 396 2828 Armatura
426 2787 588 2842 duplici
618 2787 685 2827 dei
703 2786 822 2839 filius
855 2793 1038 2826 armatus
1069 2792 1158 2826 erat
1190 2783 1285 2824 142.

165 2858 322 2898 Asinus
370 2873 510 2899 coram
547 2858 713 2899 domino
754 2871 864 2898 more
903 2856 1084 2897 caniculi
1119 2856 1275 2896 saltans
1314 2862 1371 2895 est
1409 2854 1548 2894 ideota
1581 2853 1629 2893 in
1667 2850 1835 2892 ecclesia

253 2943 392 2969 coram
416 2929 578 2985 populo
603 2928 832 2984 predicans
863 2927 930 2968 79.

1938 3063 1939 3066 ⁴
1940 2925 1949 3034 -41,ι.-Α.
1943 2886 1949 2914 -u
1943 2777 1949 2841 .2.-.2
1946 2757 1948 2761 .
