1949 3162
1001 44 1085 86 586

208 157 324 198 homo
361 153 479 208 [159]
505 156 642 209 sepius
663 156 708 195 in
725 160 941 209 peccatum
955 153 1168 202 recidivat,
1201 153 1405 191 intantum
1432 158 1477 190 ut
1500 148 1768 192 Grimoalclus
1787 163 1874 200 rex,

209 229 283 283 qui
306 234 429 283 pater
459 233 597 267 noster
627 233 663 266 et
691 239 764 265 rea:
787 224 939 265 celestis
971 231 1041 275 est,
1075 222 1348 273 Portaticum,
1383 222 1457 275 qui
1481 228 1538 261 est
1557 221 1699 261 anima
1717 227 1874 271 nostra,

205 301 252 340 in
282 298 508 339 crastinum
529 297 728 337 damnare
750 296 955 351 disposuit
970 308 1050 350 per
1062 293 1279 347 justiciam
1301 300 1336 333 et
1362 293 1592 347 equitatem,
1625 292 1695 332 sed
1717 291 1876 331 miseri-

207 370 351 411 cordia
377 369 659 424 preveniente,
703 381 827 422 quam
856 380 920 406 res
952 365 1022 405 laec
1051 365 1217 404 minime
1250 364 1389 415 latuit,
1423 377 1573 418 corpus
1603 364 1629 403 i.
1655 377 1684 403 e.
1711 361 1878 420 fidelem

160 444 181 478 5
205 440 373 481 militem
419 439 475 480 ad
507 440 780 494 penitentiam
816 436 889 477 sub
935 436 1032 477 lecto
1073 434 1294 476 obedientie
1332 443 1367 475 et
1403 433 1700 487 satiffactionis
1745 431 1878 473 occul-

206 513 328 563 tavit,
368 511 495 551 donec
529 507 797 552 Grimoaldus
834 522 908 548 red·
947 515 983 548 et
1017 514 1138 562 pater
1179 505 1332 546 celestis
1364 505 1575 545 Portatico
1610 518 1686 559 per
1715 517 1879 543 murum

206 581 485 623 tribulationis
518 581 687 622 deducto
708 587 924 635 peccatum
945 578 1265 619 misericorditer
1287 575 1575 627 dissimulavit,
1610 575 1684 630 qui
1703 575 1878 629 acceptis

206 654 320 708 equis
360 651 633 708 pascualibus
677 653 704 692 i.
737 666 766 692 e.
811 650 991 691 aliorum
1028 656 1264 689 sanctorum
1304 655 1339 688 et
1376 647 1593 688 electorum
1629 646 1783 686 meritis
1824 645 1881 685 ad

206 725 410 765 civitatem
448 723 660 765 Astensem
693 723 894 778 pervenit,
952 719 1104 761 Civitas
1143 721 1224 761 ista
1263 726 1338 770 est,
1379 719 1427 759 de
1467 732 1550 772 qua
1587 716 1797 758 Johannes
1833 717 1880 756 in

139 801 181 835 10
206 795 454 851 apocalypsi
484 795 604 835 dicit:
644 793 743 835 Vidi
773 794 976 834 civitatem
1007 799 1191 832 sanctam
1220 789 1471 831 Ilzerusalem
1502 788 1803 829 descendentem
1832 787 1881 828 de

207 867 289 908 celo
331 873 400 907 etc.
456 865 515 907 Et
544 866 593 906 cle
624 865 710 906 loco
741 865 814 905 illo
847 865 902 904 acl
931 878 1065 918 recem
1095 862 1275 903 Francie
1304 861 1561 916 properavit.
1608 859 1794 900 Francia
1824 865 1881 899 est

204 939 281 979 illa
319 945 576 989 sanctorum,
625 936 865 991 anyelorum
910 934 1241 990 supercelestium
1287 933 1427 980 curia3
1473 931 1546 972 ubi
1587 945 1661 971 rex
1701 931 1747 971 in
1785 930 1878 970 dia-

206 1010 362 1050 demate
407 1010 648 1064 sempiterne
692 1007 826 1062 ‘qlorie
864 1013 1080 1047 coronatus
1129 1019 1219 1044 cum
1257 1003 1392 1044 leticia
1430 1003 1580 1043 residet
1617 1015 1708 1042 cum
1748 1001 1880 1042 omnis

202 1081 354 1136 qaudii
377 1080 659 1135 plenitudine3
697 1079 768 1119 sed
805 1092 895 1118 cum
928 1091 1048 1118 mane
1067 1076 1188 1131 facto
1222 1089 1372 1130 corpus
1404 1081 1441 1115 et
1471 1074 1611 1113 anima
1643 1088 1669 1113 a
1693 1078 1877 1128 peccato,

138 1154 181 1190 15
207 1152 317 1208 quod
349 1152 654 1202 commiserant,
693 1157 729 1190 et
749 1149 843 1203 jam
873 1148 1055 1190 absoluti
1084 1148 1140 1189 acl
1160 1147 1371 1200 judicium
1401 1145 1584 1186 venerint
1614 1151 1650 1185 et
1674 1157 1755 1199 per
1786 1143 1878 1183 dia-

206 1222 344 1264 bolum
375 1230 621 1263 accusantur
652 1228 689 1262 et
718 1221 1010 1261 eaaminantur
1040 1220 1089 1260 de
1119 1219 1239 1259 modo
1273 1225 1308 1258 et
1325 1216 1496 1271 forma,
1538 1214 1716 1270 qualiter
1746 1214 1878 1255 domi-

204 1309 283 1335 nus
319 1295 346 1334 i.
372 1308 401 1335 e.
444 1295 586 1334 anima
623 1292 796 1334 liberata
836 1299 892 1332 est
930 1307 956 1332 a
981 1292 1103 1346 penis
1139 1290 1283 1331 mortis
1323 1296 1452 1329 eterne
1492 1294 1528 1328 et
1563 1285 1740 1327 vinculis
1780 1284 1876 1338 ejus.

211 1364 327 1407 Tunc
371 1363 639 1407 Grimoaldus
676 1379 750 1405 rex
785 1363 919 1417 judex
956 1364 1146 1403 vivorum
1191 1369 1227 1402 et
1262 1367 1518 1400 mortuorum
1563 1374 1589 1399 a
1629 1356 1880 1398 consiliariis

208 1438 296 1478 suis
326 1438 352 1478 i.
379 1451 408 1477 e.
432 1436 608 1490 justicia
637 1436 701 1477 vel
731 1436 908 1490 equitate
940 1442 976 1475 et
1005 1432 1292 1474 misericordia
1322 1431 1386 1472 vel
1416 1430 1683 1485 benignitate,
1716 1428 1880 1469 investi-

138 1513 183 1548 20
205 1508 342 1565 9abit,
384 1522 468 1563 qua
491 1522 605 1563 pena
637 1507 736 1548 tales
768 1507 887 1562 di9ni
916 1513 1020 1546 sunt.
1080 1503 1195 1545 Tunc
1216 1503 1412 1557 justicia,
1446 1502 1558 1557 quod
1587 1500 1762 1556 capitali
1788 1513 1878 1540 sen-

208 1582 334 1622 tentia
366 1580 496 1635 plecti
533 1578 702 1620 debeant
740 1579 765 1619 i.
792 1592 822 1619 e.
857 1576 1088 1618 eternaliter
1120 1576 1315 1616 damnari
1337 1588 1417 1630 per
1442 1580 1657 1629 peccatum
1695 1572 1880 1612 commis-

208 1667 318 1704 sum,
359 1651 558 1710 affirmat.
615 1651 683 1692 Ex
714 1650 801 1690 alia
828 1656 948 1704 parte
980 1647 1139 1688 diaboli
1174 1653 1410 1687 accusantes
1448 1644 1661 1696 astabunt,
1703 1644 1776 1698 qui
1814 1656 1880 1683 eos

209 1723 480 1765 excoriandos
512 1736 593 1778 per
619 1721 837 1776 justiciam
865 1720 1024 1773 judicis
1056 1717 1378 1776 proclamabunt
1388 1733 1400 1766 ,-
1439 1717 1510 1757 sed
1546 1715 1744 1770 beniynus
1779 1714 1878 1766 dux,

210 1796 311 1851 quia
341 1802 556 1850 peccatum
587 1808 668 1849 per
699 1792 994 1847 confessionem
1033 1798 1069 1831 et
1092 1791 1317 1846 penitentie
1356 1787 1678 1842 satisfactionem
1707 1785 1881 1826 deletum

139 1869 184 1903 25
210 1875 286 1918 est,
334 1865 591 1907 sententiabit
635 1879 700 1906 eos
742 1864 798 1904 ad
834 1864 960 1904 vitam
997 1861 1164 1916 inm-eelz·
1202 1876 1292 1902 cum
1329 1860 1462 1900 electis
1499 1866 1671 1913 propter
1706 1858 1879 1898 nimiam

199 1938 460 1992 fidelitatem,
504 1950 629 1992 quam
663 1950 769 1976 unus
801 1934 923 1975 alteri
953 1934 1146 1985 ostendit,
1190 1939 1226 1973 et
1255 1948 1280 1972 a
1310 1938 1438 1972 morte
1469 1929 1658 1971 liberabit
1688 1936 1725 1970 et
1754 1929 1878 1969 dicet:

209 2010 288 2051 Isti
325 2010 445 2065 diyni
482 2016 577 2049 sunt
608 2008 720 2049 omni
756 2006 929 2058 bonore,
974 2006 1047 2060 qui
1083 2005 1142 2045 sic
1161 2003 1306 2056 fideles
1338 2017 1411 2043 suo
1443 2002 1608 2043 domino
1640 1999 1882 2042 extiterunt!

208 2081 265 2123 Et
296 2079 509 2122 coronabit
539 2093 604 2121 eos
635 2093 788 2120 corona
816 2078 948 2133 qlorie
979 2084 1015 2118 et
1045 2076 1174 2117 leticie
1205 2076 1460 2130 sempiterne,
1494 2073 1550 2114 acl
1580 2086 1704 2128 quam
1734 2079 1802 2112 etc.

931 2305 1032 2348 CAP.
1060 2305 1154 2346 181.

138 2416 184 2451 30
871 2393 945 2439 De
984 2391 1214 2438 adulterio.

325 2505 512 2561 Leqitur,
547 2505 658 2559 quod
689 2505 859 2559 quidam
890 2518 963 2544 rea
993 2502 1137 2543 habuit
1167 2501 1333 2552 leonem,
1368 2499 1523 2540 leenam
1553 2505 1590 2538 et
1619 2496 1875 2552 leopardum,

210 2592 312 2632 quos
343 2576 514 2617 multum
546 2576 700 2616 dilexit.
749 2575 834 2616 Leo
865 2589 959 2616 vero
992 2589 1082 2615 cum
1113 2573 1256 2614 absens
1288 2579 1400 2623 esset,
1435 2570 1548 2611 leena
1569 2583 1660 2610 cum
1680 2566 1899 2623 leopardo*

210 2648 459 2689 adulterium
489 2648 699 2688 commisit.
750 2647 800 2688 Ut
828 2662 921 2688 vero
955 2647 1013 2687 leo
1034 2645 1215 2700 fetorem
1236 2642 1433 2684 adulterii
1460 2643 1505 2682 in
1527 2655 1574 2681 ea
1596 2655 1680 2681 non
1699 2640 1875 2689 sentiret,

209 2719 364 2760 solebat
393 2733 552 2774 semper
583 2718 774 2759 balneare
804 2720 850 2759 in
868 2718 991 2772 fonte
1012 2717 1139 2770 juxta
1170 2722 1349 2756 castrum
1377 2714 1497 2768 reyis.
1541 2712 1632 2753 Rea·
1661 2724 1755 2752 vero
1787 2724 1877 2751 cum

140 2800 185 2834 35
209 2791 284 2831 boc
315 2792 453 2846 sepius
473 2790 654 2840 vidisset,
690 2790 870 2843 quadam
890 2789 988 2839 vice,
1023 2802 1113 2828 cum
1135 2787 1247 2827 leena
1272 2785 1505 2826 adulterata
1524 2783 1693 2838 fuisset,
1713 2782 1877 2836 fontem

202 2861 331 2915 jussit
362 2862 511 2902 claudi.
565 2860 649 2901 Leo
680 2875 774 2900 vero
805 2861 989 2910 veniens,
1030 2866 1067 2900 et
1090 2858 1272 2912 fetorem
1309 2856 1505 2897 adulterii
1533 2855 1707 2895 sentiens
1739 2867 1877 2894 coram

214 2932 399 2973 omnibus
435 2929 536 2985 [159
548 2929 586 2985 b]
623 2945 710 2972 eam
743 2939 939 2986 tanquam
961 2930 1094 2984 judae
1120 2944 1198 2985 per
1228 2928 1465 2969 sententiam
1495 2926 1622 2967 latam
1653 2925 1810 2966 occidit.
