1919 3157
869 25 954 67 525

70 132 235 175 Dii-isti
265 132 562 187 Appollonium
594 132 848 187 nausrayum
879 147 963 173 esse
1002 140 1230 181 mortuum,·
1269 148 1355 175 ecce
1395 136 1503 175 venit
1542 135 1599 175 ad
1636 149 1751 190 repe-

69 204 234 246 tendam
254 203 421 256 filiam!
463 203 590 255 Ecce,
633 204 736 258 quid
767 204 923 244 dicturi
951 218 1090 244 sumus
1119 219 1198 258 pro
1221 205 1346 257 filiai?
1397 205 1452 246 Et
1484 205 1579 246 illa:
1620 205 1751 246 Miser

69 276 136 317 vir
166 282 202 316 et
232 288 303 330 eqo
336 273 487 327 conjuoe
517 276 771 330 accipiamus
804 282 927 315 restes
960 274 1171 329 lugubres,
1209 276 1512 331 perfundamus
1556 276 1750 318 lacrimas

70 353 108 388 et
136 346 270 386 credet
299 344 430 397 nobis,
466 347 578 400 quod
597 346 694 398 Jilia
726 345 810 399 ejus
841 345 1029 386 naturali
1059 355 1185 388 morte
1216 347 1410 401 defuncta
1442 355 1509 388 est.
1551 346 1651 389 Cum
1682 348 1752 389 hec

69 418 129 458 ita
169 424 408 472 aqerentur,
452 418 624 458 intravit
657 416 956 472 Appollonius,·
998 424 1042 457 ut
1080 432 1172 458 vero
1212 419 1317 459 vidit
1349 433 1413 459 eos
1447 418 1615 473 luqubri
1647 427 1752 460 veste
1800 423 1823 459 5

70 489 250 540 indutos,
283 490 365 528 ait:
406 488 544 538 Quare
575 489 617 528 in
650 489 825 529 adventu
858 502 944 528 meo
965 487 1154 542 J'unslitis
1187 489 1412 530 lacrimas?
1463 488 1605 542 Credo,
1641 491 1753 546 quod

69 560 144 601 iste
175 559 342 600 lacrime
371 573 455 600 non
487 567 581 600 sunt
611 567 761 610 vestre,
802 560 873 599 sed
902 573 995 599 mee.
1051 560 1123 600 Ait
1153 560 1301 601 mulier
1337 575 1537 615 nequam:
1586 560 1752 602 Utinam

69 631 128 672 ad
157 645 276 672 aures
309 638 401 671 tuas
433 629 542 671 alius
583 638 619 671 et
648 645 730 671 non
763 645 834 685 690
866 638 938 670 aut
969 630 1120 684 conjuae
1156 645 1268 672 meus
1300 632 1472 683 diceret,
1517 633 1628 687 quod
1656 633 1751 686 jam

69 703 230 743 dicam!
263 701 442 744 Tharsia
473 709 543 742 tua
563 701 660 755 Jilia
692 701 824 742 subito
847 701 1039 755 defuncta
1062 709 1129 743 est.
1172 702 1449 758 Appollonius
1471 703 1541 744 hec
1561 704 1748 756 audiens,

69 781 196 815 totum
227 788 377 829 corpus
409 773 494 827 ejus
526 774 782 824 contremuit,
816 773 969 827 diuque
990 773 1143 826 dcfioeus
1165 775 1282 815 stetit.
1338 773 1522 816 Tandem
1544 783 1750 830 resumpto
1778 781 1821 815 10

68 846 221 900 spiritu
251 846 412 886 intuens
443 844 653 885 mulierem
685 846 765 885 ait:
810 844 844 885 Ο
876 843 1036 896 mulier,
1075 846 1114 885 si
1131 845 1228 898 filia
1260 860 1350 886 mea
1381 846 1575 900 defuncta
1607 854 1675 894 est,
1707 854 1753 888 ut

69 917 188 969 dicis,
219 917 423 971 numquid
455 923 491 956 et
519 917 695 970 pecunia
726 930 775 955 ac
804 923 929 956 vestes
957 916 1161 971 simulque
1181 918 1422 972 perierunt?
1454 920 1507 958 At
1528 917 1624 958 illa:
1660 917 1750 958 Ali-

70 1002 148 1044 que
167 995 275 1040 sunt,
309 987 448 1042 alique
467 989 690 1042 perierunt.
725 986 782 1027 Et
802 988 1016 1029 dicerunt:
1049 986 1175 1029 Crede
1194 988 1327 1040 nobis,
1363 990 1463 1043 quia
1485 989 1748 1041 credidimus,

69 1060 182 1115 quod
199 1059 338 1111 filiam
368 1060 590 1100 venientem
620 1059 845 1109 invenires,
887 1066 923 1100 et
952 1067 997 1100 ut
1026 1061 1156 1111 scias,
1198 1074 1272 1101 nos
1311 1074 1393 1101 non
1426 1074 1508 1101 esse
1546 1061 1748 1112 mentitos,

68 1130 260 1172 habemus
290 1131 564 1172 testimonium
575 1146 587 1179 ,-
620 1131 723 1170 cives
756 1131 863 1171 enim
893 1132 1027 1172 nostri
1056 1145 1249 1172 memores
1272 1131 1555 1185 beneficiorum
1587 1139 1751 1172 tuorum
1778 1136 1821 1170 15

67 1203 113 1244 in
137 1203 334 1258 prooeimo
365 1202 484 1243 litore
515 1216 563 1242 ea·
595 1216 659 1242 ere
689 1201 836 1242 collato
856 1202 948 1255 filie
979 1210 1043 1243 tue
1073 1210 1378 1244 monumentum
1396 1203 1606 1257 fecerunt,
1640 1203 1752 1258 quod

66 1281 180 1329 potes
211 1273 360 1314 videre.
411 1273 688 1328 Appollonius
722 1273 907 1325 credens,
953 1288 1041 1314 eam
1073 1288 1156 1314 esse
1186 1274 1444 1329 defunctam,
1484 1275 1541 1315 ad
1558 1274 1750 1328 famulos

68 1347 156 1386 ait:
188 1344 338 1386 Tollite
368 1344 451 1395 hec,
473 1343 649 1397 famuli,
684 1351 720 1384 et
739 1344 853 1398 ferte
883 1346 939 1386 ad
968 1347 1136 1386 navem!
1165 1345 1257 1401 Eyo
1286 1346 1438 1386 vadam
1469 1346 1525 1386 ad
1545 1345 1637 1398 filie
1666 1359 1751 1386 mee

67 1424 383 1457 monumentum.
427 1414 548 1470 Leyit
579 1416 742 1456 titulum
772 1417 877 1456 sicut
907 1418 1096 1471 superius
1129 1425 1186 1457 est
1215 1418 1425 1472 scriptum.
1477 1415 1599 1459 Stetit
1629 1418 1754 1472 quasi

69 1495 184 1528 ext-ra
214 1502 270 1539 se,
301 1487 547 1528 maledicens
580 1487 717 1528 oculos
747 1488 944 1541 proprios
976 1495 1012 1528 et
1033 1489 1113 1528 ait:
1150 1487 1184 1529 O
1217 1488 1400 1529 crudeles
1423 1488 1533 1529 oculi
1551 1488 1643 1540 filie
1666 1502 1750 1529 mee
1775 1493 1821 1527 20

68 1556 237 1611 Ceo-nne,
270 1573 354 1600 non
383 1559 577 1614 potuistis
610 1558 803 1598 lacrimas
823 1559 1035 1613 fundere!
1064 1558 1160 1599 Hiis
1183 1560 1303 1600 dict-is
1325 1561 1381 1600 ad
1400 1574 1545 1600 nai-em
1567 1561 1752 1614 perreoeit

69 1637 105 1671 et
134 1631 195 1671 ait
221 1629 404 1684 j'amulis
442 1631 558 1670 suis:
597 1629 797 1682 Projicite
836 1645 919 1682 me,
962 1645 1108 1685 queso,
1148 1632 1192 1671 in
1230 1630 1559 1686 profunditatem
1597 1631 1752 1672 maris!

67 1698 198 1756 Cupio
230 1702 337 1742 enim
367 1702 413 1742 in
447 1701 571 1742 undis
611 1701 804 1742 exhalare
841 1703 1045 1757 spiritum.
1098 1701 1157 1743 Et
1193 1703 1291 1743 dum
1327 1703 1539 1758 prosperis
1577 1703 1751 1758 naviyat

72 1770 251 1828 Tyrum,
290 1786 475 1813 reversus
507 1771 661 1824 subito,
701 1781 903 1814 mutatum
941 1781 999 1815 est
1025 1774 1198 1829 pelayus
1237 1781 1273 1814 et
1311 1788 1387 1829 per
1424 1774 1588 1814 diversa
1619 1775 1749 1814 maris

66 1843 310 1885 discrimina
346 1858 471 1885 naves
499 1843 794 1897 jactabantur,-
841 1844 1027 1886 omnibus
1074 1853 1208 1886 aute-m
1246 1846 1366 1886 deum
1404 1844 1647 1900 roqantibus
1693 1845 1751 1886 ad
1774 1849 1820 1884 25

65 1914 347 1956 Mackilenam
377 1916 601 1966 civitatem,
645 1916 691 1955 in
723 1929 807 1970 qua
837 1924 927 1957 erat
945 1916 1044 1969 filia
1074 1931 1152 1957 sua
1187 1915 1382 1968 Tharsia,
1416 1923 1614 1957 venerunt
1622 1931 1635 1965 ;
1670 1931 1749 1971 yu-

67 1984 261 2028 bernator
298 1994 434 2028 autem
465 2002 556 2027 cum
589 1986 775 2028 omnibus
806 2002 1003 2042 maynum
1031 1988 1228 2043 plausum
1267 1988 1389 2028 dedit.
1446 1988 1517 2028 Ait
1549 1987 1749 2043 Appollo-

65 2059 191 2098 nius:
232 2056 336 2110 Quis
373 2073 498 2099 sonus
529 2058 755 2100 hilaritatis
786 2074 908 2100 azcres
938 2073 1049 2099 meas
1082 2059 1315 2115 percussit?
1366 2060 1439 2099 Ait
1472 2057 1748 2114 yubernator:

71 2126 231 2181 Gaude,
264 2129 442 2181 domine,
477 2131 578 2184 quia
607 2130 727 2172 hodie
756 2130 960 2171 natalicia
990 2129 1271 2171 celebrantur!
1320 2129 1604 2185 Appollonius
1633 2131 1748 2184 inqe-

65 2201 172 2241 ‘muit
207 2208 246 2241 et
280 2202 368 2241 ait:
414 2201 472 2242 Et
509 2216 645 2242 ommes
684 2203 793 2243 diem
820 2201 981 2256 festum
1019 2200 1219 2242 celebrent
1248 2209 1391 2257 preter
1435 2215 1520 2250 ‘me‚·
1566 2200 1750 2254 sufficiat
1773 2206 1820 2242 30

55 2271 240 2326 famulis
270 2273 370 2312 meis
394 2287 509 2328 pena
538 2287 628 2313 mea
659 2288 708 2314 ac
739 2273 879 2325 dolor,
921 2274 1028 2313 dono
1060 2274 1118 2313 eis
1150 2288 1178 2313 Χ
1210 2287 1378 2324 aureos,
1412 2280 1449 2313 et
1479 2279 1636 2323 emant,
1671 2285 1749 2326 que

66 2342 291 2395 voluerint,
333 2351 370 2384 et
409 2344 517 2384 diem
541 2344 702 2398 festum
742 2344 965 2396 celebrant,
1008 2351 1045 2385 et
1084 2346 1318 2399 quicunque
1356 2344 1565 2384 vocaverit
1593 2357 1656 2383 me
1685 2342 1750 2383 vel

64 2414 268 2470 ⁸‹Jaud'ium
287 2414 392 2455 mihi
409 2414 576 2468 fecerit,
611 2430 737 2455 crura
755 2416 926 2456 illorum
946 2415 1105 2470 franyi
1124 2414 1262 2468 jubeo.
1307 2414 1588 2470 Dispensator
1608 2415 1748 2468 itaque

66 2486 300 2526 necessaria
323 2481 422 2538 [127
435 2483 474 2538 b]
499 2486 594 2526 tulit
623 2494 661 2527 et
688 2487 815 2527 rediit
845 2487 901 2527 ad
929 2501 1085 2527 navem.
1129 2484 1230 2527 Cum
1258 2487 1390 2541 iqitur
1411 2484 1598 2526 omnibus
1629 2485 1748 2525 navi-

69 2555 143 2597 bus
171 2558 292 2597 navis
323 2557 572 2612 Appollonii
608 2556 859 2598 honoracior
898 2565 1020 2609 esset,
1061 2572 1153 2597 cum
1189 2571 1340 2612 mayno
1381 2557 1567 2597 convivio
1607 2556 1748 2596 ceteris
1772 2562 1818 2599 35

67 2627 213 2669 melius
243 2626 449 2668 celebrant
477 2635 601 2668 naute
632 2628 890 2684 Appollonii.
935 2627 1214 2683 Affienayom,
1249 2629 1323 2683 qui
1348 2626 1570 2668 learsiam
1601 2626 1748 2682 diliqe-

69 2697 152 2751 bat,
175 2698 303 2752 juxta
331 2713 477 2740 navem
506 2700 552 2739 in
583 2699 701 2740 litore
731 2698 982 2750 ambulabat,
1014 2699 1120 2739 vidit
1148 2713 1296 2740 navem
1320 2698 1567 2753 Appollonii
1596 2705 1633 2738 et
1663 2698 1747 2738 ait:

69 2768 197 2822 Ecce,
230 2771 369 2822 amici,
400 2771 521 2811 navis
551 2771 634 2810 ista
662 2769 766 2810 milii
788 2769 950 2825 placet,
984 2784 1110 2825 quam
1139 2771 1256 2811 video
1290 2770 1474 2810 decenter
1505 2783 1588 2810 esse
1613 2783 1748 2824 para-

71 2847 164 2882 tam.
198 2840 338 2882 Naute
368 2849 413 2882 ut
442 2841 620 2882 audiunt
649 2856 768 2881 suam
796 2855 943 2881 navem
974 2840 1157 2893 laudari,
1191 2841 1386 2882 dixerunt
1407 2841 1464 2880 ei:
1500 2839 1534 2881 O
1568 2840 1746 2892 domine,

46 2962 50 2965 Ι
69 2925 280 2968 roqamus,
309 2913 358 2953 in
375 2927 522 2954 navem
540 2919 727 2954 nostram
746 2912 1004 2953 ascendatis!
1030 2911 1089 2953 Et
1107 2912 1198 2954 ille:
1230 2911 1342 2953 Milii
1361 2911 1513 2966 placet.
1547 2910 1750 2952 Ascendit
1771 2918 1818 2954 40
