1949 3162
1015 49 1100 92 650

224 163 294 205 sed
326 174 423 214 rogo
456 162 625 215 propter
656 157 790 210 deum,
823 160 869 198 ut
898 169 962 197 me
994 156 1141 197 solvas.
1197 155 1253 196 At
1283 155 1378 195 iste:
1411 152 1604 194 Libenter
1634 151 1710 194 hoc
1739 151 1885 192 faciam

224 238 263 276 et
293 237 333 275 te
365 244 521 274 1116611111
554 230 606 272 ad
638 232 816 271 castrum
849 241 983 269 meum
1017 227 1182 279 ducam,
1222 239 1344 267 unam
1376 224 1501 266 filiam
1535 222 1711 279 puellam
1744 221 1887 275 habeo,

224 317 345 359 quam
390 303 432 344 in
479 306 591 343 tuam
639 300 865 342 custodiam
913 297 1073 339 tradam
1115 297 1165 339 ad
1203 296 1463 338 nutriendam
1503 298 1544 337 et
1578 293 1887 336 doctrinandam

224 375 320 429 quia
358 386 532 429 appares
569 385 779 426 generosa.
834 369 909 420 Qui
949 369 1087 411 statim
1127 382 1215 410 eam
1256 367 1378 409 solvit
1412 370 1453 408 61
1484 379 1572 408 eam
1605 378 1740 407 secum
1773 363 1891 406 duxit

224 450 264 488 et
293 445 418 487 filiam
454 457 569 485 suam
603 443 638 485 ei
670 442 841 485 tradidit
871 441 921 483 ad
955 439 1275 482 custodiendam.
1336 437 1389 479 Et
1419 437 1460 478 in
1494 449 1575 478 una
1605 448 1768 478 camera
1798 448 1889 477 cum

224 517 325 559 duce
365 521 404 558 et
437 515 599 557 ducissa
632 517 671 556 et
701 513 839 569 puella
869 511 1109 554 dormiebat.
1166 509 1345 552 Domina
1374 509 1454 550 ista
1493 506 1681 549 omnibus
1712 509 1800 548 erat
1830 505 1891 547 di-

223 588 340 630 lecta.
388 586 492 629 Erat
528 590 625 628 tunc
665 585 828 639 quidam
864 583 980 625 miles
1012 595 1231 636 generosus
1271 579 1479 633 sangwine
1517 578 1588 620 sed
1626 577 1670 618 in
1701 576 1892 632 operibus

225 659 341 701 valde
375 657 611 710 dissolutus,
644 657 711 711 qui
744 660 902 697 tantum
935 667 1114 696 amorem
1146 652 1237 693 fixit
1268 652 1309 693 in
1332 650 1553 703 dominam,
1591 648 1697 703 quod
1729 647 1892 690 videba-

224 734 291 772 tur
323 730 359 772 ei
393 729 509 782 mori,
542 729 621 770 nisi
653 731 791 784 posset
822 740 910 768 cum
944 739 992 768 ea
1023 724 1213 766 dormire.
1266 721 1383 763 Miles
1414 721 1491 762 iste
1523 724 1610 762 erat
1632 718 1893 761 Senescalcus

225 801 331 843 Aule
371 801 497 843 ducis.
561 799 616 841 Et
657 798 845 854 quitquid
885 797 980 839 boni
1017 799 1180 851 poterat
1218 793 1367 834 habere
1407 797 1447 834 et
1484 791 1694 846 acquirere
1732 789 1894 831 domine

227 873 340 915 dedit
372 872 484 914 etin
516 870 596 913 fine
635 874 836 912 secretum
877 867 1011 909 cordis
1052 867 1138 920 ejus
1179 864 1379 920 apperuit.
1428 863 1502 905 Illa
1540 875 1635 904 vero
1675 874 1767 903 eum
1805 859 1894 902 vili-

227 944 369 1000 pendit
407 947 447 985 et
486 942 607 984 dixit:
640 941 727 983 Deo
759 954 848 982 meo
882 952 1008 981 voveo
1049 937 1155 992 quod
1195 948 1402 989 nunquam
1444 934 1591 988 aliquis
1622 931 1816 986 gaudebit
1846 931 1895 973 de

227 1029 396 1071 corpore
434 1027 545 1067 meo,
586 1016 755 1068 excepto
797 1025 863 1064 60,
906 1010 974 1064 qui
1006 1009 1141 1064 placet
1172 1008 1258 1048 deo,
1315 1005 1578 1048 Senescalcus
1615 1004 1692 1046 hoc
1727 1002 1895 1044 audiens

228 1087 439 1130 confusum
474 1099 516 1127 se
550 1083 780 1139 reputabat.
834 1082 898 1124 Ab
930 1081 999 1122 illo
1033 1084 1166 1122 autem
1201 1078 1266 1119 die
1297 1077 1521 1131 cogitabat,
1561 1074 1761 1130 quomodo
1801 1086 1896 1116 con-

227 1159 416 1201 funderet
448 1171 551 1199 eam.
598 1155 762 1197 Accidit
793 1168 874 1195 una
894 1152 1079 1194 noccium
1103 1149 1208 1204 quod
1231 1149 1381 1190 ostium
1405 1161 1564 1190 camere
1587 1149 1675 1189 erat
1695 1148 1896 1201 apertum,

228 1231 270 1272 in
303 1244 382 1284 qua
414 1229 497 1271 dux
530 1227 695 1281 jacebat
735 1239 825 1268 cum
859 1224 1021 1266 ducissa
1061 1226 1100 1264 et
1131 1221 1298 1262 domina
1336 1233 1426 1261 cum
1460 1218 1608 1275 puella.
1661 1216 1765 1259 Erat
1801 1229 1896 1258 vero

229 1314 391 1356 semper
423 1300 471 1342 de
493 1302 611 1341 nocte
642 1298 802 1353 lampas
835 1296 995 1338 ardens.
1042 1293 1160 1335 Miles
1193 1291 1380 1333 omnibus
1404 1289 1698 1332 dormientibus
1728 1287 1899 1330 intravit

230 1377 270 1415 et
301 1372 352 1414 ad
372 1372 521 1414 lectum
545 1371 709 1412 domine
740 1368 936 1424 perrexit,
969 1369 1108 1420 guttur
1132 1363 1264 1418 puelle
1297 1362 1417 1405 scidit
1442 1366 1481 1404 et
1502 1360 1709 1403 cultellum
1734 1358 1897 1413 sangui-

229 1444 437 1486 nolentum
476 1443 516 1484 in
551 1455 675 1483 manu
707 1440 870 1482 domine
904 1439 996 1493 ipsa
1028 1435 1256 1478 dormiente
1289 1435 1426 1490 posuit
1457 1446 1503 1475 ac
1535 1433 1567 1474 si
1600 1432 1771 1474 diceret:
1802 1429 1897 1472 Jam

229 1519 404 1571 apparet
434 1515 475 1556 in
498 1527 621 1555 manu
643 1517 727 1565 tua,
761 1511 868 1566 quod
900 1523 973 1565 per
995 1512 1034 1550 te
1065 1506 1311 1549 mortificata
1343 1509 1404 1547 est
1435 1503 1584 1560 puella,
1616 1507 1656 1545 61
1687 1501 1896 1545 brachium

229 1587 392 1629 domine
432 1589 548 1628 extra
583 1585 732 1626 lectum
777 1596 868 1624 cum
907 1579 1070 1623 cultello
1110 1578 1247 1634 posuit
1284 1581 1324 1619 et
1361 1577 1419 1618 sic
1455 1575 1635 1617 recessit.
1689 1573 1787 1616 Post
1824 1573 1900 1615 hoc

230 1659 392 1700 ducissa
432 1656 642 1710 evigilavit
680 1662 720 1697 et
758 1668 830 1710 per
861 1653 998 1694 lumen
1029 1650 1234 1705 lampadis
1275 1649 1378 1691 vidit
1413 1647 1623 1690 brachium
1656 1645 1819 1687 domine
1849 1644 1900 1687 de

228 1729 333 1772 lecto
373 1733 587 1771 extensum
627 1731 667 1769 et
705 1727 748 1768 in
786 1738 911 1766 manu
951 1724 1037 1778 ejus
1075 1722 1282 1764 cultellum
1325 1718 1694 1772 sanguinolentum.
1751 1715 1896 1758 Statim

230 1805 435 1843 commota
466 1806 562 1841 sunt
592 1798 730 1840 omnia
751 1797 908 1838 viscera
930 1795 1015 1848 ejus
1049 1798 1089 1836 et
1120 1793 1262 1835 ducem
1296 1791 1502 1833 excitavit.
1553 1789 1648 1831 Dux
1681 1801 1776 1830 vero
1808 1800 1898 1829 cum

231 1872 401 1914 vidisset
441 1871 581 1912 statim
621 1883 710 1911 eam
751 1867 946 1910 excitavit
984 1870 1024 1908 et
1066 1866 1144 1907 ait:
1188 1864 1265 1906 Dic
1304 1862 1491 1915 domina,
1539 1859 1737 1914 numquid
1774 1857 1897 1900 filiam

231 1957 363 1986 meam
398 1941 608 1984 occidisti?
655 1940 728 1982 Illa
750 1953 844 1981 vero
877 1938 1106 1993 stupefacta
1138 1935 1316 1992 puellam
1349 1933 1484 1987 tetigit
1514 1936 1555 1974 et
1585 1945 1675 1974 eam
1697 1933 1900 1972 mortuam

232 2014 389 2056 invenit
429 2027 475 2055 ac
513 2013 661 2055 lectum
702 2011 866 2067 plenum
908 2010 957 2051 de
989 2009 1074 2063 ejus
1115 2007 1324 2060 sanguine.
1388 2004 1592 2047 Clamavit
1627 2015 1723 2044 voce
1753 2014 1903 2055 magna

233 2090 273 2127 et
305 2085 381 2127 ait:
422 2084 454 2126 O
487 2084 649 2125 domine
682 2083 875 2124 miserere
908 2081 1009 2134 mei,
1048 2079 1185 2135 puella
1216 2081 1278 2120 est
1309 2077 1442 2118 occisa
1474 2075 1544 2117 sed
1575 2088 1649 2129 per
1680 2086 1800 2127 quem
1832 2085 1902 2127 pe-

233 2157 343 2198 nitus
383 2156 523 2209 ignoro
563 2155 669 2197 sicut
708 2154 887 2195 animam
930 2165 1062 2193 meam
1102 2149 1270 2191 reddere
1310 2148 1437 2190 debeo
1483 2146 1578 2199 de0,
1622 2149 1663 2187 et
1700 2143 1901 2199 quomodo

234 2229 311 2270 iste
343 2227 530 2269 cultellus
563 2227 603 2267 in
635 2238 803 2266 manum
835 2237 965 2265 meam
1002 2222 1177 2273 venerit,
1210 2220 1324 2261 novit
1355 2219 1453 2260 deus
1486 2217 1593 2272 quod
1623 2229 1705 2258 non
1737 2228 1810 2270 per
1837 2227 1902 2256 1116

234 2312 308 2341 1166
345 2313 410 2341 1116
443 2299 607 2340 sciente.
667 2295 842 2337 Ducissa
872 2308 962 2336 cum
996 2294 1045 2335 de
1077 2296 1207 2334 morte
1238 2290 1319 2332 filie
1351 2303 1422 2331 sue
1455 2288 1655 2341 audisset,
1687 2285 1901 2328 clamavit:

235 2370 266 2413 O
300 2371 485 2422 domine,
526 2368 636 2410 illam
672 2369 713 2408 in
745 2365 969 2422 patibolum
1004 2363 1261 2419 suspendite,
1303 2362 1398 2416 quia
1433 2360 1560 2401 filiam
1591 2372 1724 2400 meam
1757 2356 1904 2399 occidit

235 2446 274 2484 et
305 2455 387 2483 non
419 2441 535 2483 alius.
585 2439 716 2480 Aliter
748 2436 953 2479 cultellum
989 2434 1345 2488 sanguinolentum
1378 2445 1459 2473 non
1497 2433 1665 2473 teneret.
1718 2428 1814 2471 Dux
1844 2427 1904 2469 ait

236 2513 291 2555 ei:
326 2512 567 2564 Karissima,
600 2510 752 2551 malum
788 2522 858 2563 per
881 2521 945 2549 me
976 2520 1056 2548 11011
1081 2507 1266 2561 recipies,
1299 2504 1368 2546 sed
1400 2503 1480 2545 cito
1513 2500 1766 2544 dextrarium
1787 2503 1904 2541 tuum

237 2584 410 2626 ascende
442 2587 482 2625 et
512 2582 668 2624 recede.
716 2580 789 2622 Illa
820 2593 915 2621 vero
948 2579 1047 2620 satis
1080 2577 1220 2619 dolens
1252 2580 1292 2618 et
1323 2575 1453 2617 tristis
1484 2572 1668 2629 perrexit
1698 2575 1814 2614 extra
1837 2583 1903 2612 ca-

238 2668 414 2708 meram,
456 2653 709 2696 dextrarium
743 2651 927 2693 ascendit
958 2654 998 2692 et
1028 2649 1114 2690 sola
1148 2662 1218 2703 per
1250 2648 1356 2688 viam
1399 2644 1619 2700 equitabat.
1674 2642 1774 2685 Cum
1808 2655 1903 2685 vero

239 2741 311 2782 per
332 2731 416 2768 tres
439 2725 524 2767 dies
558 2724 782 2778 equitasset
812 2722 915 2763 vidit
947 2724 1103 2776 septem
1128 2720 1313 2761 homines
1345 2731 1469 2759 unum
1502 2716 1552 2758 ad
1574 2714 1902 2770 suspendendum

239 2798 398 2840 ducere.
463 2796 539 2838 Illa
576 2808 670 2837 vero
714 2807 859 2847 equum
901 2792 1104 2848 percussit
1141 2795 1181 2833 et
1220 2790 1268 2832 ad
1309 2803 1377 2832 eos
1415 2787 1528 2830 venit
1567 2791 1606 2829 et
1647 2786 1723 2828 ait:
1769 2785 1905 2827 Dicite

240 2869 341 2910 mihi
372 2867 602 2920 Karissimi,
635 2865 733 2920 quid
762 2865 860 2906 fecit
889 2865 967 2906 iste
998 2864 1140 2916 homo,
1174 2874 1299 2916 quare
1330 2860 1450 2902 debet
1479 2857 1699 2913 suspendi?
1735 2856 1794 2898 At
1821 2856 1903 2898 illi:

242 2939 346 2991 Quia
382 2939 449 2982 fur
489 2942 529 2980 et
564 2937 669 2979 latro
710 2940 782 2978 est.
842 2934 927 2985 Que
967 2935 1042 2976 ait:
1081 2933 1264 2989 precium
1304 2944 1378 2987 pro
1418 2931 1502 2972 vita
1538 2942 1612 2971 sua
1645 2928 1762 2971 dabo.
1828 2926 1906 2977 Qui
