<?xml version="1.0" encoding="UTF-8"?>
<!DOCTYPE html PUBLIC "-//W3C//DTD XHTML 1.0 Transitional//EN"
    "http://www.w3.org/TR/xhtml1/DTD/xhtml1-transitional.dtd">
<html xmlns="http://www.w3.org/1999/xhtml" xml:lang="en" lang="en">
 <head>
  <title>
</title>
<meta http-equiv="Content-Type" content="text/html;charset=utf-8" />
  <meta name='ocr-system' content='tesseract 3.04.00' />
  <meta name='ocr-capabilities' content='ocr_page ocr_carea ocr_par ocr_line ocrx_word'/>
</head>
<body>
  <div class='ocr_page' id='page_1' title='image "./gestaromanorum00oestuoft_0296.png"; bbox 0 0 1929 3162; ppageno 0'>
   <div class='ocr_carea' id='block_1_1' title="bbox 965 60 1049 102">
    <p class='ocr_par' dir='ltr' id='par_1_1' title="bbox 965 60 1049 102">
     <span class='ocr_line' id='line_1_1' title="bbox 965 60 1049 102; baseline -0.012 0"><span class='ocrx_word' id='word_1_1' title='bbox 965 60 1049 102; x_wconf 79' lang='lat'>278</span> 
     </span>
    </p>
   </div>
   <div class='ocr_carea' id='block_1_2' title="bbox 724 182 1293 329">
    <p class='ocr_par' dir='ltr' id='par_1_2' title="bbox 724 182 1293 329">
     <span class='ocr_line' id='line_1_2' title="bbox 923 182 1090 225; baseline -0.012 0"><span class='ocrx_word' id='word_1_2' title='bbox 923 183 1026 225; x_wconf 78' lang='lat' dir='ltr'>CAP.</span> <span class='ocrx_word' id='word_1_3' title='bbox 1051 182 1090 224; x_wconf 79' lang='grc'>5.</span> 
     </span>
     <span class='ocr_line' id='line_1_3' title="bbox 724 268 1293 329; baseline -0.004 -13"><span class='ocrx_word' id='word_1_4' title='bbox 724 271 796 316; x_wconf 83' lang='lat' dir='ltr'>De</span> <span class='ocrx_word' id='word_1_5' title='bbox 831 271 1041 317; x_wconf 75' lang='lat' dir='ltr'>sectanda</span> <span class='ocrx_word' id='word_1_6' title='bbox 1063 268 1293 329; x_wconf 75' lang='lat' dir='ltr'>fidelitate.</span> 
     </span>
    </p>
   </div>
   <div class='ocr_carea' id='block_1_3' title="bbox 97 376 1884 3004">
    <p class='ocr_par' dir='ltr' id='par_1_3' title="bbox 287 376 1842 434">
     <span class='ocr_line' id='line_1_4' title="bbox 287 376 1842 434; baseline -0.001 -13"><span class='ocrx_word' id='word_1_7' title='bbox 287 379 373 422; x_wconf 75' lang='lat' dir='ltr'>Rex</span> <span class='ocrx_word' id='word_1_8' title='bbox 412 379 577 434; x_wconf 86' lang='lat' dir='ltr'>quidam</span> <span class='ocrx_word' id='word_1_9' title='bbox 617 379 823 433; x_wconf 84' lang='lat' dir='ltr'>regnavit,</span> <span class='ocrx_word' id='word_1_10' title='bbox 863 379 905 420; x_wconf 91' lang='lat' dir='ltr'>in</span> <span class='ocrx_word' id='word_1_11' title='bbox 945 378 1059 431; x_wconf 88' lang='lat' dir='ltr'>cujus</span> <span class='ocrx_word' id='word_1_12' title='bbox 1096 378 1270 433; x_wconf 85' lang='lat' dir='ltr'>imperio</span> <span class='ocrx_word' id='word_1_13' title='bbox 1309 381 1398 420; x_wconf 88' lang='lat' dir='ltr'>erat</span> <span class='ocrx_word' id='word_1_14' title='bbox 1429 376 1596 432; x_wconf 91' lang='lat' dir='ltr'>quidam</span> <span class='ocrx_word' id='word_1_15' title='bbox 1621 377 1785 430; x_wconf 86' lang='lat' dir='ltr'>juvenis</span> <span class='ocrx_word' id='word_1_16' title='bbox 1817 390 1842 419; x_wconf 88' lang='lat' dir='ltr'>a</span> 
     </span>
    </p>

    <p class='ocr_par' dir='ltr' id='par_1_4' title="bbox 169 446 1839 507">
     <span class='ocr_line' id='line_1_5' title="bbox 169 446 1839 507; baseline -0.002 -14"><span class='ocrx_word' id='word_1_17' title='bbox 169 451 314 507; x_wconf 86' lang='lat' dir='ltr'>piratis</span> <span class='ocrx_word' id='word_1_18' title='bbox 346 454 510 505; x_wconf 87' lang='lat' dir='ltr'>captus,</span> <span class='ocrx_word' id='word_1_19' title='bbox 554 451 624 505; x_wconf 93' lang='lat' dir='ltr'>qui</span> <span class='ocrx_word' id='word_1_20' title='bbox 663 450 829 505; x_wconf 82' lang='lat' dir='ltr'>scripsit</span> <span class='ocrx_word' id='word_1_21' title='bbox 860 450 969 504; x_wconf 88' lang='lat' dir='ltr'>patri</span> <span class='ocrx_word' id='word_1_22' title='bbox 1008 462 1079 491; x_wconf 87' lang='lat' dir='ltr'>suo</span> <span class='ocrx_word' id='word_1_23' title='bbox 1120 462 1195 504; x_wconf 92' lang='lat' dir='ltr'>pro</span> <span class='ocrx_word' id='word_1_24' title='bbox 1236 449 1535 504; x_wconf 80' lang='lat' dir='ltr'>redempcione.</span> <span class='ocrx_word' id='word_1_25' title='bbox 1586 447 1711 490; x_wconf 88' lang='lat' dir='ltr'>Pater</span> <span class='ocrx_word' id='word_1_26' title='bbox 1744 446 1839 502; x_wconf 73' lang='lat'><strong>[36]</strong></span> 
     </span>
    </p>

    <p class='ocr_par' dir='ltr' id='par_1_5' title="bbox 97 519 1846 2504">
     <span class='ocr_line' id='line_1_6' title="bbox 120 519 1843 575; baseline -0.002 -11"><span class='ocrx_word' id='word_1_27' title='bbox 120 531 140 564; x_wconf 78' lang='lat'>5</span> <span class='ocrx_word' id='word_1_28' title='bbox 167 522 300 564; x_wconf 85' lang='lat' dir='ltr'>noluit</span> <span class='ocrx_word' id='word_1_29' title='bbox 331 535 423 564; x_wconf 92' lang='lat' dir='ltr'>eum</span> <span class='ocrx_word' id='word_1_30' title='bbox 455 521 657 564; x_wconf 81' lang='lat' dir='ltr'>redimere</span> <span class='ocrx_word' id='word_1_31' title='bbox 690 521 747 563; x_wconf 88' lang='lat' dir='ltr'>sic</span> <span class='ocrx_word' id='word_1_32' title='bbox 780 521 887 575; x_wconf 90' lang='lat' dir='ltr'>quod</span> <span class='ocrx_word' id='word_1_33' title='bbox 913 520 1076 575; x_wconf 88' lang='lat' dir='ltr'>juvenis</span> <span class='ocrx_word' id='word_1_34' title='bbox 1108 519 1237 562; x_wconf 86' lang='lat' dir='ltr'>multo</span> <span class='ocrx_word' id='word_1_35' title='bbox 1269 524 1454 575; x_wconf 89' lang='lat' dir='ltr'>tempore</span> <span class='ocrx_word' id='word_1_36' title='bbox 1485 520 1529 560; x_wconf 90' lang='lat' dir='ltr'>in</span> <span class='ocrx_word' id='word_1_37' title='bbox 1560 532 1722 562; x_wconf 84' lang='lat' dir='ltr'>carcere</span> <span class='ocrx_word' id='word_1_38' title='bbox 1753 521 1843 561; x_wconf 86' lang='lat' dir='ltr'>erat</span> 
     </span>
     <span class='ocr_line' id='line_1_7' title="bbox 167 590 1840 647; baseline -0.002 -12"><span class='ocrx_word' id='word_1_39' title='bbox 167 596 411 635; x_wconf 86' lang='lat' dir='ltr'>maceratus.</span> <span class='ocrx_word' id='word_1_40' title='bbox 472 592 564 646; x_wconf 90' lang='lat' dir='ltr'>Ille,</span> <span class='ocrx_word' id='word_1_41' title='bbox 604 593 673 647; x_wconf 93' lang='lat' dir='ltr'>qui</span> <span class='ocrx_word' id='word_1_42' title='bbox 711 606 803 634; x_wconf 92' lang='lat' dir='ltr'>eum</span> <span class='ocrx_word' id='word_1_43' title='bbox 842 592 885 633; x_wconf 94' lang='lat' dir='ltr'>in</span> <span class='ocrx_word' id='word_1_44' title='bbox 925 591 1097 633; x_wconf 86' lang='lat' dir='ltr'>vinculis</span> <span class='ocrx_word' id='word_1_45' title='bbox 1136 590 1332 643; x_wconf 89' lang='lat' dir='ltr'>habebat,</span> <span class='ocrx_word' id='word_1_46' title='bbox 1376 590 1582 645; x_wconf 89' lang='lat' dir='ltr'>quandam</span> <span class='ocrx_word' id='word_1_47' title='bbox 1627 590 1840 646; x_wconf 78' lang='lat' dir='ltr'>pulchram</span> 
     </span>
     <span class='ocr_line' id='line_1_8' title="bbox 166 661 1841 717; baseline -0.002 -11"><span class='ocrx_word' id='word_1_48' title='bbox 166 664 295 706; x_wconf 90' lang='lat' dir='ltr'>filiam</span> <span class='ocrx_word' id='word_1_49' title='bbox 328 676 375 706; x_wconf 87' lang='grc'>36</span> <span class='ocrx_word' id='word_1_50' title='bbox 407 663 533 705; x_wconf 86' lang='grc'>0611113</span> <span class='ocrx_word' id='word_1_51' title='bbox 565 663 777 705; x_wconf 88' lang='lat' dir='ltr'>hominum</span> <span class='ocrx_word' id='word_1_52' title='bbox 808 662 1029 716; x_wconf 85' lang='lat' dir='ltr'>gratiosam</span> <span class='ocrx_word' id='word_1_53' title='bbox 1071 666 1289 716; x_wconf 79' lang='lat' dir='ltr'>genuerat,</span> <span class='ocrx_word' id='word_1_54' title='bbox 1331 675 1409 717; x_wconf 88' lang='lat' dir='ltr'>que</span> <span class='ocrx_word' id='word_1_55' title='bbox 1447 662 1605 703; x_wconf 88' lang='lat' dir='ltr'>nutrita</span> <span class='ocrx_word' id='word_1_56' title='bbox 1639 661 1683 703; x_wconf 89' lang='lat' dir='ltr'>in</span> <span class='ocrx_word' id='word_1_57' title='bbox 1721 661 1841 702; x_wconf 91' lang='lat' dir='ltr'>domo</span> 
     </span>
     <span class='ocr_line' id='line_1_9' title="bbox 169 732 1841 790; baseline -0.002 -13"><span class='ocrx_word' id='word_1_58' title='bbox 169 740 257 778; x_wconf 86' lang='lat' dir='ltr'>erat</span> <span class='ocrx_word' id='word_1_59' title='bbox 289 748 500 790; x_wconf 88' lang='lat' dir='ltr'>quousque</span> <span class='ocrx_word' id='word_1_60' title='bbox 532 734 678 788; x_wconf 83' lang='lat' dir='ltr'>viginti</span> <span class='ocrx_word' id='word_1_61' title='bbox 717 747 844 776; x_wconf 90' lang='lat' dir='ltr'>annos</span> <span class='ocrx_word' id='word_1_62' title='bbox 884 734 927 775; x_wconf 92' lang='lat' dir='ltr'>in</span> <span class='ocrx_word' id='word_1_63' title='bbox 966 737 1073 775; x_wconf 88' lang='lat' dir='ltr'>etate</span> <span class='ocrx_word' id='word_1_64' title='bbox 1114 746 1187 775; x_wconf 88' lang='lat' dir='ltr'>sua</span> <span class='ocrx_word' id='word_1_65' title='bbox 1225 733 1523 788; x_wconf 88' lang='lat' dir='ltr'>compleverat,</span> <span class='ocrx_word' id='word_1_66' title='bbox 1561 745 1666 787; x_wconf 90' lang='lat' dir='ltr'>quae</span> <span class='ocrx_word' id='word_1_67' title='bbox 1703 732 1841 787; x_wconf 81' lang='lat' dir='ltr'>sepius</span> 
     </span>
     <span class='ocr_line' id='line_1_10' title="bbox 167 803 1842 849; baseline -0.002 0"><span class='ocrx_word' id='word_1_68' title='bbox 167 807 466 849; x_wconf 87' lang='lat' dir='ltr'>incarceratum</span> <span class='ocrx_word' id='word_1_69' title='bbox 499 806 710 847; x_wconf 85' lang='lat' dir='ltr'>visitatum</span> <span class='ocrx_word' id='word_1_70' title='bbox 750 805 825 846; x_wconf 74' lang='lat' dir='ltr'>ivit</span> <span class='ocrx_word' id='word_1_71' title='bbox 862 818 910 847; x_wconf 88' lang='lat' dir='ltr'>ac</span> <span class='ocrx_word' id='word_1_72' title='bbox 941 804 1241 847; x_wconf 83' lang='lat' dir='ltr'>consolabatur.</span> <span class='ocrx_word' id='word_1_73' title='bbox 1296 803 1374 846; x_wconf 86' lang='lat' dir='ltr'>Sed</span> <span class='ocrx_word' id='word_1_74' title='bbox 1406 803 1475 846; x_wconf 92' lang='lat' dir='ltr'>ille</span> <span class='ocrx_word' id='word_1_75' title='bbox 1506 803 1548 845; x_wconf 91' lang='lat' dir='ltr'>in</span> <span class='ocrx_word' id='word_1_76' title='bbox 1580 807 1741 846; x_wconf 86' lang='lat' dir='ltr'>tantum</span> <span class='ocrx_word' id='word_1_77' title='bbox 1773 803 1842 845; x_wconf 92' lang='lat' dir='ltr'>de-</span> 
     </span>
     <span class='ocr_line' id='line_1_11' title="bbox 99 874 1843 931; baseline -0.002 -11"><span class='ocrx_word' id='word_1_78' title='bbox 99 888 142 922; x_wconf 90' lang='lat'>10</span> <span class='ocrx_word' id='word_1_79' title='bbox 169 878 322 920; x_wconf 87' lang='lat' dir='ltr'>solatus</span> <span class='ocrx_word' id='word_1_80' title='bbox 356 881 456 930; x_wconf 86' lang='lat' dir='ltr'>erat,</span> <span class='ocrx_word' id='word_1_81' title='bbox 491 877 597 931; x_wconf 90' lang='lat' dir='ltr'>quod</span> <span class='ocrx_word' id='word_1_82' title='bbox 627 876 780 918; x_wconf 89' lang='lat' dir='ltr'>nullam</span> <span class='ocrx_word' id='word_1_83' title='bbox 805 876 1130 918; x_wconf 87' lang='lat' dir='ltr'>consolacionem</span> <span class='ocrx_word' id='word_1_84' title='bbox 1151 876 1333 931; x_wconf 89' lang='lat' dir='ltr'>recipere</span> <span class='ocrx_word' id='word_1_85' title='bbox 1355 878 1529 930; x_wconf 87' lang='lat' dir='ltr'>poterat,</span> <span class='ocrx_word' id='word_1_86' title='bbox 1562 875 1634 917; x_wconf 87' lang='lat' dir='ltr'>sed</span> <span class='ocrx_word' id='word_1_87' title='bbox 1665 874 1843 930; x_wconf 88' lang='lat' dir='ltr'>suspiria</span> 
     </span>
     <span class='ocr_line' id='line_1_12' title="bbox 168 945 1844 1003; baseline -0.002 -12"><span class='ocrx_word' id='word_1_88' title='bbox 168 953 208 992; x_wconf 90' lang='lat' dir='ltr'>et</span> <span class='ocrx_word' id='word_1_89' title='bbox 239 949 416 1003; x_wconf 83' lang='lat' dir='ltr'>gemitus</span> <span class='ocrx_word' id='word_1_90' title='bbox 438 949 628 990; x_wconf 81' lang='lat' dir='ltr'>continue</span> <span class='ocrx_word' id='word_1_91' title='bbox 660 948 885 990; x_wconf 83' lang='lat' dir='ltr'>emittebat.</span> <span class='ocrx_word' id='word_1_92' title='bbox 933 948 1098 990; x_wconf 85' lang='lat' dir='ltr'>Accidit</span> <span class='ocrx_word' id='word_1_93' title='bbox 1119 948 1294 1002; x_wconf 87' lang='lat' dir='ltr'>quodam</span> <span class='ocrx_word' id='word_1_94' title='bbox 1317 947 1396 1000; x_wconf 89' lang='lat' dir='ltr'>die,</span> <span class='ocrx_word' id='word_1_95' title='bbox 1429 945 1550 1001; x_wconf 90' lang='lat' dir='ltr'>quod,</span> <span class='ocrx_word' id='word_1_96' title='bbox 1583 959 1675 988; x_wconf 89' lang='lat' dir='ltr'>cum</span> <span class='ocrx_word' id='word_1_97' title='bbox 1706 945 1844 1001; x_wconf 90' lang='lat' dir='ltr'>puella</span> 
     </span>
     <span class='ocr_line' id='line_1_13' title="bbox 168 1017 1843 1074; baseline -0.003 -11"><span class='ocrx_word' id='word_1_98' title='bbox 168 1034 261 1063; x_wconf 91' lang='lat' dir='ltr'>eum</span> <span class='ocrx_word' id='word_1_99' title='bbox 293 1020 492 1072; x_wconf 70' lang='lat' dir='ltr'>visitaret,</span> <span class='ocrx_word' id='word_1_100' title='bbox 527 1019 585 1061; x_wconf 88' lang='lat' dir='ltr'>ait</span> <span class='ocrx_word' id='word_1_101' title='bbox 610 1020 774 1073; x_wconf 75' lang='lat' dir='ltr'>juvenis</span> <span class='ocrx_word' id='word_1_102' title='bbox 808 1020 864 1061; x_wconf 91' lang='lat' dir='ltr'>ei:</span> <span class='ocrx_word' id='word_1_103' title='bbox 905 1018 938 1061; x_wconf 91' lang='lat' dir='ltr'>O</span> <span class='ocrx_word' id='word_1_104' title='bbox 971 1019 1077 1062; x_wconf 89' lang='lat' dir='ltr'>bona</span> <span class='ocrx_word' id='word_1_105' title='bbox 1108 1018 1263 1074; x_wconf 88' lang='lat' dir='ltr'>puella,</span> <span class='ocrx_word' id='word_1_106' title='bbox 1296 1018 1454 1060; x_wconf 88' lang='lat' dir='ltr'>utinam</span> <span class='ocrx_word' id='word_1_107' title='bbox 1486 1017 1612 1060; x_wconf 89' lang='lat' dir='ltr'>velles</span> <span class='ocrx_word' id='word_1_108' title='bbox 1644 1030 1718 1072; x_wconf 89' lang='lat' dir='ltr'>pro</span> <span class='ocrx_word' id='word_1_109' title='bbox 1750 1029 1843 1059; x_wconf 89' lang='lat' dir='ltr'>mea</span> 
     </span>
     <span class='ocr_line' id='line_1_14' title="bbox 167 1081 1842 1145; baseline -0.002 -12"><span class='ocrx_word' id='word_1_110' title='bbox 167 1092 414 1134; x_wconf 89' lang='lat' dir='ltr'>liberacione</span> <span class='ocrx_word' id='word_1_111' title='bbox 446 1081 655 1133; x_wconf 82' lang='lat' dir='ltr'>laborare!</span> <span class='ocrx_word' id='word_1_112' title='bbox 709 1090 793 1140; x_wconf 84' lang='lat' dir='ltr'>Que</span> <span class='ocrx_word' id='word_1_113' title='bbox 827 1091 903 1132; x_wconf 89' lang='lat' dir='ltr'>ait:</span> <span class='ocrx_word' id='word_1_114' title='bbox 937 1090 1147 1140; x_wconf 83' lang='lat' dir='ltr'>Quomodo</span> <span class='ocrx_word' id='word_1_115' title='bbox 1180 1093 1322 1145; x_wconf 89' lang='lat' dir='ltr'>potero</span> <span class='ocrx_word' id='word_1_116' title='bbox 1354 1089 1431 1131; x_wconf 90' lang='lat' dir='ltr'>hoc</span> <span class='ocrx_word' id='word_1_117' title='bbox 1463 1088 1693 1131; x_wconf 87' lang='lat' dir='ltr'>attentare?</span> <span class='ocrx_word' id='word_1_118' title='bbox 1724 1092 1842 1144; x_wconf 86' lang='lat' dir='ltr'>pater</span> 
     </span>
     <span class='ocr_line' id='line_1_15' title="bbox 168 1160 1840 1217; baseline -0.002 -12"><span class='ocrx_word' id='word_1_119' title='bbox 168 1167 276 1216; x_wconf 89' lang='lat' dir='ltr'>tuus,</span> <span class='ocrx_word' id='word_1_120' title='bbox 311 1163 379 1217; x_wconf 87' lang='lat' dir='ltr'>qui</span> <span class='ocrx_word' id='word_1_121' title='bbox 411 1166 450 1204; x_wconf 88' lang='lat' dir='ltr'>te</span> <span class='ocrx_word' id='word_1_122' title='bbox 481 1163 635 1216; x_wconf 84' lang='lat' dir='ltr'>genuit,</span> <span class='ocrx_word' id='word_1_123' title='bbox 668 1176 748 1204; x_wconf 88' lang='grc'>11011</span> <span class='ocrx_word' id='word_1_124' title='bbox 781 1161 869 1204; x_wconf 76' lang='lat' dir='ltr'>vult</span> <span class='ocrx_word' id='word_1_125' title='bbox 899 1165 940 1203; x_wconf 91' lang='lat' dir='ltr'>te</span> <span class='ocrx_word' id='word_1_126' title='bbox 970 1161 1186 1214; x_wconf 77' lang='lat' dir='ltr'>redimere,</span> <span class='ocrx_word' id='word_1_127' title='bbox 1221 1174 1293 1214; x_wconf 87' lang='lat' dir='ltr'>ego</span> <span class='ocrx_word' id='word_1_128' title='bbox 1316 1174 1426 1214; x_wconf 86' lang='lat' dir='ltr'>vero,</span> <span class='ocrx_word' id='word_1_129' title='bbox 1458 1173 1549 1202; x_wconf 90' lang='lat' dir='ltr'>cum</span> <span class='ocrx_word' id='word_1_130' title='bbox 1573 1160 1650 1202; x_wconf 89' lang='lat' dir='ltr'>sim</span> <span class='ocrx_word' id='word_1_131' title='bbox 1671 1160 1748 1202; x_wconf 91' lang='lat' dir='ltr'>tibi</span> <span class='ocrx_word' id='word_1_132' title='bbox 1770 1173 1840 1202; x_wconf 76' lang='lat' dir='ltr'>ex-</span> 
     </span>
     <span class='ocr_line' id='line_1_16' title="bbox 99 1230 1842 1288; baseline -0.003 -10"><span class='ocrx_word' id='word_1_133' title='bbox 99 1244 142 1279; x_wconf 83' lang='lat'>15</span> <span class='ocrx_word' id='word_1_134' title='bbox 167 1238 331 1287; x_wconf 86' lang='lat' dir='ltr'>tranea,</span> <span class='ocrx_word' id='word_1_135' title='bbox 372 1234 574 1288; x_wconf 89' lang='lat' dir='ltr'>quomodo</span> <span class='ocrx_word' id='word_1_136' title='bbox 615 1233 804 1276; x_wconf 89' lang='lat' dir='ltr'>deberem</span> <span class='ocrx_word' id='word_1_137' title='bbox 843 1233 920 1274; x_wconf 90' lang='lat' dir='ltr'>hoo</span> <span class='ocrx_word' id='word_1_138' title='bbox 957 1232 1164 1286; x_wconf 78' lang='lat' dir='ltr'>cogitare?</span> <span class='ocrx_word' id='word_1_139' title='bbox 1215 1232 1270 1274; x_wconf 90' lang='lat' dir='ltr'>Et</span> <span class='ocrx_word' id='word_1_140' title='bbox 1301 1232 1335 1278; x_wconf 81' lang='lat' dir='ltr'>si</span> <span class='ocrx_word' id='word_1_141' title='bbox 1366 1236 1406 1274; x_wconf 85' lang='lat' dir='ltr'>te</span> <span class='ocrx_word' id='word_1_142' title='bbox 1436 1231 1676 1286; x_wconf 88' lang='lat' dir='ltr'>liberarem,</span> <span class='ocrx_word' id='word_1_143' title='bbox 1717 1230 1842 1274; x_wconf 87' lang='lat' dir='ltr'>offen-</span> 
     </span>
     <span class='ocr_line' id='line_1_17' title="bbox 169 1303 1844 1361; baseline -0.001 -14"><span class='ocrx_word' id='word_1_144' title='bbox 169 1306 325 1348; x_wconf 88' lang='lat' dir='ltr'>sionem</span> <span class='ocrx_word' id='word_1_145' title='bbox 356 1306 486 1361; x_wconf 88' lang='lat' dir='ltr'>patris</span> <span class='ocrx_word' id='word_1_146' title='bbox 510 1306 590 1347; x_wconf 90' lang='lat' dir='ltr'>mei</span> <span class='ocrx_word' id='word_1_147' title='bbox 612 1306 877 1356; x_wconf 85' lang='lat' dir='ltr'>incurrerem,</span> <span class='ocrx_word' id='word_1_148' title='bbox 911 1304 1006 1359; x_wconf 88' lang='lat' dir='ltr'>quia</span> <span class='ocrx_word' id='word_1_149' title='bbox 1026 1308 1139 1346; x_wconf 85' lang='lat' dir='ltr'>tuam</span> <span class='ocrx_word' id='word_1_150' title='bbox 1161 1304 1492 1359; x_wconf 89' lang='lat' dir='ltr'>redempcionem</span> <span class='ocrx_word' id='word_1_151' title='bbox 1514 1303 1705 1359; x_wconf 81' lang='lat' dir='ltr'>perderet</span> <span class='ocrx_word' id='word_1_152' title='bbox 1725 1306 1844 1359; x_wconf 91' lang='lat' dir='ltr'>pater</span> 
     </span>
     <span class='ocr_line' id='line_1_18' title="bbox 167 1374 1842 1430; baseline -0.001 -12"><span class='ocrx_word' id='word_1_153' title='bbox 167 1390 296 1419; x_wconf 88' lang='lat' dir='ltr'>meus.</span> <span class='ocrx_word' id='word_1_154' title='bbox 346 1376 641 1419; x_wconf 85' lang='lat' dir='ltr'>Verumtamen</span> <span class='ocrx_word' id='word_1_155' title='bbox 673 1376 797 1418; x_wconf 89' lang='lat' dir='ltr'>michi</span> <span class='ocrx_word' id='word_1_156' title='bbox 829 1390 955 1417; x_wconf 90' lang='lat' dir='ltr'>unum</span> <span class='ocrx_word' id='word_1_157' title='bbox 988 1375 1176 1430; x_wconf 90' lang='lat' dir='ltr'>concede,</span> <span class='ocrx_word' id='word_1_158' title='bbox 1210 1379 1251 1417; x_wconf 88' lang='lat' dir='ltr'>et</span> <span class='ocrx_word' id='word_1_159' title='bbox 1280 1375 1462 1418; x_wconf 80' lang='lat' dir='ltr'>liberabo</span> <span class='ocrx_word' id='word_1_160' title='bbox 1491 1378 1545 1417; x_wconf 91' lang='lat' dir='ltr'>te.</span> <span class='ocrx_word' id='word_1_161' title='bbox 1591 1375 1665 1417; x_wconf 92' lang='lat' dir='ltr'>Ait</span> <span class='ocrx_word' id='word_1_162' title='bbox 1684 1375 1776 1417; x_wconf 90' lang='lat' dir='ltr'>ille:</span> <span class='ocrx_word' id='word_1_163' title='bbox 1809 1374 1842 1417; x_wconf 94' lang='lat' dir='ltr'>O</span> 
     </span>
     <span class='ocr_line' id='line_1_19' title="bbox 167 1445 1842 1504; baseline -0.001 -14"><span class='ocrx_word' id='word_1_164' title='bbox 167 1449 274 1491; x_wconf 87' lang='lat' dir='ltr'>bona</span> <span class='ocrx_word' id='word_1_165' title='bbox 306 1447 465 1504; x_wconf 87' lang='lat' dir='ltr'>puella,</span> <span class='ocrx_word' id='word_1_166' title='bbox 505 1453 599 1503; x_wconf 88' lang='lat' dir='ltr'>pete</span> <span class='ocrx_word' id='word_1_167' title='bbox 641 1461 664 1489; x_wconf 88' lang='lat' dir='ltr'>a</span> <span class='ocrx_word' id='word_1_168' title='bbox 704 1461 769 1490; x_wconf 91' lang='lat' dir='ltr'>me</span> <span class='ocrx_word' id='word_1_169' title='bbox 809 1447 905 1502; x_wconf 88' lang='lat' dir='ltr'>quid</span> <span class='ocrx_word' id='word_1_170' title='bbox 936 1447 1012 1489; x_wconf 87' lang='lat' dir='ltr'>tibi</span> <span class='ocrx_word' id='word_1_171' title='bbox 1043 1447 1264 1502; x_wconf 79' lang='lat' dir='ltr'>placuerit!</span> <span class='ocrx_word' id='word_1_172' title='bbox 1313 1446 1355 1489; x_wconf 92' lang='lat' dir='ltr'>Si</span> <span class='ocrx_word' id='word_1_173' title='bbox 1387 1447 1512 1489; x_wconf 88' lang='lat' dir='ltr'>michi</span> <span class='ocrx_word' id='word_1_174' title='bbox 1543 1450 1605 1489; x_wconf 90' lang='lat' dir='ltr'>est</span> <span class='ocrx_word' id='word_1_175' title='bbox 1634 1445 1842 1502; x_wconf 86' lang='lat' dir='ltr'>possibile,</span> 
     </span>
     <span class='ocr_line' id='line_1_20' title="bbox 168 1518 1844 1574; baseline -0.001 -12"><span class='ocrx_word' id='word_1_176' title='bbox 168 1533 241 1574; x_wconf 91' lang='lat' dir='ltr'>ego</span> <span class='ocrx_word' id='word_1_177' title='bbox 275 1520 508 1562; x_wconf 85' lang='lat' dir='ltr'>concedam.</span> <span class='ocrx_word' id='word_1_178' title='bbox 569 1520 626 1561; x_wconf 91' lang='lat' dir='ltr'>At</span> <span class='ocrx_word' id='word_1_179' title='bbox 655 1519 745 1561; x_wconf 90' lang='lat' dir='ltr'>illa:</span> <span class='ocrx_word' id='word_1_180' title='bbox 784 1518 920 1561; x_wconf 85' lang='lat' dir='ltr'>Nichil</span> <span class='ocrx_word' id='word_1_181' title='bbox 953 1518 1062 1560; x_wconf 88' lang='lat' dir='ltr'>aliud</span> <span class='ocrx_word' id='word_1_182' title='bbox 1100 1523 1195 1574; x_wconf 92' lang='lat' dir='ltr'>peto</span> <span class='ocrx_word' id='word_1_183' title='bbox 1234 1532 1309 1574; x_wconf 91' lang='lat' dir='ltr'>pro</span> <span class='ocrx_word' id='word_1_184' title='bbox 1347 1522 1420 1561; x_wconf 88' lang='lat' dir='ltr'>tua</span> <span class='ocrx_word' id='word_1_185' title='bbox 1455 1518 1723 1572; x_wconf 85' lang='lat' dir='ltr'>liberacione,</span> <span class='ocrx_word' id='word_1_186' title='bbox 1763 1518 1844 1560; x_wconf 87' lang='lat' dir='ltr'>nisi</span> 
     </span>
     <span class='ocr_line' id='line_1_21' title="bbox 97 1588 1843 1646; baseline -0.002 -12"><span class='ocrx_word' id='word_1_187' title='bbox 97 1600 142 1634; x_wconf 78' lang='lat'>:20</span> <span class='ocrx_word' id='word_1_188' title='bbox 168 1592 275 1646; x_wconf 88' lang='lat' dir='ltr'>quod</span> <span class='ocrx_word' id='word_1_189' title='bbox 308 1605 374 1633; x_wconf 89' lang='lat' dir='ltr'>me</span> <span class='ocrx_word' id='word_1_190' title='bbox 404 1591 448 1632; x_wconf 94' lang='lat' dir='ltr'>in</span> <span class='ocrx_word' id='word_1_191' title='bbox 479 1604 651 1633; x_wconf 77' lang='lat' dir='ltr'>uxorem</span> <span class='ocrx_word' id='word_1_192' title='bbox 685 1591 808 1633; x_wconf 83' lang='lat' dir='ltr'>ducas</span> <span class='ocrx_word' id='word_1_193' title='bbox 842 1594 1027 1646; x_wconf 85' lang='lat' dir='ltr'>tempore</span> <span class='ocrx_word' id='word_1_194' title='bbox 1059 1593 1304 1646; x_wconf 88' lang='lat' dir='ltr'>opportuno.</span> <span class='ocrx_word' id='word_1_195' title='bbox 1358 1589 1436 1640; x_wconf 85' lang='lat' dir='ltr'>Qui</span> <span class='ocrx_word' id='word_1_196' title='bbox 1458 1592 1536 1633; x_wconf 87' lang='lat' dir='ltr'>ait:</span> <span class='ocrx_word' id='word_1_197' title='bbox 1569 1590 1656 1633; x_wconf 86' lang='lat' dir='ltr'>Hoc</span> <span class='ocrx_word' id='word_1_198' title='bbox 1676 1589 1753 1632; x_wconf 91' lang='lat' dir='ltr'>tibi</span> <span class='ocrx_word' id='word_1_199' title='bbox 1773 1588 1843 1631; x_wconf 89' lang='lat' dir='ltr'>fir-</span> 
     </span>
     <span class='ocr_line' id='line_1_22' title="bbox 166 1661 1843 1718; baseline 0 -14"><span class='ocrx_word' id='word_1_200' title='bbox 166 1663 289 1705; x_wconf 90' lang='lat' dir='ltr'>miter</span> <span class='ocrx_word' id='word_1_201' title='bbox 321 1662 530 1718; x_wconf 89' lang='lat' dir='ltr'>promitto.</span> <span class='ocrx_word' id='word_1_202' title='bbox 581 1661 729 1704; x_wconf 81' lang='lat' dir='ltr'>Statim</span> <span class='ocrx_word' id='word_1_203' title='bbox 762 1662 900 1718; x_wconf 88' lang='lat' dir='ltr'>puella</span> <span class='ocrx_word' id='word_1_204' title='bbox 930 1666 1048 1718; x_wconf 85' lang='lat' dir='ltr'>patre</span> <span class='ocrx_word' id='word_1_205' title='bbox 1078 1662 1294 1715; x_wconf 81' lang='lat' dir='ltr'>ignorante</span> <span class='ocrx_word' id='word_1_206' title='bbox 1325 1662 1462 1717; x_wconf 88' lang='lat' dir='ltr'>ipsum</span> <span class='ocrx_word' id='word_1_207' title='bbox 1493 1676 1518 1705; x_wconf 88' lang='lat' dir='ltr'>a</span> <span class='ocrx_word' id='word_1_208' title='bbox 1539 1662 1711 1705; x_wconf 89' lang='lat' dir='ltr'>vinculis</span> <span class='ocrx_word' id='word_1_209' title='bbox 1741 1661 1843 1704; x_wconf 90' lang='lat' dir='ltr'>libe-</span> 
     </span>
     <span class='ocr_line' id='line_1_23' title="bbox 167 1732 1841 1790; baseline -0.001 -14"><span class='ocrx_word' id='word_1_210' title='bbox 167 1734 277 1776; x_wconf 82' lang='lat' dir='ltr'>ravit</span> <span class='ocrx_word' id='word_1_211' title='bbox 308 1737 348 1776; x_wconf 90' lang='lat' dir='ltr'>et</span> <span class='ocrx_word' id='word_1_212' title='bbox 379 1747 469 1776; x_wconf 90' lang='lat' dir='ltr'>cum</span> <span class='ocrx_word' id='word_1_213' title='bbox 503 1747 549 1775; x_wconf 94' lang='lat' dir='ltr'>eo</span> <span class='ocrx_word' id='word_1_214' title='bbox 583 1733 633 1775; x_wconf 89' lang='lat' dir='ltr'>ad</span> <span class='ocrx_word' id='word_1_215' title='bbox 666 1734 843 1789; x_wconf 86' lang='lat' dir='ltr'>patriam</span> <span class='ocrx_word' id='word_1_216' title='bbox 876 1747 992 1775; x_wconf 87' lang='lat' dir='ltr'>suam</span> <span class='ocrx_word' id='word_1_217' title='bbox 1023 1734 1140 1787; x_wconf 85' lang='lat' dir='ltr'>fugit.</span> <span class='ocrx_word' id='word_1_218' title='bbox 1189 1732 1290 1775; x_wconf 89' lang='lat' dir='ltr'>Cum</span> <span class='ocrx_word' id='word_1_219' title='bbox 1320 1747 1416 1776; x_wconf 89' lang='lat' dir='ltr'>vero</span> <span class='ocrx_word' id='word_1_220' title='bbox 1450 1734 1500 1776; x_wconf 90' lang='lat' dir='ltr'>ad</span> <span class='ocrx_word' id='word_1_221' title='bbox 1531 1737 1692 1790; x_wconf 90' lang='lat' dir='ltr'>patrem</span> <span class='ocrx_word' id='word_1_222' title='bbox 1724 1747 1841 1775; x_wconf 90' lang='lat' dir='ltr'>suum</span> 
     </span>
     <span class='ocr_line' id='line_1_24' title="bbox 168 1804 1842 1860; baseline 0.001 -14"><span class='ocrx_word' id='word_1_223' title='bbox 168 1805 361 1858; x_wconf 83' lang='lat' dir='ltr'>venisset,</span> <span class='ocrx_word' id='word_1_224' title='bbox 395 1805 453 1846; x_wconf 87' lang='lat' dir='ltr'>ait</span> <span class='ocrx_word' id='word_1_225' title='bbox 485 1805 521 1847; x_wconf 91' lang='lat' dir='ltr'>ei</span> <span class='ocrx_word' id='word_1_226' title='bbox 551 1808 689 1860; x_wconf 86' lang='lat' dir='ltr'>pater:</span> <span class='ocrx_word' id='word_1_227' title='bbox 724 1805 756 1847; x_wconf 94' lang='grc' dir='ltr'>Ο</span> <span class='ocrx_word' id='word_1_228' title='bbox 790 1804 860 1858; x_wconf 86' lang='lat' dir='ltr'>fili,</span> <span class='ocrx_word' id='word_1_229' title='bbox 894 1805 942 1847; x_wconf 90' lang='lat' dir='ltr'>de</span> <span class='ocrx_word' id='word_1_230' title='bbox 973 1809 1043 1847; x_wconf 90' lang='lat' dir='ltr'>tuo</span> <span class='ocrx_word' id='word_1_231' title='bbox 1076 1805 1255 1847; x_wconf 85' lang='lat' dir='ltr'>adventu</span> <span class='ocrx_word' id='word_1_232' title='bbox 1286 1804 1457 1858; x_wconf 87' lang='lat' dir='ltr'>gaudeo.</span> <span class='ocrx_word' id='word_1_233' title='bbox 1512 1804 1591 1848; x_wconf 85' lang='lat' dir='ltr'>Sed</span> <span class='ocrx_word' id='word_1_234' title='bbox 1620 1805 1684 1847; x_wconf 88' lang='lat' dir='ltr'>dic</span> <span class='ocrx_word' id='word_1_235' title='bbox 1705 1805 1842 1859; x_wconf 90' lang='lat' dir='ltr'>michi,</span> 
     </span>
     <span class='ocr_line' id='line_1_25' title="bbox 171 1876 1842 1932; baseline 0.001 -14"><span class='ocrx_word' id='word_1_236' title='bbox 171 1876 304 1932; x_wconf 87' lang='lat' dir='ltr'>qualis</span> <span class='ocrx_word' id='word_1_237' title='bbox 340 1880 401 1918; x_wconf 88' lang='lat' dir='ltr'>est</span> <span class='ocrx_word' id='word_1_238' title='bbox 432 1877 513 1918; x_wconf 87' lang='lat' dir='ltr'>ista</span> <span class='ocrx_word' id='word_1_239' title='bbox 542 1876 693 1931; x_wconf 88' lang='lat' dir='ltr'>puella,</span> <span class='ocrx_word' id='word_1_240' title='bbox 727 1890 847 1931; x_wconf 86' lang='lat' dir='ltr'>quam</span> <span class='ocrx_word' id='word_1_241' title='bbox 881 1881 1017 1918; x_wconf 88' lang='lat' dir='ltr'>tecum</span> <span class='ocrx_word' id='word_1_242' title='bbox 1049 1876 1229 1919; x_wconf 74' lang='lat' dir='ltr'>cinxisti?</span> <span class='ocrx_word' id='word_1_243' title='bbox 1275 1876 1349 1918; x_wconf 93' lang='lat' dir='ltr'>Ait</span> <span class='ocrx_word' id='word_1_244' title='bbox 1378 1876 1467 1918; x_wconf 88' lang='lat' dir='ltr'>ille:</span> <span class='ocrx_word' id='word_1_245' title='bbox 1498 1876 1606 1919; x_wconf 87' lang='lat' dir='ltr'>Filia</span> <span class='ocrx_word' id='word_1_246' title='bbox 1626 1878 1736 1931; x_wconf 88' lang='lat' dir='ltr'>regis</span> <span class='ocrx_word' id='word_1_247' title='bbox 1768 1879 1842 1930; x_wconf 87' lang='lat' dir='ltr'>est,</span> 
     </span>
     <span class='ocr_line' id='line_1_26' title="bbox 101 1947 1844 2004; baseline -0.002 -11"><span class='ocrx_word' id='word_1_248' title='bbox 101 1959 144 1993; x_wconf 79' lang='lat'>25</span> <span class='ocrx_word' id='word_1_249' title='bbox 172 1961 295 2002; x_wconf 89' lang='lat' dir='ltr'>quam</span> <span class='ocrx_word' id='word_1_250' title='bbox 328 1948 370 1989; x_wconf 92' lang='lat' dir='ltr'>in</span> <span class='ocrx_word' id='word_1_251' title='bbox 402 1961 573 1990; x_wconf 81' lang='lat' dir='ltr'>uxorem</span> <span class='ocrx_word' id='word_1_252' title='bbox 604 1948 746 1991; x_wconf 88' lang='lat' dir='ltr'>habeo.</span> <span class='ocrx_word' id='word_1_253' title='bbox 799 1949 871 1990; x_wconf 89' lang='lat' dir='ltr'>Ait</span> <span class='ocrx_word' id='word_1_254' title='bbox 902 1952 1038 2004; x_wconf 88' lang='lat' dir='ltr'>pater:</span> <span class='ocrx_word' id='word_1_255' title='bbox 1079 1947 1161 1990; x_wconf 91' lang='lat' dir='ltr'>Sub</span> <span class='ocrx_word' id='word_1_256' title='bbox 1201 1961 1308 2003; x_wconf 89' lang='lat' dir='ltr'>pena</span> <span class='ocrx_word' id='word_1_257' title='bbox 1339 1948 1572 1991; x_wconf 85' lang='lat' dir='ltr'>amissionis</span> <span class='ocrx_word' id='word_1_258' title='bbox 1603 1948 1844 1991; x_wconf 88' lang='lat' dir='ltr'>hereditatis</span> 
     </span>
     <span class='ocr_line' id='line_1_27' title="bbox 171 2019 1843 2075; baseline 0.001 -14"><span class='ocrx_word' id='word_1_259' title='bbox 171 2023 239 2061; x_wconf 89' lang='lat' dir='ltr'>tue</span> <span class='ocrx_word' id='word_1_260' title='bbox 270 2019 387 2072; x_wconf 89' lang='lat' dir='ltr'>nolo,</span> <span class='ocrx_word' id='word_1_261' title='bbox 428 2023 475 2061; x_wconf 92' lang='lat' dir='ltr'>ut</span> <span class='ocrx_word' id='word_1_262' title='bbox 513 2033 601 2061; x_wconf 89' lang='lat' dir='ltr'>eam</span> <span class='ocrx_word' id='word_1_263' title='bbox 636 2020 679 2061; x_wconf 92' lang='lat' dir='ltr'>in</span> <span class='ocrx_word' id='word_1_264' title='bbox 711 2034 880 2062; x_wconf 77' lang='lat' dir='ltr'>uxorem</span> <span class='ocrx_word' id='word_1_265' title='bbox 915 2020 1051 2061; x_wconf 89' lang='lat' dir='ltr'>ducas.</span> <span class='ocrx_word' id='word_1_266' title='bbox 1105 2019 1179 2061; x_wconf 91' lang='lat' dir='ltr'>Ait</span> <span class='ocrx_word' id='word_1_267' title='bbox 1207 2019 1297 2061; x_wconf 91' lang='lat' dir='ltr'>ille:</span> <span class='ocrx_word' id='word_1_268' title='bbox 1337 2019 1369 2060; x_wconf 94' lang='grc' dir='ltr'><strong>Ο</strong></span> <span class='ocrx_word' id='word_1_269' title='bbox 1402 2023 1540 2075; x_wconf 90' lang='lat' dir='ltr'>pater,</span> <span class='ocrx_word' id='word_1_270' title='bbox 1581 2020 1679 2074; x_wconf 92' lang='lat' dir='ltr'>quid</span> <span class='ocrx_word' id='word_1_271' title='bbox 1717 2019 1843 2063; x_wconf 85' lang='lat' dir='ltr'>dicis?</span> 
     </span>
     <span class='ocr_line' id='line_1_28' title="bbox 170 2090 1846 2146; baseline 0.001 -14"><span class='ocrx_word' id='word_1_272' title='bbox 170 2090 268 2132; x_wconf 90' lang='lat' dir='ltr'>Plus</span> <span class='ocrx_word' id='word_1_273' title='bbox 302 2090 338 2132; x_wconf 89' lang='lat' dir='ltr'>ei</span> <span class='ocrx_word' id='word_1_274' title='bbox 369 2094 523 2143; x_wconf 89' lang='lat' dir='ltr'>teneor,</span> <span class='ocrx_word' id='word_1_275' title='bbox 557 2104 678 2145; x_wconf 86' lang='lat' dir='ltr'>quam</span> <span class='ocrx_word' id='word_1_276' title='bbox 710 2091 798 2133; x_wconf 90' lang='lat' dir='ltr'>tibi.</span> <span class='ocrx_word' id='word_1_277' title='bbox 846 2091 1014 2141; x_wconf 82' lang='lat' dir='ltr'>Quando</span> <span class='ocrx_word' id='word_1_278' title='bbox 1046 2094 1190 2146; x_wconf 86' lang='lat' dir='ltr'>captus</span> <span class='ocrx_word' id='word_1_279' title='bbox 1224 2104 1334 2133; x_wconf 87' lang='lat' dir='ltr'>eram</span> <span class='ocrx_word' id='word_1_280' title='bbox 1367 2093 1410 2132; x_wconf 92' lang='lat' dir='ltr'>in</span> <span class='ocrx_word' id='word_1_281' title='bbox 1440 2104 1586 2133; x_wconf 89' lang='lat' dir='ltr'>manus</span> <span class='ocrx_word' id='word_1_282' title='bbox 1617 2091 1775 2134; x_wconf 89' lang='lat' dir='ltr'>inimici</span> <span class='ocrx_word' id='word_1_283' title='bbox 1805 2095 1846 2134; x_wconf 90' lang='lat' dir='ltr'>et</span> 
     </span>
     <span class='ocr_line' id='line_1_29' title="bbox 170 2161 1845 2218; baseline 0.001 -15"><span class='ocrx_word' id='word_1_284' title='bbox 170 2162 332 2204; x_wconf 83' lang='lat' dir='ltr'>fortiter</span> <span class='ocrx_word' id='word_1_285' title='bbox 365 2161 616 2215; x_wconf 85' lang='lat' dir='ltr'>vinculatus,</span> <span class='ocrx_word' id='word_1_286' title='bbox 648 2162 724 2204; x_wconf 89' lang='lat' dir='ltr'>tibi</span> <span class='ocrx_word' id='word_1_287' title='bbox 758 2176 832 2218; x_wconf 90' lang='lat' dir='ltr'>pro</span> <span class='ocrx_word' id='word_1_288' title='bbox 864 2176 956 2205; x_wconf 89' lang='lat' dir='ltr'>mea</span> <span class='ocrx_word' id='word_1_289' title='bbox 987 2163 1276 2218; x_wconf 89' lang='lat' dir='ltr'>redempcione</span> <span class='ocrx_word' id='word_1_290' title='bbox 1307 2162 1477 2218; x_wconf 86' lang='lat' dir='ltr'>scripsi,</span> <span class='ocrx_word' id='word_1_291' title='bbox 1510 2166 1551 2205; x_wconf 92' lang='lat' dir='ltr'>et</span> <span class='ocrx_word' id='word_1_292' title='bbox 1579 2162 1749 2205; x_wconf 90' lang='lat' dir='ltr'>noluisti</span> <span class='ocrx_word' id='word_1_293' title='bbox 1779 2176 1845 2206; x_wconf 92' lang='lat' dir='ltr'>me</span> 
     </span>
     <span class='ocr_line' id='line_1_30' title="bbox 173 2232 1845 2289; baseline 0.001 -15"><span class='ocrx_word' id='word_1_294' title='bbox 173 2233 390 2275; x_wconf 87' lang='lat' dir='ltr'>redimere.</span> <span class='ocrx_word' id='word_1_295' title='bbox 443 2232 535 2288; x_wconf 85' lang='lat' dir='ltr'>Ipsa</span> <span class='ocrx_word' id='word_1_296' title='bbox 569 2247 662 2275; x_wconf 82' lang='lat' dir='ltr'>vero</span> <span class='ocrx_word' id='word_1_297' title='bbox 694 2247 776 2275; x_wconf 89' lang='lat' dir='ltr'>nou</span> <span class='ocrx_word' id='word_1_298' title='bbox 808 2238 967 2276; x_wconf 84' lang='lat' dir='ltr'>tantum</span> <span class='ocrx_word' id='word_1_299' title='bbox 1000 2248 1023 2275; x_wconf 84' lang='grc'>3</span> <span class='ocrx_word' id='word_1_300' title='bbox 1055 2247 1230 2288; x_wconf 83' lang='lat' dir='ltr'>carcere,</span> <span class='ocrx_word' id='word_1_301' title='bbox 1265 2234 1336 2276; x_wconf 86' lang='lat' dir='ltr'>sed</span> <span class='ocrx_word' id='word_1_302' title='bbox 1366 2247 1389 2276; x_wconf 85' lang='lat' dir='ltr'>a</span> <span class='ocrx_word' id='word_1_303' title='bbox 1409 2233 1591 2289; x_wconf 88' lang='lat' dir='ltr'>periculo</span> <span class='ocrx_word' id='word_1_304' title='bbox 1613 2234 1758 2277; x_wconf 90' lang='lat' dir='ltr'>mortis</span> <span class='ocrx_word' id='word_1_305' title='bbox 1778 2247 1845 2276; x_wconf 90' lang='lat' dir='ltr'>me</span> 
     </span>
     <span class='ocr_line' id='line_1_31' title="bbox 101 2304 1843 2362; baseline 0.001 -14"><span class='ocrx_word' id='word_1_306' title='bbox 101 2314 146 2348; x_wconf 86' lang='lat'>30</span> <span class='ocrx_word' id='word_1_307' title='bbox 172 2304 383 2354; x_wconf 80' lang='lat' dir='ltr'>liberavit;</span> <span class='ocrx_word' id='word_1_308' title='bbox 414 2304 506 2345; x_wconf 89' lang='lat' dir='ltr'>ideo</span> <span class='ocrx_word' id='word_1_309' title='bbox 530 2317 619 2346; x_wconf 89' lang='lat' dir='ltr'>eam</span> <span class='ocrx_word' id='word_1_310' title='bbox 640 2305 683 2347; x_wconf 93' lang='lat' dir='ltr'>in</span> <span class='ocrx_word' id='word_1_311' title='bbox 705 2319 875 2348; x_wconf 80' lang='lat' dir='ltr'>uxorem</span> <span class='ocrx_word' id='word_1_312' title='bbox 898 2306 1045 2348; x_wconf 87' lang='lat' dir='ltr'>ducere</span> <span class='ocrx_word' id='word_1_313' title='bbox 1066 2305 1172 2347; x_wconf 90' lang='lat' dir='ltr'>volo.</span> <span class='ocrx_word' id='word_1_314' title='bbox 1216 2305 1289 2347; x_wconf 91' lang='lat' dir='ltr'>Ait</span> <span class='ocrx_word' id='word_1_315' title='bbox 1312 2309 1448 2361; x_wconf 86' lang='lat' dir='ltr'>pater:</span> <span class='ocrx_word' id='word_1_316' title='bbox 1479 2305 1572 2359; x_wconf 91' lang='lat' dir='ltr'>Fili,</span> <span class='ocrx_word' id='word_1_317' title='bbox 1604 2306 1732 2362; x_wconf 89' lang='lat' dir='ltr'>probo</span> <span class='ocrx_word' id='word_1_318' title='bbox 1753 2306 1843 2360; x_wconf 88' lang='lat' dir='ltr'>tibi,</span> 
     </span>
     <span class='ocr_line' id='line_1_32' title="bbox 172 2376 1844 2432; baseline 0.002 -16"><span class='ocrx_word' id='word_1_319' title='bbox 172 2376 279 2430; x_wconf 85' lang='lat' dir='ltr'>quod</span> <span class='ocrx_word' id='word_1_320' title='bbox 312 2388 394 2416; x_wconf 92' lang='lat' dir='ltr'>non</span> <span class='ocrx_word' id='word_1_321' title='bbox 425 2376 558 2430; x_wconf 86' lang='lat' dir='ltr'>possis</span> <span class='ocrx_word' id='word_1_322' title='bbox 589 2377 631 2417; x_wconf 88' lang='lat' dir='ltr'>in</span> <span class='ocrx_word' id='word_1_323' title='bbox 664 2390 753 2418; x_wconf 87' lang='lat' dir='ltr'>eam</span> <span class='ocrx_word' id='word_1_324' title='bbox 787 2376 1009 2431; x_wconf 84' lang='lat' dir='ltr'>confidere,</span> <span class='ocrx_word' id='word_1_325' title='bbox 1050 2380 1089 2419; x_wconf 90' lang='lat' dir='ltr'>et</span> <span class='ocrx_word' id='word_1_326' title='bbox 1121 2390 1194 2432; x_wconf 91' lang='lat' dir='ltr'>per</span> <span class='ocrx_word' id='word_1_327' title='bbox 1224 2390 1476 2431; x_wconf 88' lang='lat' dir='ltr'>consequens</span> <span class='ocrx_word' id='word_1_328' title='bbox 1507 2376 1620 2419; x_wconf 88' lang='lat' dir='ltr'>nullo</span> <span class='ocrx_word' id='word_1_329' title='bbox 1650 2377 1771 2419; x_wconf 91' lang='lat' dir='ltr'>modo</span> <span class='ocrx_word' id='word_1_330' title='bbox 1801 2377 1844 2419; x_wconf 90' lang='lat' dir='ltr'>in</span> 
     </span>
     <span class='ocr_line' id='line_1_33' title="bbox 171 2446 1845 2504; baseline 0.002 -17"><span class='ocrx_word' id='word_1_331' title='bbox 171 2460 342 2488; x_wconf 82' lang='lat' dir='ltr'>uxorem</span> <span class='ocrx_word' id='word_1_332' title='bbox 376 2446 534 2488; x_wconf 87' lang='lat' dir='ltr'>ducere.</span> <span class='ocrx_word' id='word_1_333' title='bbox 582 2446 746 2490; x_wconf 86' lang='lat' dir='ltr'>Patrem</span> <span class='ocrx_word' id='word_1_334' title='bbox 779 2449 993 2504; x_wconf 87' lang='lat' dir='ltr'>proprium</span> <span class='ocrx_word' id='word_1_335' title='bbox 1025 2448 1209 2504; x_wconf 86' lang='lat' dir='ltr'>decepit,</span> <span class='ocrx_word' id='word_1_336' title='bbox 1243 2448 1404 2503; x_wconf 87' lang='lat' dir='ltr'>quando</span> <span class='ocrx_word' id='word_1_337' title='bbox 1435 2449 1526 2504; x_wconf 89' lang='lat' dir='ltr'>ipso</span> <span class='ocrx_word' id='word_1_338' title='bbox 1558 2449 1774 2502; x_wconf 87' lang='lat' dir='ltr'>ignorante</span> <span class='ocrx_word' id='word_1_339' title='bbox 1804 2453 1845 2491; x_wconf 90' lang='lat' dir='ltr'>te</span> 
     </span>
    </p>

    <p class='ocr_par' dir='ltr' id='par_1_6' title="bbox 105 2517 1884 3004">
     <span class='ocr_line' id='line_1_34' title="bbox 173 2517 1884 2576; baseline -0.001 -16"><span class='ocrx_word' id='word_1_340' title='bbox 173 2532 195 2560; x_wconf 87' lang='lat' dir='ltr'>a</span> <span class='ocrx_word' id='word_1_341' title='bbox 234 2530 397 2560; x_wconf 89' lang='lat' dir='ltr'>carcere</span> <span class='ocrx_word' id='word_1_342' title='bbox 436 2517 641 2560; x_wconf 85' lang='lat' dir='ltr'>liberavit.</span> <span class='ocrx_word' id='word_1_343' title='bbox 693 2519 771 2561; x_wconf 91' lang='lat' dir='ltr'>Pro</span> <span class='ocrx_word' id='word_1_344' title='bbox 811 2533 891 2574; x_wconf 85' lang='lat' dir='ltr'>qua</span> <span class='ocrx_word' id='word_1_345' title='bbox 928 2520 1176 2562; x_wconf 87' lang='lat' dir='ltr'>liberacione</span> <span class='ocrx_word' id='word_1_346' title='bbox 1215 2523 1332 2575; x_wconf 88' lang='lat' dir='ltr'>pater</span> <span class='ocrx_word' id='word_1_347' title='bbox 1372 2520 1458 2574; x_wconf 89' lang='lat' dir='ltr'>ejus</span> <span class='ocrx_word' id='word_1_348' title='bbox 1489 2519 1620 2562; x_wconf 85' lang='lat' dir='ltr'>multa</span> <span class='ocrx_word' id='word_1_349' title='bbox 1651 2520 1843 2576; x_wconf 88' lang='lat' dir='ltr'>perdidit,</span> <span class='ocrx_word' id='word_1_350' title='bbox 1877 2554 1884 2558; x_wconf 55' lang='lat'>.</span> 
     </span>
     <span class='ocr_line' id='line_1_35' title="bbox 176 2590 1844 2646; baseline 0.002 -16"><span class='ocrx_word' id='word_1_351' title='bbox 176 2602 253 2644; x_wconf 89' lang='lat' dir='ltr'>que</span> <span class='ocrx_word' id='word_1_352' title='bbox 284 2602 358 2644; x_wconf 89' lang='lat' dir='ltr'>pro</span> <span class='ocrx_word' id='word_1_353' title='bbox 390 2593 461 2631; x_wconf 88' lang='lat' dir='ltr'>tua</span> <span class='ocrx_word' id='word_1_354' title='bbox 491 2590 778 2646; x_wconf 89' lang='lat' dir='ltr'>redempcione</span> <span class='ocrx_word' id='word_1_355' title='bbox 806 2591 1027 2633; x_wconf 88' lang='lat' dir='ltr'>habuisset.</span> <span class='ocrx_word' id='word_1_356' title='bbox 1075 2591 1185 2644; x_wconf 86' lang='lat' dir='ltr'>Ergo</span> <span class='ocrx_word' id='word_1_357' title='bbox 1207 2591 1381 2644; x_wconf 81' lang='lat' dir='ltr'>videtur,</span> <span class='ocrx_word' id='word_1_358' title='bbox 1414 2591 1522 2645; x_wconf 90' lang='lat' dir='ltr'>quod</span> <span class='ocrx_word' id='word_1_359' title='bbox 1543 2594 1587 2633; x_wconf 90' lang='lat' dir='ltr'>tu</span> <span class='ocrx_word' id='word_1_360' title='bbox 1608 2605 1690 2634; x_wconf 89' lang='lat' dir='ltr'>non</span> <span class='ocrx_word' id='word_1_361' title='bbox 1711 2592 1844 2646; x_wconf 87' lang='lat' dir='ltr'>possis</span> 
     </span>
     <span class='ocr_line' id='line_1_36' title="bbox 105 2660 1843 2717; baseline 0.001 -14"><span class='ocrx_word' id='word_1_362' title='bbox 105 2661 217 2703; x_wconf 81' lang='grc'>35111</span> <span class='ocrx_word' id='word_1_363' title='bbox 250 2674 339 2702; x_wconf 87' lang='lat' dir='ltr'>eam</span> <span class='ocrx_word' id='word_1_364' title='bbox 373 2660 574 2703; x_wconf 89' lang='lat' dir='ltr'>confidere</span> <span class='ocrx_word' id='word_1_365' title='bbox 613 2665 652 2703; x_wconf 89' lang='lat' dir='ltr'>et</span> <span class='ocrx_word' id='word_1_366' title='bbox 690 2675 763 2716; x_wconf 87' lang='lat' dir='ltr'>per</span> <span class='ocrx_word' id='word_1_367' title='bbox 801 2675 1052 2717; x_wconf 87' lang='lat' dir='ltr'>consequens</span> <span class='ocrx_word' id='word_1_368' title='bbox 1092 2662 1203 2704; x_wconf 91' lang='lat' dir='ltr'>nullo</span> <span class='ocrx_word' id='word_1_369' title='bbox 1241 2662 1360 2704; x_wconf 90' lang='lat' dir='ltr'>modo</span> <span class='ocrx_word' id='word_1_370' title='bbox 1399 2662 1442 2703; x_wconf 91' lang='lat' dir='ltr'>in</span> <span class='ocrx_word' id='word_1_371' title='bbox 1480 2675 1651 2704; x_wconf 77' lang='lat' dir='ltr'>uxorem</span> <span class='ocrx_word' id='word_1_372' title='bbox 1683 2663 1843 2705; x_wconf 90' lang='lat' dir='ltr'>ducere.</span> 
     </span>
     <span class='ocr_line' id='line_1_37' title="bbox 175 2731 1844 2788; baseline 0.002 -16"><span class='ocrx_word' id='word_1_373' title='bbox 175 2731 278 2773; x_wconf 89' lang='lat' dir='ltr'>Item</span> <span class='ocrx_word' id='word_1_374' title='bbox 311 2731 392 2773; x_wconf 86' lang='lat' dir='ltr'>alia</span> <span class='ocrx_word' id='word_1_375' title='bbox 421 2733 532 2774; x_wconf 84' lang='lat' dir='ltr'>racio</span> <span class='ocrx_word' id='word_1_376' title='bbox 565 2737 638 2775; x_wconf 90' lang='lat' dir='ltr'>est.</span> <span class='ocrx_word' id='word_1_377' title='bbox 691 2732 774 2775; x_wconf 87' lang='lat' dir='ltr'>Ista</span> <span class='ocrx_word' id='word_1_378' title='bbox 803 2733 900 2775; x_wconf 88' lang='lat' dir='ltr'>licet</span> <span class='ocrx_word' id='word_1_379' title='bbox 931 2738 970 2776; x_wconf 91' lang='lat' dir='ltr'>te</span> <span class='ocrx_word' id='word_1_380' title='bbox 1008 2734 1218 2787; x_wconf 74' lang='lat' dir='ltr'>liberavit,</span> <span class='ocrx_word' id='word_1_381' title='bbox 1258 2733 1334 2775; x_wconf 91' lang='grc'>1106</span> <span class='ocrx_word' id='word_1_382' title='bbox 1370 2733 1449 2775; x_wconf 85' lang='lat' dir='ltr'>fuit</span> <span class='ocrx_word' id='word_1_383' title='bbox 1486 2746 1609 2776; x_wconf 89' lang='lat' dir='ltr'>causa</span> <span class='ocrx_word' id='word_1_384' title='bbox 1646 2734 1844 2788; x_wconf 86' lang='lat' dir='ltr'>libidinis,</span> 
     </span>
     <span class='ocr_line' id='line_1_38' title="bbox 176 2804 1846 2860; baseline 0.001 -16"><span class='ocrx_word' id='word_1_385' title='bbox 176 2806 220 2844; x_wconf 93' lang='lat' dir='ltr'>ut</span> <span class='ocrx_word' id='word_1_386' title='bbox 250 2807 389 2857; x_wconf 86' lang='lat' dir='ltr'>posset</span> <span class='ocrx_word' id='word_1_387' title='bbox 428 2808 468 2846; x_wconf 90' lang='lat' dir='ltr'>te</span> <span class='ocrx_word' id='word_1_388' title='bbox 505 2805 548 2846; x_wconf 87' lang='lat' dir='ltr'>in</span> <span class='ocrx_word' id='word_1_389' title='bbox 580 2804 714 2846; x_wconf 82' lang='lat' dir='ltr'>virum</span> <span class='ocrx_word' id='word_1_390' title='bbox 752 2804 921 2858; x_wconf 88' lang='lat' dir='ltr'>habere,</span> <span class='ocrx_word' id='word_1_391' title='bbox 963 2808 1003 2847; x_wconf 91' lang='lat' dir='ltr'>et</span> <span class='ocrx_word' id='word_1_392' title='bbox 1038 2805 1130 2847; x_wconf 91' lang='lat' dir='ltr'>ideo</span> <span class='ocrx_word' id='word_1_393' title='bbox 1172 2805 1268 2860; x_wconf 88' lang='lat' dir='ltr'>quia</span> <span class='ocrx_word' id='word_1_394' title='bbox 1306 2804 1390 2858; x_wconf 85' lang='lat' dir='ltr'>ejus</span> <span class='ocrx_word' id='word_1_395' title='bbox 1430 2804 1556 2846; x_wconf 92' lang='lat' dir='ltr'>libido</span> <span class='ocrx_word' id='word_1_396' title='bbox 1595 2808 1683 2847; x_wconf 89' lang='lat' dir='ltr'>erat</span> <span class='ocrx_word' id='word_1_397' title='bbox 1721 2817 1846 2847; x_wconf 88' lang='lat' dir='ltr'>causa</span> 
     </span>
     <span class='ocr_line' id='line_1_39' title="bbox 175 2872 1844 2931; baseline 0.002 -17"><span class='ocrx_word' id='word_1_398' title='bbox 175 2872 434 2915; x_wconf 84' lang='lat' dir='ltr'>liberacionis</span> <span class='ocrx_word' id='word_1_399' title='bbox 460 2879 541 2928; x_wconf 91' lang='lat' dir='ltr'>tue,</span> <span class='ocrx_word' id='word_1_400' title='bbox 574 2889 654 2917; x_wconf 89' lang='lat' dir='ltr'>non</span> <span class='ocrx_word' id='word_1_401' title='bbox 677 2875 800 2917; x_wconf 89' lang='lat' dir='ltr'>michi</span> <span class='ocrx_word' id='word_1_402' title='bbox 822 2876 996 2930; x_wconf 86' lang='lat' dir='ltr'>videtur,</span> <span class='ocrx_word' id='word_1_403' title='bbox 1030 2877 1136 2931; x_wconf 87' lang='lat' dir='ltr'>quod</span> <span class='ocrx_word' id='word_1_404' title='bbox 1159 2890 1261 2918; x_wconf 77' lang='lat' dir='ltr'>uxor</span> <span class='ocrx_word' id='word_1_405' title='bbox 1282 2880 1354 2919; x_wconf 90' lang='lat' dir='ltr'>tua</span> <span class='ocrx_word' id='word_1_406' title='bbox 1376 2876 1464 2918; x_wconf 91' lang='lat' dir='ltr'>erit.</span> <span class='ocrx_word' id='word_1_407' title='bbox 1512 2875 1654 2920; x_wconf 89' lang='lat' dir='ltr'>Puella</span> <span class='ocrx_word' id='word_1_408' title='bbox 1675 2876 1844 2919; x_wconf 90' lang='lat' dir='ltr'>audiens</span> 
     </span>
     <span class='ocr_line' id='line_1_40' title="bbox 176 2946 1844 3004; baseline 0.002 -15"><span class='ocrx_word' id='word_1_409' title='bbox 176 2946 277 2989; x_wconf 86' lang='lat' dir='ltr'>istas</span> <span class='ocrx_word' id='word_1_410' title='bbox 315 2947 500 2990; x_wconf 87' lang='lat' dir='ltr'>raciones</span> <span class='ocrx_word' id='word_1_411' title='bbox 540 2947 616 2989; x_wconf 83' lang='lat' dir='ltr'>ait:</span> <span class='ocrx_word' id='word_1_412' title='bbox 655 2946 720 2989; x_wconf 89' lang='lat' dir='ltr'>Ad</span> <span class='ocrx_word' id='word_1_413' title='bbox 757 2947 934 3002; x_wconf 87' lang='lat' dir='ltr'>primam</span> <span class='ocrx_word' id='word_1_414' title='bbox 973 2948 1221 3003; x_wconf 83' lang='lat' dir='ltr'>respondeo,</span> <span class='ocrx_word' id='word_1_415' title='bbox 1264 2948 1425 3004; x_wconf 89' lang='lat' dir='ltr'>quando</span> <span class='ocrx_word' id='word_1_416' title='bbox 1464 2948 1588 3003; x_wconf 86' lang='lat' dir='ltr'>dicis,</span> <span class='ocrx_word' id='word_1_417' title='bbox 1631 2949 1738 3004; x_wconf 88' lang='lat' dir='ltr'>quod</span> <span class='ocrx_word' id='word_1_418' title='bbox 1770 2962 1844 3003; x_wconf 86' lang='lat' dir='ltr'>ego</span> 
     </span>
    </p>
   </div>
  </div>
 </body>
</html>
