1919 3131
874 51 929 92 47

456 188 505 223 X.
549 186 639 223 eod.
660 188 906 234 Guelferbyt.
925 189 1143 225 Helinstud.
1163 189 1251 234 358,
1279 190 1348 224 sol.

528 259 580 294 Bl.
600 261 695 294 2153)
711 280 752 285 —
769 262 878 296 25υὸ.
920 261 1000 296 XV.
1021 260 1073 306 jh.
1116 263 1182 295 102
1201 272 1278 305 cap.

175 354 453 397 Romanorum
488 356 689 410 quaedam
725 361 842 410 gesta
874 356 1128 399 moralisata.
1177 357 1233 399 Et
1264 358 1398 413 primo

57 436 120 481 De
152 438 311 492 virgine
343 438 522 494 quadam
555 439 735 493 quinque
768 439 1008 482 custodibus
1041 440 1264 482 commissa
1295 445 1371 483 ete.
1421 440 1644 495 Pompejus
1677 454 1749 482 rex

62 1870 128 1912 10.

62 2014 129 2055 11.

63 2155 130 2198 12.

64 2298 130 2341 13.

65 2441 131 2483 14.

65 2583 131 2624 15.

66 2725 131 2766 16.

68 2866 133 2908 17.

174 509 301 552 dives.
354 510 570 559 (Entffihrt
610 510 692 552 und
732 510 990 562 beschenkt.)
1047 511 1116 553 lat.
1145 513 1180 553 1.
1241 511 1325 553 Vor
1362 511 1434 553 der
1467 511 1650 554 moralis.
1685 512 1750 554 die

174 581 363 623 variante
394 594 474 623 von
514 581 584 623 lat.
613 582 665 622 :27
702 582 941 636 angefiihrt,
984 583 1095 625 dann
1139 583 1241 624 zwei
1282 582 1643 637 moralisatimoen,
1685 583 1751 626 die

175 652 321 695 zweite
354 667 404 694 zu
431 653 550 707 jener
583 653 781 696 variante.

175 723 238 766 De
268 728 392 780 raptu
422 724 597 767 duarum
629 725 850 768 mulierum
884 730 959 768 etc.
1010 724 1137 768 Cesar
1168 725 1338 780 quidam
1371 725 1518 767 statuit
1549 725 1747 781 prolege.

175 795 302 846 (Zwei
333 796 477 838 frauen
510 796 725 848 entfsihrt.)
774 796 844 838 lat.
871 798 911 838 4.

173 866 237 909 De
259 871 392 909 matre
415 866 594 909 alienum
617 867 747 910 filium
780 873 826 910 ut
856 868 1074 924 proprium
1107 871 1183 910 ete.
1231 867 1418 923 Pypinus
1441 881 1513 910 rex
1537 867 1586 910 de
1609 881 1748 910 uxore.

176 937 403 989 (Stiefkind
436 938 519 980 und
551 938 795 991 leibliehes.)
847 939 917 982 lat.
946 940 1042 981 116.

171 1009 233 1052 De
265 1009 515 1053 confidentia
547 1011 751 1064 quomodo
785 1011 931 1054 salvat.
982 1009 1217 1064 Gorgonius
1243 1024 1315 1052 rex
1350 1010 1400 1052 de
1432 1010 1570 1066 prima
1602 1023 1744 1052 uxore.

175 1081 318 1132 (Vater
350 1080 498 1134 heilen,
533 1085 687 1124 mutter
718 1082 863 1134 nieht.)
911 1082 983 1125 lat.
1012 1082 1108 1124 112.

174 1152 237 1195 De
270 1152 480 1207 judicibus
513 1157 558 1195 ut
591 1154 703 1207 juste
736 1154 936 1208 judicent.
994 1152 1209 1196 cambises
1243 1166 1316 1195 rex
1350 1153 1498 1195 statuit
1537 1166 1612 1209 pro
1644 1152 1747 1207 lege.

175 1223 421 1276 (Schinden3
455 1225 532 1267 mit
564 1225 698 1277 sohn.)
747 1225 817 1267 lat.
843 1226 911 1267 29.

174 1295 237 1338 De
267 1295 479 1351 Dyogene.
535 1295 754 1351 Dyogenes
786 1310 879 1339 eum
913 1295 1053 1338 omnia
1085 1309 1226 1338 amore
1259 1295 1386 1338 studii
1419 1295 1591 1346 (omnia)
1624 1294 1751 1338 relin-

150 1367 343 1424 quisset.
393 1367 617 1422 (Diogenes
650 1368 733 1410 und
765 1368 1037 1418 Alexander.)
1086 1367 1158 1409 lat.
1187 1367 1255 1409 15.

117 1472 126 1481 .
174 1438 238 1482 De
271 1443 447 1494 quatuor
472 1439 566 1481 filiis
600 1439 747 1494 quibus
780 1443 957 1495 quatuor
989 1452 1143 1494 genera
1175 1442 1251 1482 eto.
1300 1438 1389 1481 Rex
1421 1438 1588 1493 quidam
1623 1437 1751 1480 dives.

175 1509 437 1562 (Sohiessen.)
485 1510 556 1553 lat.
581 1512 652 1552 45.

174 1581 238 1625 De
268 1582 386 1625 fabro
419 1583 533 1637 justo
573 1586 613 1626 et
651 1583 739 1637 ejus
780 1581 961 1625 denariis
1005 1585 1109 1625 octo.
1164 1580 1364 1636 Virgilius
1405 1580 1458 1623 ad
1496 1580 1753 1623 instantiam.

177 1653 354 1706 (Foeas.)
401 1653 472 1697 lat.
497 1655 566 1696 57.

176 1725 239 1769 De
270 1725 491 1782 Epykegia
523 1739 628 1781 quae
660 1726 714 1768 sit
747 1725 878 1768 virtus
911 1725 1113 1768 directiva
1149 1728 1225 1767 eto.
1283 1723 1441 1767 Seneca
1470 1728 1627 1766 narrat.
1685 1722 1755 1774 (In

176 1796 323 1841 waffen
357 1797 594 1852 begraben.)
641 1796 712 1839 lat.
740 1797 837 1839 134.

174 1868 240 1913 De
270 1869 428 1912 duobus
462 1869 607 1912 amieis
640 1882 814 1924 quorum
846 1882 953 1911 unus
987 1870 1077 1910 erat
1097 1867 1264 1924 sapiens
1289 1870 1364 1910 etc.
1414 1865 1549 1909 Erant
1573 1866 1652 1908 duo
1676 1865 1754 1907 mi-

144 1941 285 1984 ‘lites
332 1940 508 1994 (Weiser
538 1940 643 1995 folgt
674 1940 768 1983 dem
800 1941 983 1992 narren.)
1030 1939 1102 1981 lat.
1128 1939 1197 1981 67.

177 2012 240 2056 De
265 2013 419 2068 juvene
439 2013 696 2055 incarcerato
730 2015 770 2054 et
799 2025 875 2068 per
895 2011 1099 2066 virginem
1131 2009 1306 2053 liberato
1329 2012 1405 2052 eto.
1455 2008 1542 2052 Rex
1568 2007 1750 2063 quidam.

177 2083 550 2136 (Raubertochter.)
597 2084 668 2126 lat.
694 2083 733 2125 5.

176 2154 240 2198 De
270 2155 404 2199 tribus
435 2155 687 2209 imaginibus
720 2169 794 2210 per
816 2168 919 2210 quas
950 2154 1033 2197 tria
1057 2167 1210 2209 genera
1243 2156 1318 2195 ete.
1367 2152 1455 2194 Rex
1488 2151 1656 2206 quidam
1688 2149 1752 2193 leo

178 2227 326 2270 dictus.
373 2226 563 2278 (Statuen
595 2225 840 2278 bestehlen.)
886 2225 958 2268 lat.
985 2226 1023 2268 8.

177 2298 241 2341 De
278 2298 433 2342 honore
472 2302 705 2354 parentum.
762 2296 998 2340 Dorotheus
1036 2310 1111 2340 rex
1150 2295 1298 2338 statuit
1335 2308 1410 2350 pro
1451 2293 1554 2348 lege.
1611 2292 1755 2345 (Vater

180 2369 279 2412 oder
309 2374 464 2413 mutter
493 2369 662 2424 folgen.)
710 2368 782 2412 lat.
809 2370 875 2411 14.

179 2440 243 2483 De
273 2441 441 2483 luxuria
472 2445 513 2484 et
535 2445 711 2496 quatuor
733 2441 820 2495 ejus
850 2439 1122 2483 nocumentis.
1173 2436 1486 2493 Cerdanapulus
1518 2449 1605 2478 rex.
1656 2434 1755 2486 (Lu-

180 2512 315 2566 xuria,
348 2512 465 2564 bild.)
512 2526 606 2568 app.
632 2512 670 2554 8.

179 2582 243 2625 De
273 2583 443 2639 pigritia
474 2587 515 2625 et
537 2584 624 2638 ejus
647 2581 876 2638 speciebus
925 2581 1130 2636 Regnavit
1151 2580 1317 2635 quidam
1350 2592 1422 2621 rex
1447 2577 1650 2634 polemius
1682 2590 1755 2619 no-

180 2653 303 2696 mine.
353 2653 454 2705 (Der
485 2653 668 2705 faulste.)
715 2653 788 2695 lat.
812 2654 882 2694 91.

180 2724 244 2767 De
266 2724 528 2768 liberalitate.
562 2725 794 2781 Imperator
817 2723 985 2779 quidam
1007 2723 1149 2766 volens
1173 2725 1423 2765 construere.
1459 2719 1753 2775 (Sarkophag.)

181 2795 252 2838 lat.
279 2797 345 2838 16.

179 2866 243 2910 De
280 2879 405 2909 vacca
443 2866 537 2909 alba
573 2870 748 2909 cornuta
789 2870 864 2909 ete.
927 2865 1099 2920 Legitur
1138 2865 1181 2906 in
1224 2862 1375 2905 fabulis
1422 2862 1531 2917 quod
1572 2861 1753 2917 quidam.

183 2938 368 2992 (Argus.)
416 2937 487 2979 lat.
513 2939 609 2979 111.
