1954 3137
1011 49 1065 91 52

237 153 303 195 96.
353 153 415 195 De
446 153 662 195 inimicitia
682 154 851 196 duorum
875 155 1046 196 fratrum
1071 158 1144 196 etc.
1194 153 1363 208 Legitur
1384 155 1425 197 in
1448 156 1572 209 gestis
1594 168 1869 197 romanorum.

352 223 601 276 (Feindliche
632 224 812 277 briider.)
858 225 927 267 lat.
953 226 1021 267 39.

236 295 303 336 97.
350 295 411 337 De
441 309 536 349 rege
566 299 649 338 tres
681 295 786 339 filios
818 296 992 338 habente
1024 299 1097 338 etc.
1158 296 1329 346 Quidam
1363 311 1433 339 rex
1467 297 1610 339 habuit
1639 299 1723 339 tres
1753 295 1871 338 filios.

354 365 631 418 (Glassteine.)
679 381 772 423 app.
801 368 865 408 14.

235 437 302 478 98.
350 437 412 480 De
444 438 705 481 damnatione
736 438 894 493 generis
927 438 1096 481 humani
1129 441 1202 481 etc.
1265 438 1405 481 Refert
1436 438 1635 481 Valerius.
1699 437 1874 491 (Mutter

352 508 519 561 stillen.)
568 523 660 565 app.
688 511 752 551 19.

235 580 302 620 99.
351 579 412 622 De
451 580 612 636 ethiope
648 581 760 635 ligna
792 581 834 622 in
865 580 969 622 silva
999 580 1227 634 colligante.
1277 581 1452 635 Legitur
1483 581 1524 622 in
1558 581 1662 623 vitas
1693 583 1872 636 patrum.

351 650 469 704 (Drei
500 653 681 703 narsen.)
729 652 799 693 lat.
827 652 919 693 165.

209 722 302 763 100.
350 722 411 764 De
456 726 683 765 mercatore
730 723 928 765 vendente
976 723 1215 778 imperatori
1255 727 1328 766 etc.
1391 722 1656 764 Domicianus
1694 721 1874 778 prudens

350 794 480 836 valde.
530 794 646 846 (Drei
677 795 913 837 weisheiten
946 794 1201 846 verkaufen.)
1247 794 1316 837 lat.
1345 795 1438 835 103.

207 865 301 906 101.
349 865 595 907 Euschachii
627 866 713 908 vita
745 869 820 909 etc.
870 866 973 917 (Nur
1003 866 1261 919 hinweisung
1293 866 1364 907 auf
1393 865 1465 907 das
1487 864 1605 907 leben
1627 863 1729 906 nach
1755 863 1874 906 aller-

352 936 529 990 heiligen
560 937 615 978 im
649 937 882 989 Passional3
922 937 1018 980 aber
1049 936 1343 979 moralisation.
1400 935 1636 988 (Placidus.)
1681 935 1752 977 lat.
1778 935 1873 976 110.

207 1009 301 1050 102.
350 1007 411 1050 De
444 1008 697 1050 marschalco
730 1009 794 1051 cui
824 1009 1049 1064 imperator
1079 1008 1206 1050 filiam
1238 1008 1454 1050 commisit.
1504 1007 1691 1050 Valerius
1715 1010 1872 1063 potens.

351 1077 560 1131 (Stricke.)
610 1093 703 1135 app.
731 1081 795 1121 16.

558 1220 628 1255 ΧΙ.
667 1219 757 1255 Cod.
777 1218 1021 1263 Guelferbyt.
1040 1219 1255 1255 Helinstad.
1275 1219 1364 1265 693,
1389 1219 1520 1264 quart.

747 1291 791 1325 20
818 1290 862 1325 bl.
903 1291 1154 1325 1448—1453.
1191 1291 1236 1325 49
1263 1301 1339 1335 cap.

320 1386 525 1442 Incipiunt
556 1386 810 1429 moralitates
843 1400 893 1429 ex
925 1387 1049 1440 gestis
1082 1400 1357 1429 romanorum.
1408 1386 1575 1429 Stimmt
1602 1386 1643 1428 in
1667 1389 1768 1439 text,
1801 1399 1872 1427 an-

204 1457 297 1499 zahl
328 1457 411 1499 und
442 1457 694 1510 reihenfolge
725 1458 796 1501 der
827 1458 969 1501 stiicke
1002 1458 1249 1512 vollstandig
1276 1458 1352 1500 mit
1374 1457 1427 1500 ΠΙ
1449 1471 1707 1510 zusammen3
1741 1457 1872 1511 einige

206 1529 524 1582 abweichungen
555 1529 596 1570 in
631 1529 708 1571 den
740 1529 1038 1572 iiberschriften
1072 1533 1168 1583 etc.7
1205 1529 1454 1572 namentlich
1487 1529 1552 1572 die
1584 1528 1874 1582 verbesserung

206 1600 277 1642 der
309 1600 555 1643 iiberschrift
586 1613 665 1641 von
696 1613 785 1656 cap.
810 1601 885 1655 32,
924 1601 1075 1643 welche
1107 1601 1148 1642 in
1180 1601 1235 1643 ΙΙΙ
1268 1616 1318 1642 zu
1349 1614 1437 1657 cap.
1461 1601 1516 1643 33
1548 1601 1704 1655 gehort,
1736 1601 1875 1643 deutet

206 1672 278 1714 auf
304 1672 485 1715 naheren
517 1671 865 1726 zusammenhang
895 1672 972 1714 mit
1002 1672 1071 1714 IX.
1126 1671 1224 1728 Cap.
1248 1674 1323 1714 42:
1356 1672 1563 1727 Angelice.

500 1824 591 1859 XII.
631 1823 720 1860 eod.
739 1825 982 1869 Guelferbyt.
999 1825 1215 1860 Helmstad.
1235 1825 1324 1871 693,
1350 1825 1482 1869 quart.
1511 1824 1585 1871 (2.)

623 1896 666 1931 57
690 1895 737 1931 bl.
777 1896 1031 1931 1448—1453.
1069 1895 1167 1931 Ohne
1192 1897 1279 1931 titel.
1317 1897 1361 1931 80
1386 1907 1464 1941 cap.

326 1990 494 2032 Stimmt
524 1992 606 2033 fast
636 1992 883 2046 vollstandig
914 1993 990 2034 mit
1021 1992 1098 2034 den
1131 1993 1482 2048 entsprechenden
1514 1993 1685 2035 stiicken
1716 2005 1795 2034 von
1818 1991 1876 2034 IX

206 2060 389 2116 tiberem,
425 2062 551 2104 selbst
583 2063 648 2105 die
679 2063 841 2117 mange]
873 2064 915 2105 in
946 2064 1023 2106 den
1054 2064 1350 2107 iiberschriften
1384 2064 1475 2106 sind
1499 2063 1710 2107 bisweilen
1730 2063 1874 2118 gleich.

270 2145 306 2185 1.
355 2144 417 2186 De
463 2148 720 2188 tornamento
765 2149 805 2188 et
849 2146 1082 2189 hastiludio.
1146 2147 1330 2190 Adonias
1367 2148 1556 2202 regnavit
1591 2147 1705 2190 dives
1744 2146 1874 2190 valde.

355 2215 576 2269 (Turnier.)
623 2217 693 2259 lat.
721 2218 816 2259 113.

269 2287 307 2328 2.
356 2286 418 2329 De
440 2287 629 2330 basilisco
653 2292 693 2331 et
715 2288 891 2344 speculo.
931 2288 1182 2332 Allexander
1203 2290 1390 2344 regnavit
1411 2291 1480 2345 qui
1502 2290 1740 2332 dominium.
1783 2288 1877 2342 (Ba-

358 2358 503 2410 silisk.)
550 2359 620 2401 lat.
649 2361 742 2401 139.
1063 2398 1065 2400 ,
1269 2374 1278 2376 “

271 2430 309 2470 3.
357 2429 419 2471 De
441 2430 596 2472 siconia
618 2430 814 2473 adultera.
864 2431 1036 2482 Quidam
1068 2432 1185 2474 miles
1206 2432 1285 2474 fuit
1306 2432 1374 2487 qui
1395 2432 1537 2474 habuit
1558 2435 1738 2474 castrum
1757 2431 1875 2474 forte.

360 2499 596 2552 (Storchin.)
642 2501 712 2543 lat.
739 2502 804 2543 82.

273 2571 312 2612 4.
360 2571 423 2613 De
454 2571 704 2627 cercophago
736 2573 915 2615 inventO.
960 2572 1168 2616 Adrianus
1188 2574 1376 2628 regnavit
1397 2573 1509 2616 dives
1531 2573 1662 2617 valde.
1711 2573 1878 2627 (Sarko-
1912 2564 1917 2566 ’

359 2641 498 2697 phag.)
545 2641 616 2684 lat.
644 2643 708 2684 16.

273 2712 310 2753 5.
358 2712 420 2754 De
451 2713 637 2768 principe
669 2714 738 2768 qui
768 2727 849 2755 non
881 2714 1014 2769 potuit
1046 2715 1236 2757 resistere
1268 2718 1342 2757 etc.
1394 2714 1457 2757 De
1487 2715 1663 2770 quodam
1694 2715 1880 2771 principe

361 2784 418 2825 sic
449 2787 652 2826 narratur.
703 2783 836 2833 (Wein
867 2785 1098 2839 vergiften.)
1145 2786 1215 2828 lat.
1241 2786 1307 2828 88.

274 2855 311 2895 6.
358 2853 420 2896 De
452 2855 755 2898 consuetudine.
812 2855 897 2898 Rex
930 2857 1095 2910 quidam
1127 2857 1271 2900 habuit
1300 2861 1382 2900 tres
1414 2856 1532 2899 filios.
1587 2857 1704 2910 (Drei
1734 2855 1879 2911 ringe.)

362 2924 431 2967 lat.
458 2926 523 2967 89.
