1919 3157
846 61 929 103 369

55 165 226 208 dicione.
279 165 365 208 Rex
399 167 567 221 nupcias
606 167 827 209 celebravit
857 179 947 207 cum
982 179 1129 218 magna
1159 165 1458 221 solempnitate.
1511 165 1588 208 Per
1621 180 1718 220 que-

54 236 146 278 dam
180 240 367 291 tempora
397 237 523 278 vitam
556 237 761 278 duxerunt
792 237 831 278 in
865 236 999 290 quiete
1031 239 1071 277 et
1102 236 1278 278 sanitate
1308 237 1498 291 perfecta,
1530 236 1719 292 posthoc

53 320 157 348 uxor
196 306 376 349 Socratis
416 321 543 361 usque
583 308 632 348 ad
667 313 837 349 mortem
872 306 1166 348 infirmabatur.
1215 306 1298 348 Hec
1332 307 1499 349 audiens
1532 307 1718 349 Socrates

53 378 317 420 contristatus
356 383 417 418 est
465 377 602 429 valde,
650 378 852 432 quandam
901 378 1093 419 forestam
1134 377 1304 418 intravit
1342 382 1381 419 et
1418 377 1529 419 flevit
1567 392 1717 421 amare.

52 447 159 490 Dum
193 449 251 490 sic
282 453 389 490 esset
419 448 460 489 in
492 448 645 502 dolore,
678 463 748 490 rex
785 448 1020 490 Alexander
1051 449 1092 489 in
1125 448 1266 490 eadem
1298 447 1449 489 foresta
1482 449 1717 491 venabatur.
1745 458 1766 492 5

52 518 169 561 Miles
201 519 365 574 quidam
399 519 627 561 Alexandri
661 519 868 561 Socratem
903 519 1016 571 vidit,
1056 518 1106 560 ad
1137 532 1228 560 eum
1262 518 1469 573 equitabat
1502 523 1541 561 et
1573 520 1631 562 ait
1661 520 1717 562 ei:

51 589 285 643 Carissime,
318 590 431 643 cujus
463 590 582 632 homo
615 590 682 631 es?
727 590 782 632 Et
814 590 900 632 ille:
935 589 1066 631 Homo
1088 589 1182 631 talis
1205 589 1358 631 domini
1380 603 1467 631 sum
1493 603 1579 643 ego,
1613 590 1719 644 quod

51 674 193 703 servus
225 661 379 703 domini
411 662 490 702 mei
523 666 584 702 est
615 661 804 703 dominus
827 661 981 702 domini
1003 661 1075 702 tui.
1129 660 1202 701 Ait
1224 659 1359 702 miles:
1393 659 1483 702 Non
1507 664 1568 702 est
1589 662 1720 715 major

51 731 215 773 domino
248 746 338 773 meo
370 732 410 773 in
443 737 528 773 toto
561 732 731 783 muudo;
765 732 835 774 sed
868 745 918 773 ex
951 745 1029 786 quo
1062 731 1161 772 talia
1193 731 1295 772 dicis
1328 731 1472 773 ducam
1505 736 1544 773 te
1566 732 1616 773 ad
1649 732 1719 773 do-

50 803 206 844 minum
248 816 382 844 meum
421 807 461 844 et
500 803 725 857 audiemus,
767 803 857 857 quis
897 808 954 844 est
996 802 1183 843 dominus
1222 806 1337 855 tuus,
1378 802 1427 844 de
1466 815 1543 856 quo
1581 806 1643 844 tot
1681 807 1721 845 et
1747 811 1790 845 10

51 877 166 915 tanta
202 874 416 928 presumis.
471 873 572 915 Cum
611 878 748 915 autem
787 887 922 915 coram
965 887 1057 926 rege
1097 872 1332 914 Alexandro
1371 873 1515 914 ductus
1562 873 1719 928 fuisset,

51 944 108 986 ait
139 945 175 986 ei
207 958 299 986 rex:
333 943 568 997 Carissime,
602 945 692 998 quis
725 949 786 986 est
818 945 1006 986 dominus
1029 949 1136 997 tuus,
1170 943 1219 985 de
1242 957 1319 998 quo
1349 943 1447 985 talia
1465 944 1579 998 dicis,
1614 945 1721 999 quod

50 1029 191 1057 servus
232 1016 317 1069 ejus
356 1020 418 1058 est
459 1015 647 1057 dominus
686 1016 826 1057 meus?
879 1016 951 1057 Ait
989 1015 1076 1057 ille:
1116 1014 1317 1057 Dominus
1350 1027 1464 1055 meus
1503 1018 1565 1057 est
1597 1016 1719 1069 racio,

50 1099 191 1128 servus
224 1086 310 1140 ejus
333 1086 534 1139 voluntas,
567 1086 625 1127 sic
648 1091 709 1128 est
731 1100 825 1140 ergo
850 1086 955 1140 quod
980 1091 1022 1128 tu
1045 1099 1117 1141 per
1140 1084 1391 1126 voluntatem
1413 1089 1525 1127 tuam
1549 1100 1718 1140 regnum

49 1162 163 1199 tuum
197 1161 238 1199 et
269 1171 350 1199 non
383 1171 455 1212 per
487 1157 691 1199 racionem
726 1157 932 1211 hucusque
964 1156 1214 1211 gubernasti.
1261 1155 1354 1197 Ideo
1387 1170 1527 1198 servus
1565 1157 1719 1199 domini
1747 1164 1789 1198 15

49 1228 130 1270 mei
161 1227 237 1270 hoc
267 1232 330 1270 est
361 1228 549 1270 voluntas
583 1233 645 1270 est
675 1228 864 1270 dominus
900 1232 1006 1270 tuus.
1054 1227 1238 1269 Audiens
1270 1227 1343 1269 hec
1374 1226 1611 1270 Alexander
1642 1229 1719 1270 ait:

49 1297 284 1352 Carissime,
318 1299 541 1354 prudenter
573 1299 834 1354 respondisti,
869 1299 970 1341 vade
1001 1299 1043 1340 in
1076 1311 1186 1354 pace.
1234 1297 1299 1339 Ab
1328 1297 1401 1340 illa
1429 1298 1494 1340 die
1516 1300 1625 1354 cepit
1647 1313 1719 1342 rex

48 1383 218 1423 regnum
266 1384 384 1412 suum
430 1370 593 1412 racione
638 1370 866 1423 gubernare
907 1374 947 1412 et
984 1383 1065 1411 non
1107 1368 1326 1411 voluntate.
1395 1367 1583 1412 Socrates
1622 1384 1718 1412 vero

49 1440 159 1482 solus
189 1441 384 1483 forestam
417 1441 588 1482 intravit
609 1445 649 1482 et
669 1440 781 1482 flevit
804 1454 942 1482 amare
964 1454 1037 1495 pro
1067 1454 1140 1482 sua
1162 1440 1344 1493 conjuge.
1394 1438 1527 1482 Senex
1552 1440 1716 1495 quidam

48 1511 161 1554 venit
191 1511 243 1553 ad
275 1526 366 1554 eum
399 1516 439 1554 et
471 1513 547 1553 ait:
582 1511 614 1554 O
647 1512 750 1553 bone
783 1512 991 1565 magister,
1025 1511 1075 1553 ob
1108 1525 1227 1565 quam
1252 1524 1338 1552 rem
1362 1509 1558 1564 affligitur
1580 1511 1718 1553 anima
1746 1518 1790 1552 20

48 1586 138 1624 tua:
183 1582 239 1625 Et
268 1582 357 1625 ille:
390 1582 537 1624 Filiam
571 1583 678 1636 regis
711 1583 784 1624 sub
816 1582 889 1624 tali
921 1582 1158 1624 condicione
1190 1581 1448 1637 desponsavi,
1481 1581 1589 1637 quod
1619 1596 1717 1637 quo-

48 1666 220 1708 cumque
258 1658 442 1709 tempore
479 1655 570 1709 ipsa
609 1655 649 1695 in
689 1654 882 1695 societate
924 1667 1016 1695 mea
1053 1653 1266 1706 moriatur,
1306 1666 1378 1707 ego
1417 1653 1542 1695 vitam
1583 1667 1715 1696 meam

49 1725 250 1778 amittam,
283 1729 323 1767 et
348 1725 434 1779 jam
470 1725 519 1767 ad
554 1729 723 1766 mortem
758 1724 1002 1778 infirmatur,
1035 1728 1075 1766 et
1105 1724 1179 1766 hec
1211 1728 1272 1766 est
1303 1737 1426 1766 causa
1449 1724 1599 1766 doloris
1620 1725 1714 1767 mei.

49 1793 138 1850 [49]
174 1796 245 1838 Ait
275 1809 421 1838 senex:
454 1795 535 1838 Fac
566 1795 780 1837 consilium
813 1809 948 1838 meum
981 1800 1021 1838 et
1051 1799 1144 1850 post
1178 1795 1332 1836 factum
1371 1808 1453 1836 non
1492 1796 1714 1851 penitebi83

47 1879 151 1908 uxor
182 1870 254 1908 tua
285 1871 346 1909 est
377 1867 427 1909 de
459 1868 656 1921 sanguine
688 1880 853 1920 regum3
893 1880 982 1909 cum
1023 1881 1094 1908 rex
1128 1867 1309 1908 minutus
1340 1865 1478 1920 fuerit,
1510 1881 1614 1909 uxor
1645 1871 1716 1909 tua
1741 1875 1784 1909 25

47 1941 189 1993 pectus
228 1943 269 1980 et
306 1939 434 1981 ubera
464 1938 583 1980 liniat
614 1938 662 1980 de
694 1939 892 1992 sanguine
922 1938 1054 1993 patris
1086 1938 1162 1991 sui,
1202 1937 1348 1979 deinde
1378 1937 1420 1978 in
1451 1937 1532 1979 ista
1562 1938 1716 1980 foresta

46 2012 130 2050 tres
162 2008 309 2052 herbas
340 2009 538 2063 invenies,
570 2009 619 2051 de
654 2023 734 2050 una
765 2009 801 2051 ei
824 2009 1032 2064 potionem
1053 2009 1192 2062 facies,
1225 2008 1275 2050 de
1297 2007 1388 2059 aliis
1410 2008 1566 2051 duabus
1589 2023 1713 2051 unum

47 2079 315 2134 emplastrum
362 2079 526 2135 [ponas]
566 2080 635 2122 ubi
673 2079 854 2121 dolorem
887 2080 1025 2134 sentit,
1063 2083 1104 2122 et
1141 2080 1175 2122 si
1213 2079 1333 2122 istam
1374 2079 1598 2122 doctrinam
1637 2081 1713 2122 im-

47 2149 231 2205 pleverit,
271 2151 490 2193 sanitatem
530 2151 752 2205 perfectam
792 2150 984 2192 inveniet.
1042 2150 1230 2193 Socrates
1270 2151 1408 2192 omnia
1446 2150 1635 2206 implevit
1674 2155 1714 2193 et

45 2234 149 2263 uxor
181 2221 230 2264 ab
263 2223 372 2263 omni
405 2222 643 2264 infirmitate
675 2222 893 2264 convaluit.
946 2221 1031 2264 Rex
1064 2235 1159 2264 vero
1192 2235 1284 2264 cum
1308 2221 1489 2263 audisset
1510 2221 1616 2275 quod
1640 2220 1713 2263 So·
1739 2227 1784 2262 30

45 2295 178 2333 crates
209 2295 291 2334 tam
325 2293 498 2335 sollicite
529 2307 602 2348 pro
634 2292 871 2335 infirmitate
902 2292 985 2335 filie
1006 2307 1078 2334 sue
1097 2292 1324 2346 laborabat,
1357 2305 1446 2334 eum
1471 2292 1522 2334 ad
1542 2305 1713 2346 magnas

45 2361 216 2404 divicias
247 2367 288 2406 et
318 2364 492 2406 honores
524 2364 740 2419 promovit.

162 2435 431 2477 Moralisacz'o
461 2437 712 2491 precedentis
743 2436 922 2477 historie.
971 2433 1198 2488 Carissimi,
1230 2435 1309 2476 iste
1339 2447 1412 2476 rex
1444 2437 1506 2476 est
1523 2433 1712 2475 dominus

45 2508 183 2547 noster
215 2505 355 2548 Ihesus
388 2505 588 2559 Christus,
622 2505 705 2547 filia
735 2509 820 2547 tam
852 2505 1024 2560 pulchra
1055 2505 1192 2547 anima
1224 2505 1274 2547 ad
1306 2504 1371 2547 dei
1401 2504 1712 2546 similitudinem

45 2578 206 2628 creata3
244 2576 366 2619 istam
400 2576 577 2632 puellam
610 2590 689 2618 non
728 2576 844 2618 diviti
877 2575 948 2617 sed
980 2575 1152 2630 pauperi
1184 2575 1342 2618 Socrati
1374 2575 1529 2618 scilicet
1558 2574 1711 2616 homini
1737 2582 1782 2617 35

46 2645 170 2688 dedit.
217 2646 308 2689 Job.
349 2648 504 2703 primo:
552 2647 694 2689 Nudus
727 2660 914 2700 egressus
955 2660 1044 2688 sum
1087 2646 1137 2688 de
1176 2651 1292 2688 utero
1334 2646 1477 2688 matris
1515 2658 1604 2687 mee
1635 2649 1709 2687 etc.

47 2715 127 2759 Sed
164 2718 366 2760 carissimi
405 2719 508 2761 scire
548 2717 718 2771 debetis,
755 2717 860 2772 quod
902 2717 976 2759 sub
1008 2716 1080 2758 tali
1112 2717 1350 2759 condicione
1381 2716 1494 2758 dedit
1523 2715 1712 2757 dominus

45 2791 184 2830 noster
215 2787 354 2831 Ihesus
383 2788 569 2832 Christus
602 2788 755 2829 homini
789 2788 989 2840 animam,
1021 2791 1066 2828 ut
1096 2788 1131 2829 si
1162 2788 1204 2829 in
1237 2788 1322 2842 ejus
1354 2787 1548 2829 societate
1581 2799 1712 2828 more-

45 2861 171 2912 retur,
204 2872 277 2914 per
308 2864 519 2915 peccatum
553 2858 726 2900 mortale
757 2859 883 2900 vitam
916 2862 1029 2899 tuam
1061 2857 1217 2900 scilicet
1238 2862 1419 2900 eternam
1443 2857 1618 2899 amittes.
1668 2855 1711 2899 Si

47 2940 142 2983 ergo
173 2930 310 2972 anima
340 2934 411 2972 tua
440 2931 483 2972 in
514 2929 795 2972 infirmitatem
827 2942 900 2984 per
932 2931 1144 2983 peccatum
1175 2929 1334 2982 cecidit,
1373 2928 1438 2970 fac
1475 2927 1581 2970 sicut
1616 2927 1713 2970 fecit
1736 2934 1782 2968 40

107 3003 327 3042 Oeaterley.
350 3005 440 3033 Gesta
461 3005 668 3032 Romanorum.
1390 3003 1434 3037 24
