1949 3162
1005 85 1090 128 590

217 193 267 235 ad
299 192 463 234 modum
496 192 612 247 pueri
643 191 854 234 brachium
885 190 1094 233 immobile
1124 193 1263 232 tenere
1294 190 1500 232 debemus.
1551 188 1629 231 Per
1666 187 1874 230 brachium

215 263 458 317 intelligitur
486 263 682 305 fortitudo
720 263 867 315 animi,
901 275 978 317 que
1014 262 1056 303 in
1094 262 1210 304 nobis
1250 261 1370 303 debet
1412 274 1513 314 esse,
1551 274 1601 302 ne
1633 258 1875 301 sacrificium

215 335 413 377 bonorum
447 348 615 390 operum
647 334 907 389 impediatur.
962 332 1039 375 Sed
1071 332 1325 385 Alexander,
1357 332 1383 373 i.
1408 345 1441 374 e.
1466 331 1623 373 Cristus
1654 342 1774 372 verus
1806 329 1877 371 do-

215 406 394 447 minator
415 406 570 459 mundi,
602 405 738 459 ignem
762 417 956 457 cremare,
988 404 1014 445 i.
1039 417 1071 446 e.
1096 403 1252 445 diucius
1274 417 1347 445 nos
1370 403 1563 458 temptari
1585 400 1801 457 permittit,
1833 403 1878 441 ut

214 476 565 533 perseveranciam
598 481 780 518 nostram
813 475 1048 531 experiatur
1079 478 1119 516 et
1149 487 1339 517 coronam
1372 475 1454 517 vite
1484 473 1694 526 largiatur.

866 721 965 776 185,
998 734 1145 776 germ.
1170 721 1234 765 17.

330 830 443 872 Dicit
462 829 633 882 Plinius,
668 828 775 883 quod
797 831 860 871 est
881 829 1054 883 quedam
1081 829 1201 872 arbor
1221 830 1265 871 in
1286 828 1410 871 Indea
1441 827 1553 882 cujus
1573 825 1693 868 flores
1722 824 1878 866 fructus

215 902 373 944 dulcem
404 901 556 944 habent
587 900 773 955 odorem,
812 904 852 942 et
882 900 1004 955 juxta
1042 900 1230 943 arborem
1267 899 1459 942 manebat
1497 897 1663 953 quidam
1695 909 1877 951 serpens,

215 973 283 1028 qui
314 972 537 1015 vocabatur
562 972 736 1026 jaculus.
789 971 867 1014 Hic
898 972 1062 1014 odorem
1096 972 1252 1014 arboris
1284 975 1329 1014 ut
1359 971 1587 1013 destrueret
1618 968 1669 1010 ad
1698 967 1877 1010 radicem

214 1045 371 1087 arboris
408 1044 575 1086 veniens
607 1056 697 1085 eam
732 1043 985 1085 intoxicavit.
1039 1042 1154 1093 Quod
1186 1043 1328 1085 videns
1360 1041 1570 1084 ortulanus
1602 1039 1712 1082 illius
1743 1038 1878 1094 patrie

213 1116 379 1158 tiriacas
412 1115 569 1170 accepit
600 1118 641 1157 et
670 1115 712 1156 in
745 1114 920 1169 quadam
951 1115 1067 1168 virga
1105 1114 1334 1156 summitati
1372 1113 1481 1156 illius
1520 1111 1678 1154 arboris
1715 1109 1878 1163 infudit,

215 1201 292 1243 que
323 1187 403 1229 cito
435 1186 594 1242 expulit
626 1199 827 1228 venenum
861 1199 884 1227 a
913 1186 1051 1228 radice
1082 1186 1233 1228 infecta
1258 1189 1298 1228 et
1319 1184 1505 1227 arborem
1528 1182 1707 1226 sterilem
1728 1181 1878 1223 factam

212 1257 460 1301 fructificare
489 1257 598 1300 fecit.

335 1331 552 1372 Reduccz'o.
602 1328 843 1383 Karissimi,
881 1342 954 1384 per
985 1329 1108 1371 istum
1150 1329 1336 1371 arborem
1375 1326 1549 1380 intelligi
1579 1328 1717 1382 potest
1746 1324 1880 1366 homo.

215 1401 388 1443 Fructus
419 1400 538 1455 hujus
572 1399 730 1442 arboris
763 1403 859 1442 sunt
889 1414 1014 1456 opera
1050 1399 1168 1442 bona.
1220 1399 1387 1441 Matth.:
1427 1398 1466 1440 A
1503 1397 1701 1440 fructibus
1741 1408 1879 1438 eorum

216 1472 472 1526 cognoscitis.
512 1471 687 1513 Fructus
719 1471 857 1513 dulces
889 1471 1061 1526 protulit
1081 1471 1155 1513 hec
1177 1471 1298 1513 arbor
1320 1473 1413 1512 ante
1435 1472 1663 1525 peccatum,
1695 1469 1755 1510 ita
1775 1466 1882 1522 quod

215 1544 350 1600 potuit
380 1543 482 1585 illud
514 1542 648 1585 dicere
681 1542 800 1598 Sap:
834 1542 974 1584 Flores
1005 1542 1087 1584 mei
1118 1542 1273 1584 fructus
1305 1541 1470 1584 honoris
1503 1544 1577 1582 etc.
1610 1539 1694 1582 Hos
1725 1539 1881 1580 fructus

216 1629 384 1671 serpens
417 1614 607 1668 antiquus
639 1614 841 1656 sustinere
873 1627 953 1655 non
986 1613 1132 1669 potuit,
1166 1613 1237 1656 sed
1257 1626 1458 1656 venenum
1490 1611 1628 1668 posuit
1657 1611 1700 1653 in
1730 1609 1880 1663 radice,

217 1687 314 1729 dum
351 1690 562 1742 peccatum
603 1686 742 1740 posuit
780 1685 823 1727 in
855 1685 988 1740 primo
1020 1688 1202 1740 parente.
1256 1684 1323 1727 Sic
1353 1684 1504 1727 infecta
1533 1683 1612 1725 fuit
1644 1682 1784 1735 arbor,
1823 1680 1881 1722 ita

217 1757 324 1812 quod
360 1757 538 1799 fructum
576 1756 737 1799 dulcem
782 1756 966 1812 proferre
1012 1770 1093 1798 non
1140 1756 1293 1812 potuit,
1341 1755 1436 1810 quia
1481 1768 1554 1810 per
1598 1753 1712 1795 nulla
1757 1764 1882 1807 opera

217 1833 576 1884 quantumcunque
614 1828 826 1870 meritoria
863 1827 984 1869 homo
1023 1827 1154 1870 celum
1192 1827 1352 1881 ingredi
1383 1829 1555 1881 poterat.
1609 1824 1688 1867 Sed
1719 1823 1880 1879 sapiens

217 1901 450 1954 ortulanus,
488 1903 606 1955 pater
637 1899 799 1942 celestis
830 1899 1018 1942 tiriacam
1049 1899 1200 1941 infudit
1229 1898 1270 1940 in
1303 1911 1383 1939 una
1414 1897 1529 1950 virga
1559 1895 1677 1950 hujus
1710 1894 1878 1937 arboris.

216 1971 302 2014 Hec
332 1972 448 2025 virga
479 1974 541 2012 est
573 1971 686 2024 virgo
718 1970 871 2024 Maria,
911 1970 960 2013 de
993 1984 1071 2024 qua
1110 1970 1209 2012 dicit
1238 1969 1355 2011 Ysai:
1394 1968 1640 2022 Egredietur
1678 1967 1794 2020 virga
1832 1965 1881 2008 de

217 2043 354 2085 radice
385 2046 459 2084 etc.
499 2042 545 2084 In
576 2042 652 2084 hac
684 2042 801 2096 virga
831 2042 965 2097 posita
995 2042 1073 2084 fuit
1103 2042 1274 2097 tyriaca,
1307 2040 1468 2095 quando
1498 2038 1605 2081 filius
1637 2038 1701 2080 dei
1732 2038 1881 2079 missus

218 2118 280 2157 est
311 2127 334 2156 a
365 2117 481 2169 patre
512 2114 554 2155 in
587 2118 746 2156 uterum
781 2113 951 2167 virginis
984 2117 1024 2155 et
1050 2113 1211 2168 quando
1234 2113 1283 2155 de
1305 2111 1462 2165 virgine
1483 2114 1604 2152 natus
1627 2112 1688 2152 est
1709 2108 1879 2151 Cristus.

217 2185 428 2228 Venenum
460 2184 618 2240 peccati
650 2198 674 2226 a
704 2197 853 2238 genere
884 2184 1061 2226 humano
1094 2197 1167 2226 sua
1198 2184 1349 2226 virtute
1381 2181 1560 2238 expulit,
1601 2184 1640 2224 et
1671 2180 1730 2223 sic
1761 2179 1882 2222 arbor

218 2257 311 2311 ista,
343 2256 549 2299 mediante
579 2255 737 2311 tyriaca
766 2255 859 2310 ista,
893 2268 1010 2298 suam
1041 2255 1297 2298 dulcedinem
1328 2253 1587 2310 recuperavit
1611 2255 1651 2295 et
1680 2265 1754 2307 per
1785 2263 1880 2293 con-

219 2341 392 2383 sequens
423 2327 540 2370 nobis
572 2327 700 2369 vitam
731 2329 916 2370 eternan.
947 2327 1071 2370 dedit.

865 2573 966 2629 186,
999 2586 1146 2628 germ.
1170 2573 1240 2616 18.

337 2678 489 2722 Reffert
518 2679 769 2722 Allexander
800 2680 1068 2736 philosophus
1100 2681 1149 2723 de
1179 2679 1338 2722 naturis
1376 2690 1526 2731 rerum,
1559 2676 1665 2731 quod
1696 2675 1881 2730 virgilius

221 2752 264 2793 in
297 2751 460 2794 civitate
490 2751 674 2793 Romana
704 2750 841 2794 nobile
872 2751 1103 2794 construxit
1132 2750 1367 2807 pallacium,
1405 2749 1448 2791 in
1478 2748 1592 2803 cujus
1624 2748 1756 2790 medio
1795 2746 1882 2803 pal-

221 2822 315 2864 lacii
347 2823 460 2865 stetit
490 2836 651 2878 ymagO,
685 2835 762 2876 que
784 2822 860 2864 dea
879 2822 1064 2864 Romana
1095 2821 1327 2864 vocabatur.
1366 2819 1547 2862 Tenebat
1577 2819 1684 2861 enim
1716 2831 1882 2874 pomum

223 2906 388 2935 aureum
422 2894 464 2935 in
496 2907 619 2935 manu
652 2907 737 2935 sua.
778 2893 856 2936 Per
888 2893 1083 2935 circulum
1117 2892 1277 2948 pallacii
1301 2895 1416 2934 erant
1437 2890 1647 2946 ymagines
1669 2889 1884 2944 cujuslibet

223 2964 426 3019 regionis,
473 2978 550 3019 que
596 2964 775 3019 subjecte
822 2969 939 3006 erant
976 2964 1158 3006 Romano
1198 2962 1392 3019 imperio,
1440 2964 1480 3004 et
1517 2960 1695 3016 quelibet
1733 2973 1879 3016 ymago
