1929 3162
951 64 1037 104 :290

150 166 397 208 christianus
432 179 662 221 perversus.
718 166 823 217 Quia
855 169 961 210 sicut
993 168 1182 210 sacerdos
1216 168 1339 210 habet
1371 169 1530 210 animas
1563 169 1831 223 parochiano-

149 250 241 279 rum
274 237 493 290 custodire,
526 237 585 279 sic
617 241 658 279 et
689 238 903 280 christiani
935 240 1122 293 virtutes,
1156 239 1321 293 quasin
1344 239 1551 294 baptismo
1572 242 1830 295 receperunt,

149 308 303 351 habent
334 321 475 362 regere
508 322 554 351 ac
576 309 794 363 diligenter
816 310 1035 364 custodire,
1069 324 1119 352 ne
1141 310 1391 365 polluantur.
1440 310 1521 353 Iste
1542 310 1675 352 malus
1698 323 1832 354 sacer-

151 380 223 422 dos
262 379 413 422 multos
454 381 681 436 corrumpit
721 381 829 422 malo
870 381 1072 437 exemplo.
1135 380 1252 424 Unde
1291 381 1533 435 Gregorius:
1578 381 1685 432 Quot
1723 381 1832 424 mala

103 459 125 492 5
150 451 340 507 exempla
380 451 555 494 subditis
596 453 878 506 committunt,
920 456 981 494 tot
1020 453 1177 495 animas
1215 454 1405 508 perdunt.
1461 453 1529 496 Sic
1561 452 1693 495 malus
1726 453 1832 496 chri-

150 523 308 564 stianus
341 523 465 565 verbo
499 527 539 566 et
571 537 693 579 opere
727 524 877 566 multos
912 524 962 566 ad
995 524 1200 566 infernum
1223 524 1362 566 trahit.
1413 524 1456 567 Si
1479 525 1573 567 talis
1594 525 1736 579 fueris,
1767 524 1833 567 fac

149 593 255 636 sicut
285 593 382 636 fecit
412 593 482 636 ille
515 595 802 650 parochianus,
853 595 1033 638 Ambula
1065 609 1138 651 per
1170 609 1337 651 campos
1370 596 1411 638 id
1445 600 1507 638 est
1539 609 1611 652 per
1641 609 1769 650 regna
1793 599 1833 638 et

149 668 299 719 castra,
332 665 461 707 donec
495 666 634 708 venias
668 667 718 708 ad
751 681 892 721 unum,
927 681 1046 722 quem
1081 667 1216 721 diligit
1248 668 1386 709 anima
1418 671 1501 722 tua,
1536 667 1693 710 scilicet
1714 667 1829 709 illum

148 749 300 779 senem.
359 735 493 780 Senex
533 741 595 779 est
627 737 835 792 Christus,
878 753 997 793 quem
1037 739 1222 781 invenies
1260 752 1334 794 per
1374 753 1500 794 opera
1538 739 1830 781 misericordie.

80 817 123 851 10
149 806 229 850 Sed
262 808 377 863 prius
411 812 573 864 oportet
604 812 644 851 te
677 809 816 852 bibere
848 810 896 852 de
929 810 1075 864 rivulo,
1108 810 1204 852 licet
1236 824 1316 852 non
1349 811 1565 865 extinguas
1589 810 1714 852 sitim.
1762 809 1832 851 Ri-

147 878 266 921 vulus
297 879 389 933 iste,
423 880 472 922 de
505 894 583 935 quo
616 880 808 934 bibimus,
843 886 905 924 est
927 881 1170 936 baptismus,
1205 882 1273 936 qui
1297 886 1458 924 tantum
1483 882 1595 924 sitim
1618 881 1831 935 originalis

147 951 305 1006 peccati
347 951 549 1005 extinxit,
591 952 661 993 sed
701 952 735 994 si
775 953 923 994 iterato
964 953 1158 995 incideris
1196 953 1239 994 in
1272 957 1507 1008 peccatum,
1549 953 1726 1008 amplius
1759 965 1833 1008 per

148 1035 239 1064 eum
274 1023 458 1076 extingui
491 1037 572 1064 non
604 1024 759 1078 poteris
792 1024 919 1066 donec
954 1024 1150 1079 procedas
1183 1024 1234 1066 ad
1259 1024 1382 1067 istum
1405 1025 1574 1066 fontem.
1622 1024 1731 1066 Fons
1754 1024 1832 1067 iste

148 1097 210 1136 est
251 1094 441 1136 dominus
481 1098 621 1136 noster
660 1094 801 1137 Ihesus
833 1095 1040 1150 Christus,
1082 1096 1187 1137 sicut
1225 1095 1273 1137 de
1306 1110 1349 1138 se
1381 1097 1471 1151 ipso
1504 1096 1580 1138 ait:
1619 1095 1707 1150 Ego
1740 1109 1832 1138 sum

78 1175 122 1210 15
145 1165 237 1207 fons
279 1179 382 1220 aque
421 1165 607 1208 salientis
646 1166 689 1208 in
728 1168 853 1209 vitam
889 1171 1085 1209 eternam.
1135 1166 1227 1208 Joh.
1252 1170 1412 1221 quarto.
1465 1167 1603 1209 Rivuli
1635 1167 1699 1210 vel
1730 1181 1832 1210 vene

146 1237 267 1279 istius
304 1237 430 1279 fontis
471 1237 496 1278 i.
522 1251 554 1279 e.
587 1237 712 1280 verba
744 1252 858 1281 sacre
891 1239 1095 1294 scripture
1128 1239 1265 1294 sepius
1299 1238 1527 1294 procedunt
1559 1252 1631 1294 per
1663 1252 1707 1280 os
1737 1239 1832 1281 feti-

148 1308 308 1350 dissimi
347 1309 480 1362 caniS,
522 1308 597 1350 hoc
637 1313 699 1351 est
738 1310 964 1352 sacerdotis
1001 1308 1088 1364 [10]
1125 1309 1396 1365 predicatoris
1429 1310 1670 1366 peccatoris.
1726 1309 1831 1360 Que-

145 1379 319 1422 rendum
354 1383 416 1421 est
448 1393 558 1434 ergo,
592 1394 663 1422 cur
695 1381 913 1423 scaturicio
946 1381 1038 1437 puri
1073 1381 1198 1423 fontis
1230 1394 1304 1436 per
1336 1395 1379 1423 os
1411 1381 1530 1424 fetidi
1552 1381 1664 1423 canis
1688 1384 1729 1423 et
1749 1393 1831 1423 non

148 1450 317 1493 alterius
364 1451 556 1493 animalis
602 1453 844 1494 manaverit.
909 1452 1161 1508 Responsio:
1212 1453 1349 1508 sepius
1389 1452 1431 1494 in
1471 1466 1588 1495 sacra
1625 1452 1832 1508 scriptura

77 1532 122 1566 :20
147 1523 379 1564 sacerdotes
412 1523 581 1565 canibus
614 1528 918 1579 comparantur.
968 1524 1023 1566 Et
1054 1524 1160 1566 sicut
1191 1524 1230 1565 in
1264 1537 1364 1566 cane
1397 1527 1572 1580 quatuor
1602 1524 1709 1567 bona
1737 1527 1833 1566 sunt

140 1594 264 1648 juxta
296 1595 397 1637 istos
430 1608 593 1637 versus:

522 1676 561 1710 In
586 1686 675 1711 cane
701 1675 756 1711 bis
782 1676 865 1711 bina
891 1680 984 1720 sunt,
1011 1680 1047 1710 et
1072 1676 1192 1721 lingue
1220 1676 1407 1721 medicina,

522 1735 626 1770 Naris
652 1736 833 1780 odoratus,
861 1746 960 1770 amor
985 1736 1124 1779 integer
1150 1740 1258 1780 atque
1282 1736 1453 1782 latratus,

148 1807 207 1849 sic
246 1810 286 1849 et
322 1807 365 1848 in
406 1808 618 1851 sacerdote
657 1809 804 1851 idoneo
837 1809 946 1850 circa
977 1808 1151 1851 salutem
1185 1809 1419 1850 animarum
1449 1809 1492 1850 in
1524 1809 1612 1851 foro
1646 1808 1832 1864 predica-

78 1887 123 1921 25
148 1879 277 1920 cionis
310 1879 536 1934 penitentie
569 1883 609 1922 et
640 1881 909 1922 confessionis
943 1884 1118 1935 quatuor
1150 1880 1223 1922 has
1256 1881 1532 1936 proprietates
1564 1879 1740 1923 fideliter
1762 1880 1832 1923 de-

147 1949 247 1992 bent
278 1949 516 1993 observare:
550 1952 684 2006 primo
718 1952 824 2007 quod
858 1952 942 1994 sint
973 1952 1122 1994 medici
1151 1952 1193 1993 in
1215 1952 1369 2006 lingua,
1403 1952 1618 1994 mulcendo
1641 1951 1834 1995 videlicet

149 2025 190 2064 et
225 2021 418 2076 lingendo
458 2022 630 2065 vulnera
662 2027 947 2079 peccatorum,
981 2037 1056 2066 nec
1088 2024 1211 2065 nimis
1245 2037 1390 2079 aspere
1423 2023 1684 2078 detergendo.
1734 2023 1832 2066 Vul-

149 2107 250 2135 nera
282 2093 388 2136 enim
425 2097 466 2135 et
495 2093 632 2136 ulcera
665 2108 786 2137 canes
817 2095 1017 2138 lambunt.
1068 2094 1269 2149 Secundo,
1303 2094 1409 2137 sieut
1434 2096 1546 2138 canis
1570 2110 1643 2151 per
1664 2095 1831 2137 odorem

148 2165 311 2206 narium
350 2164 516 2219 vulpem
555 2166 641 2208 sive
679 2166 860 2222 leporem
900 2166 1142 2220 investigat,
1181 2166 1240 2208 sic
1279 2166 1470 2208 sacerdos
1506 2167 1549 2208 in
1581 2167 1705 2209 odore
1737 2179 1832 2209 con-

77 2243 123 2277 30
147 2235 338 2278 fessionis
371 2235 561 2291 vulpinas
593 2237 838 2280 calliditates
871 2239 896 2280 i.
917 2252 950 2280 e.
974 2238 1177 2280 hereticas
1206 2237 1499 2292 perversitates
1521 2238 1608 2281 sive
1629 2238 1831 2280 falsitates

149 2307 284 2362 quoad
315 2307 475 2363 peccati
506 2308 788 2351 detencionem
823 2313 862 2352 et
892 2309 1101 2364 leporinas
1134 2309 1378 2351 timiditates
1412 2309 1547 2364 quoad
1578 2310 1737 2365 peccati
1763 2309 1832 2351 de-

148 2378 418 2421 testacionem
458 2384 528 2421 aut
565 2380 683 2422 venie
715 2381 1051 2436 desperacionem
1085 2385 1126 2422 et
1157 2380 1343 2435 lupinam
1376 2384 1416 2423 et
1446 2380 1653 2423 leoninam
1685 2380 1832 2424 feroci-

149 2454 276 2493 tatem
318 2450 451 2505 quoad
483 2450 600 2492 venie
633 2455 912 2507 contemptum
947 2456 987 2494 et
1018 2452 1099 2494 alia
1131 2451 1413 2506 hujuscemodi
1446 2452 1634 2495 sollerter
1666 2456 1706 2495 et
1737 2452 1832 2496 sub-

149 2521 279 2564 tiliter
311 2522 543 2575 investigat.
593 2522 750 2577 Tercio,
785 2524 890 2566 sicut
921 2524 1034 2565 canis
1067 2522 1353 2565 fidelissimum
1387 2523 1539 2565 animal
1573 2537 1661 2566 esse
1690 2524 1831 2578 scitur,
1883 2557 1887 2560 «

80 2601 124 2636 35
151 2593 247 2647 quia
284 2606 360 2648 pro
399 2593 563 2635 domino
604 2607 676 2636 suo
718 2608 764 2637 ac
805 2609 879 2650 pro
921 2594 1079 2636 familia
1110 2594 1266 2636 domini
1298 2594 1361 2636 sui
1393 2597 1434 2637 et
1465 2595 1551 2649 ejus
1585 2595 1832 2638 animalibus

151 2676 198 2705 ac
230 2667 373 2706 eontra
404 2663 534 2706 malos
568 2663 753 2707 homines
786 2666 968 2721 periculo
1002 2679 1045 2708 se
1077 2665 1260 2721 exponit,
1294 2665 1353 2708 sic
1384 2666 1617 2709 sacerdotes
1650 2680 1725 2722 pro
1753 2665 1832 2709 fide

151 2734 353 2777 catholica
386 2738 426 2777 et
456 2749 530 2791 pro
564 2736 695 2778 salute
729 2737 980 2791 animarum,
1017 2751 1099 2779 non
1131 2736 1262 2778 solum
1296 2736 1616 2792 perrochialium
1649 2751 1830 2791 suorum,

152 2805 223 2847 sed
263 2807 391 2848 eciam
432 2807 611 2849 omnium
649 2806 831 2850 fidelium
865 2808 1180 2850 christianorum
1215 2820 1362 2863 corpus
1395 2811 1436 2850 et
1469 2809 1650 2851 animam
1683 2808 1833 2851 debent

246 2899 288 2932 11
322 2899 428 2943 sitim]
463 2906 548 2945 oriy.
574 2900 662 2934 sitis.
783 2901 827 2935 23
861 2901 967 2945 naris]
1000 2907 1084 2947 orry.
1107 2912 1224 2936 narns.
1345 2902 1388 2936 29
1414 2901 1564 2946 narium]
1593 2907 1678 2948 oriy.
1696 2911 1831 2936 narem.

152 2957 197 2991 34
223 2957 333 3001 canis]
361 2964 446 3004 orig).
465 2968 583 2993 canes.
