1919 3157
823 62 907 102 593

48 183 167 226 prece
200 183 246 212 ac
279 171 414 225 precio
447 171 732 224 imperatorem
768 167 927 218 rogavit
959 171 1001 207 ut
1041 165 1076 207 ei
1115 164 1241 206 tilium
1284 178 1400 206 suum
1442 166 1490 206 ad
1531 166 1713 209 nutrien-

47 241 142 282 dum
182 241 433 283 concederet.
487 241 557 281 Ait
596 240 838 294 imperator:
880 237 969 279 Tibi
1011 235 1208 287 concedo,
1249 235 1319 276 sed
1358 235 1432 276 tibi
1475 250 1639 288 caveas,
1679 236 1713 276 si

47 311 153 353 filius
185 325 300 353 meus
334 312 372 353 in
407 312 600 353 societate
633 315 701 351 tua
735 309 842 351 lesus
874 308 1009 360 fuerit,
1042 307 1167 348 vitam
1191 309 1304 347 tuam
1327 306 1495 348 habebo.
1536 307 1593 348 At
1623 306 1711 349 ille:

46 382 242 435 Domine,
284 382 406 424 michi
446 382 546 423 bene
586 380 730 436 placet.
789 379 961 434 Accepit
998 382 1038 420 et
1079 377 1295 433 parvulum
1340 391 1474 419 secum
1517 377 1635 418 duxit
1675 381 1714 419 et

46 453 164 495 uxori
197 466 268 495 sue
300 453 349 494 ad
383 452 644 494 nutriendum
679 451 802 493 dedit.
856 449 929 491 llla
968 462 1062 491 vero
1097 448 1198 490 satis
1232 452 1370 490 tenere
1403 462 1493 490 eum
1526 449 1711 490 nutrivit.

46 523 185 566 Crevit
229 537 332 579 puer
379 527 417 566 et
467 524 516 565 ab
563 523 750 564 omnibus
797 520 980 563 dilectus.
1042 518 1205 561 Accidit
1243 519 1350 573 quod
1388 526 1572 574 tempore
1610 532 1713 560 nun-

46 594 233 636 dinarum
267 594 385 637 miles
417 595 466 636 ad
500 593 702 635 nundinas
736 606 826 634 cum
860 591 1026 633 domina
1057 603 1132 631 sua
1164 591 1435 644 perrexisset,
1468 604 1639 645 puerum
1672 590 1713 631 in

46 665 247 708 cunabulo
285 666 451 720 reliquit
490 678 579 707 cum
621 663 789 706 familia.
852 662 1073 715 Postquam
1115 661 1303 702 dominus
1351 661 1535 703 exiverat
1574 674 1714 703 omnes

46 737 234 779 exierunt
279 737 329 779 de
367 736 524 778 familia
565 740 605 778 et
643 748 812 791 puerum
853 733 983 775 solum
1025 732 1113 774 sine
1152 732 1339 774 custodia
1376 732 1631 787 reliquerunt
1669 745 1716 774 ac

45 807 223 850 hostium
257 811 443 862 apertum
476 807 732 849 dimiserunt.
771 805 873 847 Erat
904 809 1000 846 tunc
1022 803 1187 858 quidam
1209 803 1330 859 lupus
1354 807 1472 846 extra
1493 804 1714 858 civitatem,

47 879 116 934 qui
148 878 309 921 infinita
339 878 449 920 mala
480 879 521 920 in
556 878 721 920 civitate
749 876 1012 932 perpetravit.
1056 874 1156 917 Cum
1182 874 1352 917 vidisset
1374 879 1514 930 portas
1537 875 1716 917 civitatis

47 954 210 1006 apertas
243 950 413 992 intravit
444 954 484 991 et
514 950 663 990 ostium
696 948 838 990 militis
872 950 1058 1002 apertum
1092 946 1208 999 vidit,
1242 946 1338 1000 quia
1370 959 1510 988 omnes
1540 946 1589 988 ad
1612 959 1716 987 nun-

47 1021 164 1063 dinas
196 1024 478 1077 perrexerunt.
527 1019 629 1062 Cum
662 1024 797 1062 autem
829 1019 1036 1071 intrasset,
1069 1031 1241 1073 puerum
1274 1017 1323 1059 de
1345 1017 1547 1059 cunabulo
1579 1017 1719 1072 rapuit

48 1096 88 1135 et
120 1092 171 1134 ad
202 1092 347 1134 silvam
380 1104 471 1133 cum
505 1104 631 1146 puero
664 1091 854 1133 cucurrit.
904 1090 1006 1132 Erat
1026 1093 1123 1131 tunc
1142 1089 1184 1130 in
1208 1087 1365 1143 campis
1388 1088 1553 1141 quidam
1576 1091 1717 1143 pastor

48 1164 197 1217 ovium,
231 1163 299 1218 qui
331 1176 421 1204 cum
454 1162 625 1204 vidisset
655 1162 794 1217 lupum
827 1162 1049 1214 fugientem
1083 1173 1174 1202 cum
1197 1172 1337 1215 puero,
1371 1159 1559 1201 arborem
1591 1159 1715 1201 altam

49 1235 233 1277 ascendit
264 1239 304 1276 et
335 1247 424 1276 cum
449 1246 574 1275 cornu
599 1234 751 1275 trinam
785 1232 1062 1274 susflacionem
1094 1231 1202 1273 fecit.
1243 1230 1330 1272 Hoc
1362 1230 1573 1273 audientes
1596 1230 1717 1284 cives,

50 1305 176 1360 aliqui
202 1305 244 1347 in
267 1305 395 1359 equis,
429 1305 553 1359 aliqui
586 1305 627 1346 in
660 1304 830 1359 pedibus
862 1307 955 1359 post
985 1303 1128 1358 lupum
1162 1303 1393 1345 currebant.
1433 1301 1575 1356 Lupus
1608 1314 1717 1355 vero,

48 1377 354 1420 cum'audisset
385 1377 600 1432 strepitum
637 1381 676 1418 et
707 1376 925 1418 clamorem
959 1387 1105 1416 canum
1129 1378 1223 1428 post
1245 1387 1300 1427 se,
1333 1386 1506 1429 puerum
1529 1372 1719 1428 permisit

49 1448 193 1491 cadere
226 1452 266 1490 et
298 1447 347 1490 ad
381 1447 525 1489 silvam
559 1447 749 1489 cucurrit.
803 1446 922 1489 Cives
959 1459 1049 1488 cum
1092 1458 1262 1500 puerum
1303 1445 1575 1498 invenissent,
1613 1445 1718 1486 miro

47 1519 167 1562 modo
199 1518 432 1574 gaudebant
463 1522 504 1560 et
534 1518 727 1574 precipue
769 1518 854 1572 ejus
886 1517 1109 1571 nutricius,
1149 1516 1220 1558 sed
1251 1515 1360 1558 lesus
1392 1516 1434 1557 in
1466 1516 1599 1557 fronte
1632 1519 1720 1558 erat

49 1595 89 1634 et
119 1591 286 1644 sanguis
318 1589 531 1642 effiuebat3
565 1594 703 1632 tamen
734 1594 828 1644 post
859 1589 933 1631 hoc
966 1588 1118 1644 optime
1151 1591 1328 1630 curatus.
1370 1587 1597 1642 Imperator
1622 1600 1716 1629 vero

49 1666 144 1718 post
183 1675 334 1718 paucos
374 1662 460 1704 dies
498 1674 572 1717 pro
613 1661 741 1702 milite
781 1661 895 1702 misit
933 1664 978 1702 ut
1009 1659 1167 1702 veniret
1198 1663 1238 1701 et
1267 1658 1396 1700 filium
1430 1672 1547 1700 suum
1580 1671 1717 1700 secum

49 1734 227 1776 duceret.
279 1733 352 1776 Ille
383 1746 478 1775 vero
512 1732 563 1774 ad
601 1731 839 1774 mandatum
880 1731 1140 1787 imperatoris
1182 1730 1314 1784 venit,
1352 1733 1489 1772 tamen
1521 1733 1715 1772 tremens.

49 1804 150 1848 Cum
199 1808 333 1847 autem
372 1804 597 1859 imperator
636 1815 808 1858 puerum
850 1803 1038 1856 vidisset,
1078 1803 1237 1856 signum
1279 1801 1459 1844 vulneris
1500 1802 1541 1843 in
1583 1801 1718 1843 fronte

49 1877 152 1919 vidit
183 1881 224 1919 et
264 1876 339 1918 ait:
379 1875 627 1928 Karissime,
670 1874 766 1929 quid
808 1877 869 1915 est
906 1873 1007 1927 hoc,
1048 1873 1156 1928 quod
1193 1873 1259 1915 hic
1296 1872 1441 1915 video?
1491 1871 1719 1928 Respondit

47 1947 186 1990 miles:
221 1947 409 2000 Domine,
443 1960 467 1988 a
497 1959 620 1989 causa
652 1945 703 1987 ad
734 1945 939 1987 nundinas
972 1945 1136 2000 perrexi
1168 1948 1209 1987 et
1240 1957 1412 2000 puerum
1446 1956 1538 1985 cum
1559 1943 1719 1985 familia

48 2018 215 2074 reliqui3
263 2031 403 2060 omnes
442 2031 538 2060 vero
577 2017 744 2059 exibant
783 2020 823 2059 et
865 2030 1035 2072 puerum
1077 2016 1209 2058 solum
1248 2015 1514 2069 reliquerunt.
1576 2013 1718 2070 Lupus

49 2103 144 2133 vero
185 2077 299 2132 illum
340 2088 497 2144 rapuit,
540 2088 611 2131 sed
650 2102 723 2144 per
762 2087 982 2130 clamorem
1021 2088 1141 2130 unius
1178 2087 1357 2142 pastoris
1395 2086 1602 2141 inpeditus
1642 2089 1717 2139 est,

48 2161 157 2204 unde
189 2174 213 2202 a
243 2160 338 2216 lupo
377 2159 479 2201 illud
519 2159 665 2201 vulnus
705 2160 863 2214 accepit
901 2159 950 2201 de
989 2172 1067 2213 quo
1109 2159 1270 2212 signum
1310 2160 1449 2199 manet
1479 2156 1592 2198 illud.
1646 2157 1720 2199 Ait

48 2232 294 2288 imperator:
340 2230 432 2273 Tibi
470 2233 511 2273 et
548 2244 629 2273 non
666 2230 821 2273 familie
861 2243 1033 2285 puerum
1075 2229 1126 2271 ad
1163 2228 1427 2271 nutriendum
1467 2228 1640 2282 tradidi,
1679 2230 1720 2269 et

49 2303 140 2346 ideo
172 2306 315 2346 contra
344 2301 475 2356 legem
508 2302 639 2355 egisti.
681 2302 758 2352 Qui
791 2303 868 2344 ait:
901 2301 1050 2343 Fateor
1080 2314 1146 2343 me
1177 2300 1399 2355 deliquisse
1433 2303 1473 2341 et
1503 2299 1594 2341 ideo
1625 2312 1718 2352 gra-

50 2375 155 2418 ciam
189 2380 295 2431 peto.
328 2373 402 2415 Ait
430 2373 672 2428 imperator:
713 2373 805 2416 Tibi
835 2373 1015 2426 remitto,
1054 2371 1218 2414 studeas
1251 2371 1359 2426 quod
1391 2370 1599 2425 deliquisti
1631 2383 1718 2411 cor—

50 2447 183 2500 rigere
215 2446 264 2488 de
296 2448 443 2488 cetero.
486 2443 557 2486 Ille
589 2457 684 2486 vero
715 2443 890 2486 fideliter
920 2443 1122 2499 promisit,
1155 2443 1381 2498 imperator
1413 2454 1508 2484 vero
1542 2454 1634 2483 eum
1668 2441 1719 2483 ad

51 2518 220 2560 divicias
252 2520 292 2559 et
322 2516 495 2558 honores
526 2515 742 2571 promovit.

170 2590 387 2631 Reduccz'o.
436 2586 672 2640 Karissimi,
714 2586 938 2641 imperator
976 2586 1053 2627 iste
1094 2586 1156 2626 est
1187 2583 1376 2625 dominus
1407 2586 1546 2625 noster
1578 2582 1718 2624 lhesus

52 2659 232 2714 Cristus,
266 2660 334 2713 qui
365 2659 486 2700 istam
519 2657 650 2711 legem
682 2657 847 2710 statuit,
886 2656 1075 2699 videlicet
1107 2655 1351 2710 quicumque
1384 2653 1559 2709 accipiat
1588 2644 1717 2694 filium

51 2731 78 2773 i.
112 2744 145 2774 e.
179 2731 357 2772 animam
400 2729 450 2770 ad
489 2728 772 2782 nutriendum,
821 2727 854 2769 si
892 2728 934 2768 in
973 2726 1159 2768 custodia
1196 2726 1326 2782 ipsius
1366 2724 1579 2778 defecerit,
1630 2724 1718 2779 ipse

52 2802 260 2844 morietur.
309 2799 426 2843 Miles
458 2799 535 2841 iste
567 2802 628 2841 est
649 2799 876 2841 Cristianus
910 2811 981 2852 per
1012 2797 1260 2852 baptismum
1283 2796 1404 2850 lotus,
1437 2795 1505 2850 qui
1527 2808 1600 2851 per
1630 2794 1718 2837 lon-

53 2885 147 2926 gum
179 2876 341 2928 tempus
373 2873 414 2914 in
447 2870 626 2913 infancia
658 2870 836 2911 animam
869 2882 892 2910 a
923 2872 1088 2924 peccato
1121 2869 1310 2910 custodit.
1350 2867 1428 2909 Sed
1462 2880 1558 2922 sepe
1591 2866 1719 2908 currit

12 2977 16 2981 .
54 2943 105 2985 ad
134 2943 339 2985 nundinas
371 2943 396 2984 i.
421 2955 454 2984 e.
479 2941 530 2984 ad
561 2941 703 2983 mundi
735 2939 966 2996 spectacula
998 2943 1038 2982 et
1067 2939 1124 2981 ibi
1155 2939 1314 2982 invenit
1334 2938 1538 2980 vanitates
1562 2941 1717 2980 etcum

95 3024 314 3062 Oesterley.
338 3024 430 3053 Gesta.
451 3023 661 3052 Romanorum.
1393 3015 1437 3048 38
