1919 3131
862 56 915 96 73

50 154 116 196 76.
166 154 272 197 Olim
307 160 424 198 erant
456 162 539 200 tres
571 160 669 201 socii
705 162 773 215 qui
806 161 856 203 ad
891 163 1234 218 peregrinandum
1262 167 1498 221 pergebant.
1536 170 1727 223 (K'l'raum-

46 438 112 480 78.

44 581 110 623 79.

42 724 108 766 80.

39 867 106 908 81.

38 1009 106 1051 82.

164 226 297 269 brod.)
343 227 412 269 lat.
443 230 534 270 101³».

105 329 114 339 .
162 297 401 340 Alexander
433 301 619 354 regnavit
652 303 719 357 qui
754 304 919 347 unicum
943 305 1071 348 tilium
1095 307 1259 349 nomine
1282 308 1511 353 Celestinus
1535 312 1722 357 habebat.

161 368 301 421 (Pserd
334 371 409 412 mit
441 373 540 414 zwei
574 373 774 424 schusen.)
820 376 890 418 lat.
920 378 1012 418 163.

161 439 287 482 Cesar
333 444 519 495 regnavit
569 444 607 485 in
657 446 770 499 cnjus
817 461 941 501 regno
990 454 1078 490 erat
1120 450 1284 504 quidam
1329 452 1446 495 miles
1486 468 1720 508 generosus.

160 511 305 564 (Krete
338 513 420 554 und
453 514 678 569 schlange.)
725 517 794 559 lat.
820 519 886 560 99.

161 581 394 626 Gordianus
428 587 615 639 regnavit
648 588 687 629 in
721 589 835 642 cnjus
869 603 994 643 regno
1028 595 1116 633 erat
1148 593 1312 647 quidam
1345 595 1462 638 miles
1485 611 1718 650 generosus.

157 653 354 708 (Hahne.)
405 656 567 699 131118.

157 723 458 780 Dyoclecianus
490 731 679 783 regnavit
711 731 777 785 qui
803 732 947 774 statuit
971 747 1043 788 pro
1065 733 1154 788 lege
1178 736 1283 790 quod
1309 738 1341 779 si
1365 738 1524 782 mulier.
1574 740 1720 784 (Zwei-

156 796 239 838 mal
272 798 600 851 hinabstiirzen.)
647 801 716 844 lat.
742 804 780 844 3.

156 866 330 918 Quidam
375 871 644 928 philosophus
684 875 866 917 narravit
906 877 1012 931 quod
1054 877 1130 920 sibi
1171 879 1311 921 traditi
1352 885 1470 924 erant
1509 886 1592 926 tres
1632 883 1717 926 filii.

153 938 317 987 (Gotter
349 942 541 996 withlen.)
587 958 681 1000 app.
705 946 774 987 47.

155 1009 331 1061 Quidam
378 1027 449 1056 rex
498 1015 646 1057 nobilis
695 1030 739 1059 ac
781 1018 894 1061 dives
936 1020 1003 1073 qui
1044 1020 1188 1064 habuit
1227 1037 1393 1066 uxorem
1436 1026 1716 1080 predilectam.

153 1081 416 1139 (Sc-hiessen.)
462 1085 532 1128 lat.
557 1089 625 1128 423.

372 1261 481 1297 XIX.
521 1261 610 1298 Cod.
631 1264 798 1309 Tubing.
817 1266 1131 1313 (Wilhehnstift)
1157 1269 1208 1316 X,
1228 1270 1287 1317 15,
1313 1271 1383 1307 fol.

500 1334 554 1368 131.
576 1337 741 1380 1-226,
773 1338 1053 1383 unvollstandig.
1092 1340 1172 1376 XV.
1194 1341 1246 1387 jh.

149 1424 293 1468 Bricht
332 1427 495 1471 01221)
538 1431 579 1472 in
619 1431 691 1474 der
727 1433 1128 1490 rahmenerziihlung
1159 1438 1232 1481 der
1260 1439 1333 1481 VII
1365 1454 1452 1496 sap.
1485 1442 1547 1484 ab.
1602 1443 1714 1486 Naoh

33 1496 164 1539 einen}
198 1497 334 1541 leeren
366 1499 494 1543 blatte
525 1502 629 1556 folgt
660 1504 723 1545 ein
756 1518 882 1548 neues
913 1507 1039 1549 werk.

65 1651 100 1692 1.

60 1793 98 1835 2.

59 1938 97 1978 3.

149 1567 348 1625 Incipitur
379 1585 642 1615 romanorum
677 1575 861 1630 hystoria
895 1582 935 1619 et
966 1579 1128 1621 mistice
1161 1581 1387 1635 designata.

148 1650 211 1694 De
244 1653 393 1696 ancilla
426 1668 502 1709 que
536 1656 741 1701 intellexit
771 1664 937 1703 cantum
970 1663 1106 1705 avium
1141 1668 1215 1706 etc.
1271 1665 1480 1709 Adrianus
1511 1670 1712 1723 regnavit.

147 1720 344 1777 (Hahne.)
391 1725 460 1768 lat.
485 1728 552 1769 (18.

147 1793 210 1836 De
243 1795 374 1838 milite
407 1798 474 1852 qui
499 1798 549 1840 ad
572 1801 919 1855 peregrinandum
943 1807 1018 1846 etc.
1065 1805 1297 1850 Dorotheus
1319 1809 1545 1865 imperator
1566 1826 1713 1867 regna-

146 1866 217 1908 vit.
265 1867 410 1921 (Vater
443 1869 541 1912 oder
573 1875 727 1914 mutter
758 1873 928 1930 folgen.)
975 1875 1045 1918 lat.
1074 1878 1138 1919 14.

146 1937 207 1980 De
240 1937 447 1993 Gorgonio
481 1942 549 1996 qui
581 1957 752 1986 uxorem
786 1945 1000 2000 pulchram
1036 1954 1262 2004 acceperat.
1313 1949 1543 2006 Gorgonius
1566 1968 1711 2010 regna-

145 2009 217 2051 vit.
265 2009 410 2065 (vater
441 2012 590 2068 heilen‚
624 2019 777 2058 mutter
808 2017 954 2072 nicht.)
1001 2019 1070 2062 lat.
1099 2021 1192 2062 112.

144 2080 206 2123 De
260 2086 557 2127 torneamento.
628 2086 810 2130 Ademas
864 2091 1053 2144 regnavit
1103 2091 1217 2135 dives
1269 2093 1399 2137 valde.
1469 2095 1710 2154 (Tui-nier.)

144 2152 214 2194 lat.
244 2154 338 2195 113.

144 2222 207 2266 De
246 2238 341 2278 rege
382 2226 450 2280 qui
489 2225 572 2269 filio
614 2229 784 2284 pigriori
825 2234 900 2274 etc.
964 2232 1163 2276 Polimius
1203 2236 1244 2277 in
1288 2237 1456 2282 civitate
1487 2239 1705 2285 babilonie.

143 2293 247 2341 (Der
278 2296 460 2352 faulste.)
506 2298 577 2341 lat.
602 2302 669 2341 91..

143 2365 205 2408 De
251 2367 442 2411 basilisco
491 2374 531 2412 et
577 2372 755 2426 speculo.
820 2373 1058 2418 Alexander
1095 2379 1285 2431 regnavit
1325 2380 1394 2434 qui
1434 2381 1703 2426 dominatum.

141 2436 372 2493 (Basilisk.)
418 2440 488 2482 lat.
518 2442 610 2483 135».

142 2507 204 2551 De
236 2510 395 2553 ciconia
427 2512 670 2555 adulterata.
720 2515 893 2565 Quidam
926 2518 1045 2561 miles
1076 2519 1165 2562 fuit.
1214 2519 1459 2578 (Storchin.)
1504 2524 1574 2566 lat.
1601 2526 1667 2568 82.

141 2580 204 2623 De
244 2582 498 2638 sarcophago
538 2585 718 2627 invento.
774 2586 944 2641 Legitur
984 2590 1033 2632 de
1065 2592 1240 2646 quodam
1275 2607 1539 2637 romanorum
1572 2597 1703 2653 impe-

142 2655 290 2694 ratore.
339 2652 635 2710 (Sarkophag.)
680 2656 750 2699 lat.
779 2660 844 2700 16.

141 2721 202 2765 De
234 2724 422 2780 principe
454 2727 523 2781 qui
556 2727 744 2771 inimicos
777 2731 937 2773 occidit.
996 2731 1057 2775 De
1089 2734 1265 2788 quodam
1298 2736 1486 2793 principe
1518 2740 1576 2781 sic
1608 2753 1702 2782 nar-

139 2798 266 2837 ratur.
314 2794 451 2849 (Wein
484 2798 708 2853 vergiftet.)
754 2800 824 2843 lat.
849 2802 916 2844 88.

139 2865 202 2908 De
233 2868 541 2912 conswetudine
573 2873 613 2912 et
644 2870 729 2912 vita
760 2876 913 2915 nostra.
961 2874 1047 2918 Rex
1082 2880 1171 2919 erat
1201 2878 1269 2932 qui
1302 2878 1446 2922 habuit
1475 2884 1558 2924 tres
1581 2881 1698 2925 filios.

137 2934 254 2990 (Drei
288 2938 437 2994 ringe.)
483 2940 555 2984 lat.
580 2942 646 2983 89.
