1919 3131
63 298 132 339 45.

62 440 131 481 46.

61 582 130 623 47.

61 725 130 767 48.

59 868 127 910 49.

56 1153 125 1195 51.

55 1295 124 1338 52.

55 1437 124 1480 53.

54 1580 122 1623 54.

53 1723 122 1765 55.

52 1866 120 1908 56.

51 2008 120 2050 57.

51 2151 118 2194 58.

51 2294 119 2336 59.

51 2438 118 2479 60.

49 2579 117 2622 61.

50 2721 117 2763 62.

49 2863 117 2906 63.

882 56 936 94 115

182 156 371 198 Christus
410 159 570 200 sanavit
615 159 820 202 hominem
863 166 937 203 etc.
996 162 1218 214 Gregorius
1262 164 1449 217 regnavit
1489 165 1529 206 in
1568 166 1746 208 civitate.

183 227 325 278 (Vater
357 227 505 276 heilen.
540 235 692 272 mutter
724 231 868 278 nicht.)
920 232 989 274 lat.
1020 233 1112 273 112.

185 297 369 348 Qualiter
401 314 597 352 negamus
633 302 758 344 vitam
783 307 978 345 nostram.
1027 303 1235 345 Adrianus
1258 305 1443 358 regnavit
1467 319 1592 348 rome.
1636 307 1748 358 (Sar-

183 369 360 426 kophag,
395 372 529 418 kurz.)
578 372 647 414 lat.
677 375 741 414 1⁴³.

179 440 364 490 Qualiter
396 443 533 484 anima
565 444 720 486 recedit
752 458 774 486 a
807 444 983 487 Christo.
1040 444 1223 495 Quedam
1264 446 1412 489 nobilis
1453 449 1572 490 vidua
1614 451 1747 505 pacie-

180 511 312 554 batur.
362 513 480 564 (Stal)
515 515 595 556 und
628 515 799 562 taschc.)
848 515 916 558 lat.
944 518 1011 558 25.

179 582 241 626 ΒΘ
289 585 474 627 custodia
516 587 663 628 anime.
728 587 930 629 Narratur
970 587 1078 642 quod
1119 588 1284 642 quidam
1325 589 1550 645 imperator
1591 592 1744 636 habuit.

179 654 516 710 (Kaisertochter,
551 658 793 710 seneschal.)
843 672 969 712 germ.
1000 661 1063 700 11.

178 725 241 768 ΒΘ
267 727 392 780 justis
419 729 641 782 judicibus.
692 729 921 784 Imperator
953 730 1118 785 quidam
1154 735 1242 773 erat
1275 731 1343 785 qui
1376 733 1521 776 statuit
1546 748 1619 789 pro
1642 735 1743 790 lege.

179 796 434 851 (Schinden.)
482 800 551 842 lat.
577 801 643 842 29.

176 867 238 911 De
275 871 572 913 consuetudine
611 872 826 914 victorum.
882 872 1055 923 Quidam
1098 873 1325 929 imperator
1358 879 1447 917 erat
1480 875 1550 930 qui
1583 878 1742 920 statuit.

177 939 425 996 (Triumph.)
474 942 543 985 lat.
569 944 637 984 30.

172 1010 306 1054 Electi
338 1016 378 1054 et
409 1014 574 1069 reprobi
606 1028 687 1056 non
711 1019 1012 1068 cognoscuntur
1035 1016 1110 1058 hic.
1160 1016 1343 1072 Pypinus
1366 1018 1555 1071 regnavit
1575 1019 1617 1061 in
1641 1020 1740 1063 civi-

173 1086 268 1125 tate.
317 1083 546 1135 (Stieskind
578 1086 676 1128 oder
708 1086 878 1140 cignes.)
926 1086 995 1129 lat.
1026 1088 1119 1129 116.

173 1153 236 1196 ΒΘ
266 1160 512 1211 paupertate
545 1157 788 1200 voluntaria.
837 1157 977 1200 Refert
1001 1158 1202 1201 Saturnus
1227 1160 1334 1214 quod
1356 1160 1575 1216 dyogenes.
1624 1162 1742 1214 (Dio-

172 1239 296 1279 genes
328 1227 412 1269 und
445 1227 715 1280 Alexander.)
762 1242 891 1282 germ.
920 1230 986 1271 15.

172 1296 235 1339 ΒΘ
274 1298 560 1341 misericordia
592 1299 745 1342 Christi
779 1300 830 1342 ad
861 1305 1110 1356 peccatores.
1162 1301 1267 1344 Erat
1299 1302 1466 1357 quidam
1498 1305 1737 1360 imperator.

145 1367 302 1420 .(Sohn
333 1370 466 1413 todtet
497 1375 649 1414 mutter
680 1371 824 1424 nicht.)
877 1372 948 1414 lat.
977 1374 1072 1414 100.

172 1438 235 1482 De
258 1441 501 1495 vagabundo
531 1443 663 1485 corde.
705 1442 808 1485 Erat
831 1444 996 1498 quidam
1018 1444 1246 1500 imperator
1268 1445 1337 1499 qui
1360 1445 1515 1489 habuit.
1559 1448 1741 1501 (Kaiser-

170 1511 342 1566 tochter,
375 1513 557 1569 pallast.)
605 1528 732 1568 germ.
758 1515 825 1556 22.

171 1581 234 1625 De
272 1582 367 1626 filiis
407 1585 700 1639 sagittantibus
740 1590 915 1641 patrem.
970 1586 1148 1637 Quidam
1179 1600 1252 1630 rex
1283 1588 1434 1631 nobilis
1467 1589 1581 1632 dives
1615 1594 1737 1646 atque

170 1654 348 1710 sapiens.
399 1655 657 1708 (Schiessen.)
706 1657 777 1699 lat.
801 1658 870 1699 45.

169 1724 233 1767 ΒΘ
263 1726 484 1780 vigilancia
516 1729 707 1784 pastoris.
756 1729 930 1779 Quidam
961 1728 1027 1771 fur
1052 1729 1131 1772 fuit
1152 1730 1222 1785 qui
1245 1730 1296 1773 ad
1318 1731 1485 1774 domum
1509 1733 1736 1787 cujusdam.

170 1795 476 1851 (Mondstrahl.)
525 1798 596 1841 lat.
625 1801 719 1842 136.

167 1866 362 1911 Penitens
395 1871 659 1926 consequitur
690 1871 866 1925 gratiam
890 1872 966 1914 dei.
1015 1871 1190 1922 Quidam
1212 1873 1330 1917 miles
1355 1875 1559 1930 quendam
1583 1890 1734 1931 regem.

169 1938 293 1990 (Halb
324 1941 531 1994 geritten.)
578 1941 648 1984 lat.
677 1943 771 1984 124.

169 2008 386 2066 Simplices
418 2026 500 2055 non
533 2013 683 2056 debent
714 2013 882 2070 despici.
931 2014 1063 2057 Erant
1095 2015 1173 2058 duo
1199 2016 1348 2059 fratres
1371 2017 1569 2061 carnales.
1620 2018 1735 2071 (Drei

167 2080 453 2136 buohstaben.)
501 2099 627 2138 germ.
653 2085 719 2126 26.

166 2152 230 2196 De
273 2154 405 2197 tribus
452 2156 630 2209 regibus.
693 2156 779 2199 Rex
825 2156 1025 2199 danorum
1065 2158 1230 2201 nomine
1268 2158 1415 2201 Ericus
1455 2162 1538 2202 tres
1578 2174 1732 2215 magos.

168 2224 291 2276 (Heil.
316 2225 404 2267 drei
437 2227 616 2280 konige.)
662 2226 733 2269 lat.
758 2228 827 2269 47.

165 2295 229 2338 ΒΘ
254 2297 424 2351 justicia
455 2311 577 2352 quam
603 2298 797 2341 debemus
819 2298 982 2341 habere.
1030 2300 1171 2343 Refert
1193 2300 1371 2343 valerius
1395 2301 1502 2356 quod
1525 2301 1729 2356 selongus.

168 2366 412 2420 (Zaleucus.)
459 2368 530 2410 lat.
556 2370 624 2411 50.

165 2437 265 2481 Dies
297 2439 503 2482 dominica
535 2453 698 2496 semper
730 2444 792 2483 est
822 2440 1079 2485 celebranda.
1126 2443 1255 2499 Tytus
1287 2443 1330 2485 in
1363 2443 1530 2486 civitate
1561 2457 1732 2486 romana

166 2511 365 2564 regnavit.
413 2510 590 2563 (Focas.)
638 2511 708 2554 lat.
733 2512 802 2554 57.

164 2579 227 2624 ΒΘ
257 2582 512 2626 confessione
545 2586 586 2625 et
616 2584 879 2626 contricione.
929 2582 1168 2638 Genogarus
1189 2586 1417 2641 imperator
1438 2599 1513 2641 pro
1535 2586 1624 2640 lege
1646 2591 1728 2629 sta-

164 2652 255 2694 tuit.
305 2653 422 2705 (Drei
451 2653 719 2709 wahrheiten‚
751 2655 859 2706 frei.)
905 2654 976 2697 lat.
1001 2655 1069 2697 58.

164 2721 268 2765 Boni
306 2725 465 2767 intrant
503 2725 545 2767 in
584 2739 755 2780 regnum
797 2725 990 2769 celorum.
1054 2726 1253 2770 Ezechias
1293 2728 1492 2781 regnavit.
1553 2726 1727 2779 (Baum-

165 2794 292 2846 erbe.)
338 2809 466 2850 germ.
491 2797 558 2838 31.

164 2865 227 2908 De
263 2867 392 2909 nimia
429 2868 756 2923 presumpcione.
809 2868 1054 2911 Jovinianus
1095 2870 1318 2925 imperator
1359 2870 1547 2924 regnavit
1585 2870 1725 2912 multis

165 2937 296 2980 annis.
345 2937 636 2991 (Jovinianus.)
683 2939 752 2982 lat.
775 2940 842 2982 59.

110 3016 330 3056 Oesterley,
354 3021 444 3048 Gesta
465 3021 672 3048 Romanorum.
1377 3016 1398 3050 5
