1929 3157
63 1019 127 1060 10.

61 1162 126 1203 11.

59 1304 123 1346 12.

57 1447 122 1489 13.

55 1589 120 1630 14.

52 1731 117 1773 15.

51 1874 115 1916 16.

48 2017 114 2058 17.

47 2159 112 2201 18.

44 2301 110 2343 19.

41 2442 109 2485 20.

39 2584 106 2627 21.

37 2726 105 2769 22.

36 2868 103 2911 23.

873 69 952 110 113

189 165 250 209 De
282 167 523 210 humilitate.
578 169 829 214 Allexander
860 174 928 227 qui
962 174 1186 217 dominium
1218 177 1344 218 totius
1378 179 1519 221 mundi
1552 181 1743 235 optinuit.

188 236 413 290 (Basilisk.)
461 239 530 281 lat.
558 241 654 282 139.

186 307 248 350 De
288 310 529 364 penitencia.
593 311 765 362 Quidam
807 314 923 357 miles
963 320 1051 358 erat
1092 317 1160 372 qui
1200 317 1376 361 habebat
1413 325 1592 364 castrum
1625 322 1741 366 forte.

185 378 402 432 (Storche.)
451 380 521 423 lat.
548 382 614 424 82.

183 449 245 493 De
276 451 573 496 satisfaccione.
627 453 796 508 Legitur
828 456 877 499 de
910 458 1085 511 quodam
1118 459 1367 515 imperatore
1399 475 1579 506 romano.
1630 463 1743 516 (Sar-

185 521 361 577 kophag,
395 523 528 573 kurz.)
576 525 646 567 lat.
676 528 741 567 16.

182 591 392 648 Dyabolus
440 594 603 651 decipit.
667 596 869 641 Narratur
910 600 958 642 de
997 601 1174 655 quodam
1214 603 1412 659 principe.
1478 604 1611 657 (Wein
1650 620 1741 649 ver-

179 663 341 717 giften.)
388 665 458 707 lat.
487 667 554 708 88.

179 733 241 777 De
280 739 462 779 extremo
497 738 666 792 judicio
721 739 922 785 Narratur
962 743 1003 785 in
1042 745 1168 798 gestis
1207 758 1471 789 romanorum
1512 747 1620 802 quod
1652 761 1740 791 mos

179 810 279 848 erat.
328 807 506 861 (Kerze.)
552 809 622 852 lat.
648 811 715 853 98.

177 876 239 919 De
291 877 412 921 beata
464 880 632 934 virgine.
699 882 851 926 Narrat
901 885 1088 928 eusebius
1141 887 1183 928 in
1234 888 1420 931 cronicis.
1484 888 1738 943 (Coriolan.)

176 947 247 990 lat.
276 950 370 991 137.

175 1018 238 1062 De
270 1021 407 1064 anima
438 1023 676 1078 peccatrice.
725 1024 907 1075 Quedam
939 1027 1088 1071 nobilis
1117 1029 1251 1072 vidua.
1302 1029 1418 1083 (Stab
1450 1031 1535 1074 und
1566 1032 1737 1085 tasche.)

175 1089 246 1133 lat.
271 1092 339 1134 25.

174 1161 236 1204 ΒΘ
281 1163 412 1206 tribus
459 1166 614 1208 amicis.
684 1166 886 1211 Narratur
933 1170 1040 1224 quod
1088 1171 1254 1226 quidam
1300 1173 1526 1230 imperator
1571 1175 1733 1218 nobilis.

173 1232 509 1291 (Kaisertochter‚
543 1238 785 1292 seneschal.)
830 1254 957 1294 germ.
986 1243 1050 1284 11.

152 1304 234 1348 ,De
273 1306 494 1360 judicibus.
565 1308 669 1351 Erat
716 1311 882 1365 quidam
931 1313 1158 1369 imperator
1205 1315 1274 1369 qui
1321 1316 1465 1359 statuit
1510 1330 1584 1373 pro
1630 1317 1732 1373 lege.

173 1375 428 1430 (Schinden.)
477 1378 547 1420 lat.
573 1380 640 1421 29.

172 1446 216 1489 In
248 1448 313 1490 die
344 1448 589 1504 palmarum.
646 1450 819 1501 Quidam
851 1454 1090 1510 imperator.
1147 1456 1252 1508 (Nur
1284 1457 1454 1513 anfang‚
1493 1458 1622 1502 dann:
1654 1459 1733 1503 Re-

170 1518 285 1573 quire
316 1533 442 1575 supra
472 1521 522 1564 de
553 1522 791 1578 prudencia,
825 1525 909 1567 und
940 1526 1102 1578 moral.)
1151 1527 1401 1584 (Triumph.)
1448 1529 1519 1572 lat.
1545 1531 1613 1573 30.

167 1589 230 1633 De
269 1590 503 1634 dileccione.
558 1592 730 1649 Pipinus
770 1597 959 1650 regnavit
989 1598 1032 1640 in
1064 1598 1230 1642 civitate
1261 1613 1444 1643 romana.
1502 1600 1733 1654 (Stiefkind

168 1661 250 1703 und
282 1662 453 1716 eigneS.)
501 1663 572 1706 lat.
599 1666 694 1708 116.

165 1732 228 1775 ΒΘ
257 1733 540 1778 tribulacione.
588 1735 730 1779 Refert
754 1737 943 1781 Valerius
975 1738 1080 1782 libro
1112 1741 1240 1784 tercio
1273 1742 1380 1797 quod
1414 1744 1580 1799 quidam
1612 1758 1727 1801 puer.

167 1803 343 1856 (Kohle.)
390 1819 517 1859 germ.
545 1808 611 1849 16.

163 1874 226 1917 ΒΘ
255 1875 508 1920 fortitudine.
557 1878 696 1922 Refert
726 1879 980 1923 Allexander
1010 1882 1280 1940 philosophus
1313 1885 1364 1928 de
1395 1889 1543 1929 natura
1574 1900 1724 1930 rerum.

163 1945 332 2001 (Virgils
363 1947 478 2000 bild.)
526 1963 653 2004 germ.
682 1951 747 1993 18.

161 2016 224 2060 De
254 2019 496 2062 resistencia
523 2021 597 2064 VII
627 2022 806 2077 peccatis
838 2023 1094 2068 mortalibus.
1150 2025 1253 2069 Erat
1285 2027 1451 2082 quidam
1484 2028 1722 2085 imperator.

162 2088 253 2140 (VII
285 2103 387 2146 sap„
421 2091 495 2133 VII
527 2093 631 2148 sap.)
679 2106 806 2146 germ.
832 2095 901 2137 48.

159 2159 370 2210 Quomodo
420 2161 582 2204 liberati
629 2177 770 2207 sumus
819 2169 893 2209 etc.
963 2165 1136 2222 Legitur
1181 2168 1225 2210 in
1273 2169 1489 2213 scolastica
1534 2171 1719 2214 historia.

160 2229 352 2286 (Strauss,
386 2233 453 2284 ei.)
502 2247 597 2289 app.
625 2235 691 2277 60.

157 2301 367 2353 Quomodo
400 2317 473 2359 per
504 2308 677 2348 mortem
709 2306 824 2349 cristi
847 2307 1010 2351 liberati
1034 2323 1187 2353 sumus.
1236 2310 1377 2354 Refert
1399 2311 1587 2355 Valerius
1611 2313 1719 2368 quod

157 2373 363 2417 dorenses.
412 2375 617 2427 (Codrus.)
664 2376 735 2419 lat.
758 2378 827 2420 41.

156 2443 219 2487 De
258 2444 475 2501 baptismo.
532 2445 707 2490 Sanctus
747 2449 982 2494 adalbertus
1014 2452 1114 2495 dicit
1146 2453 1254 2508 quod
1285 2454 1328 2496 in
1359 2454 1465 2496 mari
1497 2458 1559 2497 est
1589 2455 1715 2511 piscis

157 2514 368 2569 (algarus).
417 2517 637 2569 (Erneuert
668 2519 785 2571 sloh.)
831 2534 925 2577 app.
950 2523 1017 2565 61.

154 2585 217 2628 ΒΘ
247 2588 448 2630 memoria
478 2589 682 2644 passionis
714 2590 842 2632 cristi.
894 2591 990 2635 Fuit
1022 2595 1189 2649 quidam
1221 2609 1295 2638 rex
1327 2596 1396 2650 qui
1427 2596 1571 2639 habuit
1599 2596 1713 2640 infir-

153 2657 352 2700 mitatem.
401 2658 535 2711 (Wein
568 2660 777 2715 vei-boten,
808 2662 957 2705 freund
988 2665 1071 2707 und
1101 2666 1245 2713 feind.)
1294 2680 1388 2723 app.
1413 2668 1480 2709 39.

153 2727 216 2771 ΒΘ
261 2730 548 2773 incarnacione
595 2731 762 2774 domini.
824 2733 930 2777 Erat
975 2736 1141 2791 quidam
1179 2738 1407 2793 imperator
1445 2738 1515 2794 qui
1553 2740 1709 2783 statuit.

152 2798 281 2852 (Sohn
313 2800 444 2844 todtet
475 2806 628 2845 mutter
659 2803 802 2856 nicht.)
851 2805 923 2848 lat.
950 2808 1044 2849 100.

151 2870 214 2913 ΒΘ
245 2871 527 2916 obstruccione
558 2874 720 2916 inferni.
770 2875 816 2918 In
846 2877 982 2920 medio
1014 2891 1130 2921 rome
1160 2879 1203 2921 in
1236 2879 1412 2934 quodam
1438 2879 1540 2923 loco.
1590 2881 1709 2934 (Ani-

149 2941 288 2995 linus.)
336 2942 549 2996 (Curtius.)
596 2944 666 2987 lat.
690 2946 760 2988 43.

95 3021 311 3061 Oesterley.
334 3023 425 3052 Gesta
445 3025 656 3054 Romanorum.
1361 3026 1382 3060 8
