<?xml version="1.0" encoding="UTF-8"?>
<!DOCTYPE html PUBLIC "-//W3C//DTD XHTML 1.0 Transitional//EN"
    "http://www.w3.org/TR/xhtml1/DTD/xhtml1-transitional.dtd">
<html xmlns="http://www.w3.org/1999/xhtml" xml:lang="en" lang="en">
 <head>
  <title>
</title>
<meta http-equiv="Content-Type" content="text/html;charset=utf-8" />
  <meta name='ocr-system' content='tesseract 3.04.00' />
  <meta name='ocr-capabilities' content='ocr_page ocr_carea ocr_par ocr_line ocrx_word'/>
</head>
<body>
  <div class='ocr_page' id='page_1' title='image "./gestaromanorum00oestuoft_0484.png"; bbox 0 0 1949 3162; ppageno 0'>
   <div class='ocr_carea' id='block_1_1' title="bbox 980 61 1066 102">
    <p class='ocr_par' dir='ltr' id='par_1_1' title="bbox 980 61 1066 102">
     <span class='ocr_line' id='line_1_1' title="bbox 980 61 1066 102; baseline 0 0"><span class='ocrx_word' id='word_1_1' title='bbox 980 61 1066 102; x_wconf 82' lang='lat'>462</span> 
     </span>
    </p>
   </div>
   <div class='ocr_carea' id='block_1_2' title="bbox 127 165 1908 3001">
    <p class='ocr_par' dir='ltr' id='par_1_2' title="bbox 127 165 1884 1719">
     <span class='ocr_line' id='line_1_2' title="bbox 193 165 1876 222; baseline -0.002 -12"><span class='ocrx_word' id='word_1_2' title='bbox 193 169 296 211; x_wconf 87' lang='lat' dir='ltr'>turis</span> <span class='ocrx_word' id='word_1_3' title='bbox 319 168 596 221; x_wconf 80' lang='lat' dir='ltr'>deargentatis</span> <span class='ocrx_word' id='word_1_4' title='bbox 618 167 825 222; x_wconf 72' lang='lat' dir='ltr'>lapidibus</span> <span class='ocrx_word' id='word_1_5' title='bbox 847 166 1012 221; x_wconf 90' lang='lat' dir='ltr'>impleri</span> <span class='ocrx_word' id='word_1_6' title='bbox 1029 166 1174 220; x_wconf 81' lang='lat' dir='ltr'>jussit3</span> <span class='ocrx_word' id='word_1_7' title='bbox 1207 165 1326 208; x_wconf 90' lang='lat' dir='ltr'>miles</span> <span class='ocrx_word' id='word_1_8' title='bbox 1349 179 1445 208; x_wconf 90' lang='lat' dir='ltr'>vero</span> <span class='ocrx_word' id='word_1_9' title='bbox 1467 165 1576 219; x_wconf 88' lang='lat' dir='ltr'>fecit,</span> <span class='ocrx_word' id='word_1_10' title='bbox 1602 167 1708 208; x_wconf 88' lang='lat' dir='ltr'>sicut</span> <span class='ocrx_word' id='word_1_11' title='bbox 1728 165 1876 208; x_wconf 89' lang='lat' dir='ltr'>mulier</span> 
     </span>
     <span class='ocr_line' id='line_1_3' title="bbox 187 236 1876 294; baseline -0.002 -13"><span class='ocrx_word' id='word_1_12' title='bbox 187 240 324 294; x_wconf 88' lang='lat' dir='ltr'>jussit.</span> <span class='ocrx_word' id='word_1_13' title='bbox 380 238 528 280; x_wconf 84' lang='lat' dir='ltr'>Mulier</span> <span class='ocrx_word' id='word_1_14' title='bbox 559 238 701 280; x_wconf 89' lang='lat' dir='ltr'>videns</span> <span class='ocrx_word' id='word_1_15' title='bbox 735 238 873 279; x_wconf 89' lang='lat' dir='ltr'>omnia</span> <span class='ocrx_word' id='word_1_16' title='bbox 906 241 1072 293; x_wconf 85' lang='lat' dir='ltr'>parata,</span> <span class='ocrx_word' id='word_1_17' title='bbox 1113 236 1191 278; x_wconf 89' lang='lat' dir='ltr'>ait:</span> <span class='ocrx_word' id='word_1_18' title='bbox 1233 236 1352 278; x_wconf 92' lang='lat' dir='ltr'>Nunc</span> <span class='ocrx_word' id='word_1_19' title='bbox 1395 236 1533 278; x_wconf 91' lang='lat' dir='ltr'>decem</span> <span class='ocrx_word' id='word_1_20' title='bbox 1566 237 1752 279; x_wconf 91' lang='lat' dir='ltr'>homines</span> <span class='ocrx_word' id='word_1_21' title='bbox 1784 250 1876 292; x_wconf 88' lang='lat' dir='ltr'>per-</span> 
     </span>
     <span class='ocr_line' id='line_1_4' title="bbox 194 307 1878 365; baseline -0.002 -13"><span class='ocrx_word' id='word_1_22' title='bbox 194 312 321 365; x_wconf 83' lang='lat' dir='ltr'>quire,</span> <span class='ocrx_word' id='word_1_23' title='bbox 356 310 424 364; x_wconf 87' lang='lat' dir='ltr'>qui</span> <span class='ocrx_word' id='word_1_24' title='bbox 455 323 614 351; x_wconf 90' lang='lat' dir='ltr'>mecum</span> <span class='ocrx_word' id='word_1_25' title='bbox 649 313 689 351; x_wconf 89' lang='lat' dir='ltr'>et</span> <span class='ocrx_word' id='word_1_26' title='bbox 720 322 812 350; x_wconf 92' lang='lat' dir='ltr'>cum</span> <span class='ocrx_word' id='word_1_27' title='bbox 846 308 954 350; x_wconf 91' lang='lat' dir='ltr'>socio</span> <span class='ocrx_word' id='word_1_28' title='bbox 986 312 1057 349; x_wconf 87' lang='lat' dir='ltr'>tuo</span> <span class='ocrx_word' id='word_1_29' title='bbox 1091 307 1141 349; x_wconf 88' lang='lat' dir='ltr'>ad</span> <span class='ocrx_word' id='word_1_30' title='bbox 1171 308 1335 349; x_wconf 90' lang='lat' dir='ltr'>domum</span> <span class='ocrx_word' id='word_1_31' title='bbox 1370 308 1599 363; x_wconf 88' lang='lat' dir='ltr'>deceptoris</span> <span class='ocrx_word' id='word_1_32' title='bbox 1631 308 1692 350; x_wconf 92' lang='lat' dir='ltr'>tui</span> <span class='ocrx_word' id='word_1_33' title='bbox 1724 307 1878 349; x_wconf 83' lang='lat' dir='ltr'><strong>vadant</strong></span> 
     </span>
     <span class='ocr_line' id='line_1_5' title="bbox 194 378 1879 436; baseline -0.002 -13"><span class='ocrx_word' id='word_1_34' title='bbox 194 386 235 424; x_wconf 91' lang='lat' dir='ltr'>et</span> <span class='ocrx_word' id='word_1_35' title='bbox 272 381 468 436; x_wconf 78' lang='lat' dir='ltr'>cophinos</span> <span class='ocrx_word' id='word_1_36' title='bbox 513 381 710 422; x_wconf 88' lang='lat' dir='ltr'>deferant.</span> <span class='ocrx_word' id='word_1_37' title='bbox 771 379 884 421; x_wconf 90' lang='lat' dir='ltr'>Unus</span> <span class='ocrx_word' id='word_1_38' title='bbox 931 383 1025 434; x_wconf 91' lang='lat' dir='ltr'>post</span> <span class='ocrx_word' id='word_1_39' title='bbox 1064 378 1190 420; x_wconf 88' lang='lat' dir='ltr'>alium</span> <span class='ocrx_word' id='word_1_40' title='bbox 1240 380 1450 421; x_wconf 88' lang='lat' dir='ltr'>venientes</span> <span class='ocrx_word' id='word_1_41' title='bbox 1492 379 1634 421; x_wconf 88' lang='lat' dir='ltr'>ordine</span> <span class='ocrx_word' id='word_1_42' title='bbox 1672 379 1794 433; x_wconf 89' lang='lat' dir='ltr'>longo</span> <span class='ocrx_word' id='word_1_43' title='bbox 1839 383 1879 421; x_wconf 88' lang='lat' dir='ltr'>et</span> 
     </span>
     <span class='ocr_line' id='line_1_6' title="bbox 148 450 1879 507; baseline -0.002 -12"><span class='ocrx_word' id='word_1_44' title='bbox 148 462 169 495; x_wconf 86' lang='lat'>5</span> <span class='ocrx_word' id='word_1_45' title='bbox 195 466 314 507; x_wconf 91' lang='lat' dir='ltr'>quam</span> <span class='ocrx_word' id='word_1_46' title='bbox 356 453 435 494; x_wconf 90' lang='lat' dir='ltr'>cito</span> <span class='ocrx_word' id='word_1_47' title='bbox 475 452 633 507; x_wconf 88' lang='lat' dir='ltr'>primus</span> <span class='ocrx_word' id='word_1_48' title='bbox 674 452 845 493; x_wconf 88' lang='lat' dir='ltr'>intravit</span> <span class='ocrx_word' id='word_1_49' title='bbox 884 455 924 492; x_wconf 90' lang='lat' dir='ltr'>et</span> <span class='ocrx_word' id='word_1_50' title='bbox 960 450 1175 491; x_wconf 90' lang='lat' dir='ltr'>nobiscum</span> <span class='ocrx_word' id='word_1_51' title='bbox 1215 450 1399 504; x_wconf 78' lang='lat' dir='ltr'>quiescit.</span> <span class='ocrx_word' id='word_1_52' title='bbox 1461 450 1564 492; x_wconf 88' lang='lat' dir='ltr'>Veni</span> <span class='ocrx_word' id='word_1_53' title='bbox 1605 451 1800 492; x_wconf 83' lang='lat' dir='ltr'>audacter</span> <span class='ocrx_word' id='word_1_54' title='bbox 1838 454 1879 492; x_wconf 90' lang='lat' dir='ltr'>et</span> 
     </span>
     <span class='ocr_line' id='line_1_7' title="bbox 195 520 1876 579; baseline -0.002 -14"><span class='ocrx_word' id='word_1_55' title='bbox 195 528 288 579; x_wconf 90' lang='lat' dir='ltr'>pete</span> <span class='ocrx_word' id='word_1_56' title='bbox 321 524 557 578; x_wconf 82' lang='lat' dir='ltr'>pecuniam!</span> <span class='ocrx_word' id='word_1_57' title='bbox 591 522 678 576; x_wconf 91' lang='lat' dir='ltr'>Ego</span> <span class='ocrx_word' id='word_1_58' title='bbox 713 536 806 564; x_wconf 87' lang='lat' dir='ltr'>vero</span> <span class='ocrx_word' id='word_1_59' title='bbox 840 522 881 563; x_wconf 89' lang='lat' dir='ltr'>in</span> <span class='ocrx_word' id='word_1_60' title='bbox 906 521 980 563; x_wconf 89' lang='lat' dir='ltr'>deo</span> <span class='ocrx_word' id='word_1_61' title='bbox 1013 520 1185 574; x_wconf 81' lang='lat' dir='ltr'>confide,</span> <span class='ocrx_word' id='word_1_62' title='bbox 1219 521 1325 575; x_wconf 88' lang='lat' dir='ltr'>quod</span> <span class='ocrx_word' id='word_1_63' title='bbox 1358 522 1533 576; x_wconf 90' lang='lat' dir='ltr'>pecunia</span> <span class='ocrx_word' id='word_1_64' title='bbox 1565 521 1639 563; x_wconf 90' lang='lat' dir='ltr'>tibi</span> <span class='ocrx_word' id='word_1_65' title='bbox 1671 521 1876 563; x_wconf 84' lang='lat' dir='ltr'>reddetur.</span> 
     </span>
     <span class='ocr_line' id='line_1_8' title="bbox 195 592 1876 648; baseline -0.002 -12"><span class='ocrx_word' id='word_1_66' title='bbox 195 594 280 645; x_wconf 85' lang='lat' dir='ltr'>Que</span> <span class='ocrx_word' id='word_1_67' title='bbox 320 594 459 636; x_wconf 84' lang='lat' dir='ltr'>vetula</span> <span class='ocrx_word' id='word_1_68' title='bbox 505 607 596 636; x_wconf 90' lang='lat' dir='ltr'>cum</span> <span class='ocrx_word' id='word_1_69' title='bbox 636 594 745 635; x_wconf 83' lang='lat' dir='ltr'>soc-io</span> <span class='ocrx_word' id='word_1_70' title='bbox 786 593 945 648; x_wconf 85' lang='lat' dir='ltr'>decepti</span> <span class='ocrx_word' id='word_1_71' title='bbox 993 592 1042 633; x_wconf 88' lang='lat' dir='ltr'>ad</span> <span class='ocrx_word' id='word_1_72' title='bbox 1085 592 1250 633; x_wconf 89' lang='lat' dir='ltr'>domum</span> <span class='ocrx_word' id='word_1_73' title='bbox 1293 592 1522 647; x_wconf 87' lang='lat' dir='ltr'>deceptoris</span> <span class='ocrx_word' id='word_1_74' title='bbox 1571 593 1684 635; x_wconf 91' lang='lat' dir='ltr'>venit</span> <span class='ocrx_word' id='word_1_75' title='bbox 1721 595 1762 634; x_wconf 91' lang='lat' dir='ltr'>et</span> <span class='ocrx_word' id='word_1_76' title='bbox 1800 592 1876 634; x_wconf 88' lang='lat' dir='ltr'>ait:</span> 
     </span>
     <span class='ocr_line' id='line_1_9' title="bbox 195 663 1879 719; baseline -0.002 -11"><span class='ocrx_word' id='word_1_77' title='bbox 195 666 392 719; x_wconf 90' lang='lat' dir='ltr'>Domine,</span> <span class='ocrx_word' id='word_1_78' title='bbox 438 666 515 707; x_wconf 89' lang='lat' dir='ltr'>iste</span> <span class='ocrx_word' id='word_1_79' title='bbox 554 669 775 707; x_wconf 76' lang='lat' dir='ltr'>extraneus</span> <span class='ocrx_word' id='word_1_80' title='bbox 814 664 934 705; x_wconf 92' lang='lat' dir='ltr'>homo</span> <span class='ocrx_word' id='word_1_81' title='bbox 976 663 1208 718; x_wconf 86' lang='lat' dir='ltr'>hospitatus</span> <span class='ocrx_word' id='word_1_82' title='bbox 1249 667 1310 705; x_wconf 90' lang='lat' dir='ltr'>est</span> <span class='ocrx_word' id='word_1_83' title='bbox 1349 677 1506 705; x_wconf 89' lang='lat' dir='ltr'>mecum</span> <span class='ocrx_word' id='word_1_84' title='bbox 1558 668 1599 706; x_wconf 89' lang='lat' dir='ltr'>et</span> <span class='ocrx_word' id='word_1_85' title='bbox 1642 663 1728 705; x_wconf 93' lang='lat' dir='ltr'>vult</span> <span class='ocrx_word' id='word_1_86' title='bbox 1766 663 1879 705; x_wconf 87' lang='lat' dir='ltr'>adire</span> 
     </span>
     <span class='ocr_line' id='line_1_10' title="bbox 196 734 1876 793; baseline -0.002 -14"><span class='ocrx_word' id='word_1_87' title='bbox 196 737 372 793; x_wconf 89' lang='lat' dir='ltr'>patriam</span> <span class='ocrx_word' id='word_1_88' title='bbox 421 751 536 778; x_wconf 87' lang='lat' dir='ltr'>suam</span> <span class='ocrx_word' id='word_1_89' title='bbox 586 741 626 778; x_wconf 90' lang='lat' dir='ltr'>et</span> <span class='ocrx_word' id='word_1_90' title='bbox 674 736 808 790; x_wconf 89' lang='lat' dir='ltr'>querit</span> <span class='ocrx_word' id='word_1_91' title='bbox 854 735 968 790; x_wconf 90' lang='lat' dir='ltr'>prius</span> <span class='ocrx_word' id='word_1_92' title='bbox 1014 735 1230 790; x_wconf 87' lang='lat' dir='ltr'>pecuniam</span> <span class='ocrx_word' id='word_1_93' title='bbox 1280 748 1394 776; x_wconf 89' lang='lat' dir='ltr'>suam</span> <span class='ocrx_word' id='word_1_94' title='bbox 1440 748 1518 789; x_wconf 89' lang='lat' dir='ltr'>que</span> <span class='ocrx_word' id='word_1_95' title='bbox 1559 738 1621 777; x_wconf 89' lang='lat' dir='ltr'>est</span> <span class='ocrx_word' id='word_1_96' title='bbox 1658 734 1700 776; x_wconf 92' lang='lat' dir='ltr'>in</span> <span class='ocrx_word' id='word_1_97' title='bbox 1739 734 1876 776; x_wconf 89' lang='lat' dir='ltr'>decem</span> 
     </span>
     <span class='ocr_line' id='line_1_11' title="bbox 127 805 1878 864; baseline -0.002 -14"><span class='ocrx_word' id='word_1_98' title='bbox 127 816 171 850; x_wconf 88' lang='lat'>10</span> <span class='ocrx_word' id='word_1_99' title='bbox 196 809 396 864; x_wconf 91' lang='lat' dir='ltr'>cophinis,</span> <span class='ocrx_word' id='word_1_100' title='bbox 430 807 551 850; x_wconf 88' lang='lat' dir='ltr'>alicui</span> <span class='ocrx_word' id='word_1_101' title='bbox 584 807 739 849; x_wconf 90' lang='lat' dir='ltr'>homini</span> <span class='ocrx_word' id='word_1_102' title='bbox 763 806 889 862; x_wconf 90' lang='lat' dir='ltr'>probo</span> <span class='ocrx_word' id='word_1_103' title='bbox 920 810 960 848; x_wconf 92' lang='lat' dir='ltr'>et</span> <span class='ocrx_word' id='word_1_104' title='bbox 991 805 1101 848; x_wconf 88' lang='lat' dir='ltr'>fideli</span> <span class='ocrx_word' id='word_1_105' title='bbox 1134 806 1435 859; x_wconf 87' lang='lat' dir='ltr'>commendare,</span> <span class='ocrx_word' id='word_1_106' title='bbox 1468 806 1597 848; x_wconf 89' lang='lat' dir='ltr'>donec</span> <span class='ocrx_word' id='word_1_107' title='bbox 1627 809 1878 857; x_wconf 81' lang='lat' dir='ltr'>revertatur3</span> 
     </span>
     <span class='ocr_line' id='line_1_12' title="bbox 196 876 1881 936; baseline -0.002 -14"><span class='ocrx_word' id='word_1_108' title='bbox 196 894 342 936; x_wconf 90' lang='lat' dir='ltr'>precor</span> <span class='ocrx_word' id='word_1_109' title='bbox 374 893 468 933; x_wconf 88' lang='lat' dir='ltr'>ergo</span> <span class='ocrx_word' id='word_1_110' title='bbox 503 883 555 933; x_wconf 91' lang='lat' dir='ltr'>te,</span> <span class='ocrx_word' id='word_1_111' title='bbox 589 882 635 921; x_wconf 90' lang='lat' dir='ltr'>ut</span> <span class='ocrx_word' id='word_1_112' title='bbox 667 892 805 920; x_wconf 88' lang='lat' dir='ltr'>amore</span> <span class='ocrx_word' id='word_1_113' title='bbox 837 878 902 920; x_wconf 86' lang='lat' dir='ltr'>dei</span> <span class='ocrx_word' id='word_1_114' title='bbox 935 882 976 919; x_wconf 92' lang='lat' dir='ltr'>et</span> <span class='ocrx_word' id='word_1_115' title='bbox 1006 878 1087 919; x_wconf 88' lang='lat' dir='ltr'>mei</span> <span class='ocrx_word' id='word_1_116' title='bbox 1120 878 1162 918; x_wconf 90' lang='lat' dir='ltr'>in</span> <span class='ocrx_word' id='word_1_117' title='bbox 1195 877 1315 918; x_wconf 88' lang='lat' dir='ltr'>domo</span> <span class='ocrx_word' id='word_1_118' title='bbox 1348 881 1418 918; x_wconf 86' lang='lat' dir='ltr'>tua</span> <span class='ocrx_word' id='word_1_119' title='bbox 1449 877 1679 929; x_wconf 86' lang='lat' dir='ltr'>custodias;</span> <span class='ocrx_word' id='word_1_120' title='bbox 1713 881 1753 919; x_wconf 92' lang='lat' dir='ltr'>et</span> <span class='ocrx_word' id='word_1_121' title='bbox 1784 876 1881 931; x_wconf 91' lang='lat' dir='ltr'>quia</span> 
     </span>
     <span class='ocr_line' id='line_1_13' title="bbox 197 948 1880 1004; baseline -0.002 -11"><span class='ocrx_word' id='word_1_122' title='bbox 197 951 334 993; x_wconf 85' lang='lat' dir='ltr'>audivi</span> <span class='ocrx_word' id='word_1_123' title='bbox 366 956 406 993; x_wconf 92' lang='lat' dir='ltr'>et</span> <span class='ocrx_word' id='word_1_124' title='bbox 439 951 521 992; x_wconf 80' lang='lat' dir='ltr'>scio</span> <span class='ocrx_word' id='word_1_125' title='bbox 554 955 594 992; x_wconf 89' lang='lat' dir='ltr'>te</span> <span class='ocrx_word' id='word_1_126' title='bbox 626 950 797 1004; x_wconf 89' lang='lat' dir='ltr'>probum</span> <span class='ocrx_word' id='word_1_127' title='bbox 833 954 873 991; x_wconf 91' lang='lat' dir='ltr'>et</span> <span class='ocrx_word' id='word_1_128' title='bbox 904 948 1079 1002; x_wconf 88' lang='lat' dir='ltr'>fidelem,</span> <span class='ocrx_word' id='word_1_129' title='bbox 1116 948 1210 990; x_wconf 87' lang='lat' dir='ltr'>nolo</span> <span class='ocrx_word' id='word_1_130' title='bbox 1243 962 1317 1003; x_wconf 91' lang='lat' dir='ltr'>per</span> <span class='ocrx_word' id='word_1_131' title='bbox 1349 948 1527 1002; x_wconf 85' lang='lat' dir='ltr'>aliquem</span> <span class='ocrx_word' id='word_1_132' title='bbox 1559 948 1639 990; x_wconf 89' lang='lat' dir='ltr'>nisi</span> <span class='ocrx_word' id='word_1_133' title='bbox 1671 952 1810 1004; x_wconf 90' lang='lat' dir='ltr'>preter</span> <span class='ocrx_word' id='word_1_134' title='bbox 1840 951 1880 990; x_wconf 89' lang='lat' dir='ltr'>te</span> 
     </span>
     <span class='ocr_line' id='line_1_14' title="bbox 196 1019 1880 1077; baseline -0.002 -13"><span class='ocrx_word' id='word_1_135' title='bbox 196 1022 326 1064; x_wconf 91' lang='lat' dir='ltr'>solum</span> <span class='ocrx_word' id='word_1_136' title='bbox 363 1023 577 1077; x_wconf 87' lang='lat' dir='ltr'>pecuniam</span> <span class='ocrx_word' id='word_1_137' title='bbox 612 1021 831 1063; x_wconf 89' lang='lat' dir='ltr'>custodire.</span> <span class='ocrx_word' id='word_1_138' title='bbox 889 1019 990 1062; x_wconf 88' lang='lat' dir='ltr'>Cum</span> <span class='ocrx_word' id='word_1_139' title='bbox 1025 1020 1084 1062; x_wconf 92' lang='lat' dir='ltr'>sic</span> <span class='ocrx_word' id='word_1_140' title='bbox 1115 1019 1365 1074; x_wconf 89' lang='lat' dir='ltr'>loqueretur,</span> <span class='ocrx_word' id='word_1_141' title='bbox 1399 1033 1490 1062; x_wconf 88' lang='lat' dir='ltr'>ecce</span> <span class='ocrx_word' id='word_1_142' title='bbox 1521 1020 1692 1061; x_wconf 89' lang='lat' dir='ltr'>intravit</span> <span class='ocrx_word' id='word_1_143' title='bbox 1722 1019 1880 1075; x_wconf 88' lang='lat' dir='ltr'>primus</span> 
     </span>
     <span class='ocr_line' id='line_1_15' title="bbox 197 1091 1881 1148; baseline -0.002 -12"><span class='ocrx_word' id='word_1_144' title='bbox 197 1108 338 1136; x_wconf 83' lang='lat' dir='ltr'>servus</span> <span class='ocrx_word' id='word_1_145' title='bbox 361 1094 548 1136; x_wconf 89' lang='lat' dir='ltr'>deferens</span> <span class='ocrx_word' id='word_1_146' title='bbox 571 1093 793 1148; x_wconf 80' lang='lat' dir='ltr'>cophinum</span> <span class='ocrx_word' id='word_1_147' title='bbox 823 1105 962 1133; x_wconf 92' lang='lat' dir='ltr'>unum.</span> <span class='ocrx_word' id='word_1_148' title='bbox 1011 1091 1127 1141; x_wconf 82' lang='lat' dir='ltr'>Quod</span> <span class='ocrx_word' id='word_1_149' title='bbox 1160 1091 1303 1133; x_wconf 89' lang='lat' dir='ltr'>videns</span> <span class='ocrx_word' id='word_1_150' title='bbox 1326 1091 1520 1146; x_wconf 82' lang='lat' dir='ltr'>deceptor</span> <span class='ocrx_word' id='word_1_151' title='bbox 1541 1091 1717 1133; x_wconf 89' lang='lat' dir='ltr'>credidit</span> <span class='ocrx_word' id='word_1_152' title='bbox 1738 1104 1881 1133; x_wconf 90' lang='lat' dir='ltr'>verum</span> 
     </span>
     <span class='ocr_line' id='line_1_16' title="bbox 131 1162 1879 1219; baseline -0.002 -12"><span class='ocrx_word' id='word_1_153' title='bbox 131 1175 171 1208; x_wconf 83' lang='lat'>15</span> <span class='ocrx_word' id='word_1_154' title='bbox 198 1179 285 1207; x_wconf 89' lang='lat' dir='ltr'>esse</span> <span class='ocrx_word' id='word_1_155' title='bbox 318 1165 425 1219; x_wconf 93' lang='lat' dir='ltr'>quod</span> <span class='ocrx_word' id='word_1_156' title='bbox 458 1164 595 1207; x_wconf 89' lang='lat' dir='ltr'>vetula</span> <span class='ocrx_word' id='word_1_157' title='bbox 627 1164 745 1205; x_wconf 75' lang='lat' dir='ltr'>dixit.</span> <span class='ocrx_word' id='word_1_158' title='bbox 798 1163 898 1205; x_wconf 91' lang='lat' dir='ltr'>Post</span> <span class='ocrx_word' id='word_1_159' title='bbox 929 1163 1004 1204; x_wconf 93' lang='lat' dir='ltr'>hoc</span> <span class='ocrx_word' id='word_1_160' title='bbox 1036 1163 1206 1205; x_wconf 89' lang='lat' dir='ltr'>intravit</span> <span class='ocrx_word' id='word_1_161' title='bbox 1246 1162 1385 1216; x_wconf 91' lang='lat' dir='ltr'>miles,</span> <span class='ocrx_word' id='word_1_162' title='bbox 1427 1166 1471 1204; x_wconf 91' lang='lat' dir='ltr'>ut</span> <span class='ocrx_word' id='word_1_163' title='bbox 1508 1162 1644 1204; x_wconf 88' lang='lat' dir='ltr'>vetula</span> <span class='ocrx_word' id='word_1_164' title='bbox 1682 1162 1879 1218; x_wconf 86' lang='lat' dir='ltr'>precepit.</span> 
     </span>
     <span class='ocr_line' id='line_1_17' title="bbox 199 1233 1882 1291; baseline -0.002 -13"><span class='ocrx_word' id='word_1_165' title='bbox 199 1236 326 1287; x_wconf 85' lang='lat' dir='ltr'>Quem</span> <span class='ocrx_word' id='word_1_166' title='bbox 365 1236 508 1278; x_wconf 89' lang='lat' dir='ltr'>videns</span> <span class='ocrx_word' id='word_1_167' title='bbox 540 1236 756 1291; x_wconf 76' lang='lat' dir='ltr'>deceptor,</span> <span class='ocrx_word' id='word_1_168' title='bbox 797 1235 970 1287; x_wconf 78' lang='lat' dir='ltr'>timens,</span> <span class='ocrx_word' id='word_1_169' title='bbox 1013 1234 1047 1275; x_wconf 88' lang='lat' dir='ltr'>si</span> <span class='ocrx_word' id='word_1_170' title='bbox 1086 1235 1302 1289; x_wconf 88' lang='lat' dir='ltr'>pecuniam</span> <span class='ocrx_word' id='word_1_171' title='bbox 1335 1237 1514 1289; x_wconf 89' lang='lat' dir='ltr'>peteret,</span> <span class='ocrx_word' id='word_1_172' title='bbox 1557 1234 1661 1275; x_wconf 88' lang='lat' dir='ltr'>alius</span> <span class='ocrx_word' id='word_1_173' title='bbox 1691 1233 1769 1275; x_wconf 90' lang='lat' dir='ltr'>sibi</span> <span class='ocrx_word' id='word_1_174' title='bbox 1800 1246 1882 1275; x_wconf 90' lang='lat' dir='ltr'>non</span> 
     </span>
     <span class='ocr_line' id='line_1_18' title="bbox 196 1304 1882 1361; baseline -0.002 -11"><span class='ocrx_word' id='word_1_175' title='bbox 196 1308 401 1361; x_wconf 86' lang='lat' dir='ltr'>crederet,</span> <span class='ocrx_word' id='word_1_176' title='bbox 443 1307 494 1349; x_wconf 89' lang='lat' dir='ltr'>ad</span> <span class='ocrx_word' id='word_1_177' title='bbox 526 1306 838 1349; x_wconf 87' lang='lat' dir='ltr'>custodiendum</span> <span class='ocrx_word' id='word_1_178' title='bbox 877 1319 972 1347; x_wconf 87' lang='lat' dir='ltr'>suas</span> <span class='ocrx_word' id='word_1_179' title='bbox 1006 1306 1199 1360; x_wconf 85' lang='lat' dir='ltr'>pecunias</span> <span class='ocrx_word' id='word_1_180' title='bbox 1232 1309 1376 1347; x_wconf 89' lang='lat' dir='ltr'>contra</span> <span class='ocrx_word' id='word_1_181' title='bbox 1408 1319 1499 1347; x_wconf 90' lang='lat' dir='ltr'>eum</span> <span class='ocrx_word' id='word_1_182' title='bbox 1533 1305 1647 1347; x_wconf 89' lang='lat' dir='ltr'>venit</span> <span class='ocrx_word' id='word_1_183' title='bbox 1678 1304 1882 1347; x_wconf 88' lang='lat' dir='ltr'>adulando</span> 
     </span>
     <span class='ocr_line' id='line_1_19' title="bbox 201 1375 1884 1432; baseline -0.002 -11"><span class='ocrx_word' id='word_1_184' title='bbox 201 1379 366 1421; x_wconf 89' lang='lat' dir='ltr'>diceus:</span> <span class='ocrx_word' id='word_1_185' title='bbox 411 1379 572 1432; x_wconf 88' lang='lat' dir='ltr'>Amice,</span> <span class='ocrx_word' id='word_1_186' title='bbox 607 1378 675 1420; x_wconf 91' lang='lat' dir='ltr'>ubi</span> <span class='ocrx_word' id='word_1_187' title='bbox 706 1378 849 1419; x_wconf 84' lang='lat' dir='ltr'>fuisti?</span> <span class='ocrx_word' id='word_1_188' title='bbox 888 1377 991 1418; x_wconf 91' lang='lat' dir='ltr'>Veni</span> <span class='ocrx_word' id='word_1_189' title='bbox 1033 1380 1074 1418; x_wconf 92' lang='lat' dir='ltr'>et</span> <span class='ocrx_word' id='word_1_190' title='bbox 1105 1377 1243 1432; x_wconf 80' lang='lat' dir='ltr'>accipe</span> <span class='ocrx_word' id='word_1_191' title='bbox 1275 1377 1492 1432; x_wconf 88' lang='lat' dir='ltr'>pecuniam</span> <span class='ocrx_word' id='word_1_192' title='bbox 1524 1380 1636 1418; x_wconf 87' lang='lat' dir='ltr'>tuam</span> <span class='ocrx_word' id='word_1_193' title='bbox 1668 1375 1763 1418; x_wconf 90' lang='lat' dir='ltr'>fidei</span> <span class='ocrx_word' id='word_1_194' title='bbox 1794 1389 1884 1418; x_wconf 90' lang='lat' dir='ltr'>mee</span> 
     </span>
     <span class='ocr_line' id='line_1_20' title="bbox 191 1447 1882 1505; baseline -0.002 -13"><span class='ocrx_word' id='word_1_195' title='bbox 191 1451 277 1505; x_wconf 90' lang='lat' dir='ltr'>jam</span> <span class='ocrx_word' id='word_1_196' title='bbox 313 1450 382 1492; x_wconf 90' lang='lat' dir='ltr'>diu</span> <span class='ocrx_word' id='word_1_197' title='bbox 421 1450 772 1492; x_wconf 80' lang='lat' dir='ltr'>commendatam!</span> <span class='ocrx_word' id='word_1_198' title='bbox 821 1448 938 1490; x_wconf 88' lang='lat' dir='ltr'>Miles</span> <span class='ocrx_word' id='word_1_199' title='bbox 980 1461 1073 1490; x_wconf 88' lang='lat' dir='ltr'>vero</span> <span class='ocrx_word' id='word_1_200' title='bbox 1106 1447 1212 1489; x_wconf 92' lang='lat' dir='ltr'>letus</span> <span class='ocrx_word' id='word_1_201' title='bbox 1251 1448 1468 1503; x_wconf 87' lang='lat' dir='ltr'>pecuniam</span> <span class='ocrx_word' id='word_1_202' title='bbox 1508 1448 1682 1503; x_wconf 88' lang='lat' dir='ltr'>recepit,</span> <span class='ocrx_word' id='word_1_203' title='bbox 1721 1447 1882 1501; x_wconf 83' lang='lat' dir='ltr'>gracias</span> 
     </span>
     <span class='ocr_line' id='line_1_21' title="bbox 128 1518 1882 1576; baseline -0.002 -12"><span class='ocrx_word' id='word_1_204' title='bbox 128 1529 172 1563; x_wconf 81' lang='lat'>20</span> <span class='ocrx_word' id='word_1_205' title='bbox 199 1535 323 1576; x_wconf 86' lang='lat' dir='ltr'>agens</span> <span class='ocrx_word' id='word_1_206' title='bbox 357 1522 430 1563; x_wconf 92' lang='lat' dir='ltr'>deo</span> <span class='ocrx_word' id='word_1_207' title='bbox 464 1525 504 1563; x_wconf 88' lang='lat' dir='ltr'>et</span> <span class='ocrx_word' id='word_1_208' title='bbox 536 1520 690 1571; x_wconf 66' lang='lat' dir='ltr'>vetule,</span> <span class='ocrx_word' id='word_1_209' title='bbox 724 1520 862 1562; x_wconf 90' lang='lat' dir='ltr'>vetula</span> <span class='ocrx_word' id='word_1_210' title='bbox 893 1533 988 1562; x_wconf 91' lang='lat' dir='ltr'>vero</span> <span class='ocrx_word' id='word_1_211' title='bbox 1022 1519 1098 1561; x_wconf 92' lang='lat' dir='ltr'>hoc</span> <span class='ocrx_word' id='word_1_212' title='bbox 1130 1519 1273 1561; x_wconf 91' lang='lat' dir='ltr'>videns</span> <span class='ocrx_word' id='word_1_213' title='bbox 1297 1519 1478 1562; x_wconf 82' lang='lat' dir='ltr'>surrexit</span> <span class='ocrx_word' id='word_1_214' title='bbox 1509 1524 1548 1561; x_wconf 91' lang='lat' dir='ltr'>et</span> <span class='ocrx_word' id='word_1_215' title='bbox 1582 1519 1658 1560; x_wconf 91' lang='lat' dir='ltr'>ait:</span> <span class='ocrx_word' id='word_1_216' title='bbox 1691 1518 1882 1572; x_wconf 84' lang='lat' dir='ltr'>Domine,</span> 
     </span>
     <span class='ocr_line' id='line_1_22' title="bbox 199 1590 1882 1647; baseline -0.003 -11"><span class='ocrx_word' id='word_1_217' title='bbox 199 1607 271 1647; x_wconf 85' lang='lat' dir='ltr'>ego</span> <span class='ocrx_word' id='word_1_218' title='bbox 305 1597 344 1635; x_wconf 88' lang='lat' dir='ltr'>et</span> <span class='ocrx_word' id='word_1_219' title='bbox 375 1593 496 1634; x_wconf 92' lang='lat' dir='ltr'>homo</span> <span class='ocrx_word' id='word_1_220' title='bbox 529 1592 606 1634; x_wconf 87' lang='lat' dir='ltr'>iste</span> <span class='ocrx_word' id='word_1_221' title='bbox 638 1592 789 1634; x_wconf 89' lang='lat' dir='ltr'>ibimus</span> <span class='ocrx_word' id='word_1_222' title='bbox 822 1595 964 1633; x_wconf 88' lang='lat' dir='ltr'>contra</span> <span class='ocrx_word' id='word_1_223' title='bbox 996 1594 1152 1632; x_wconf 88' lang='lat' dir='ltr'>ceteros</span> <span class='ocrx_word' id='word_1_224' title='bbox 1186 1591 1384 1646; x_wconf 88' lang='lat' dir='ltr'>cophinos</span> <span class='ocrx_word' id='word_1_225' title='bbox 1417 1595 1458 1633; x_wconf 93' lang='lat' dir='ltr'>et</span> <span class='ocrx_word' id='word_1_226' title='bbox 1487 1590 1796 1642; x_wconf 88' lang='lat' dir='ltr'>festinabimus;</span> <span class='ocrx_word' id='word_1_227' title='bbox 1837 1593 1882 1631; x_wconf 94' lang='lat' dir='ltr'>tu</span> 
     </span>
     <span class='ocr_line' id='line_1_23' title="bbox 199 1661 1881 1719; baseline -0.003 -12"><span class='ocrx_word' id='word_1_228' title='bbox 199 1679 294 1707; x_wconf 89' lang='lat' dir='ltr'>vero</span> <span class='ocrx_word' id='word_1_229' title='bbox 327 1667 557 1719; x_wconf 76' lang='lat' dir='ltr'>exspectas,</span> <span class='ocrx_word' id='word_1_230' title='bbox 591 1663 720 1705; x_wconf 90' lang='lat' dir='ltr'>donec</span> <span class='ocrx_word' id='word_1_231' title='bbox 751 1662 967 1704; x_wconf 85' lang='lat' dir='ltr'>redeamus</span> <span class='ocrx_word' id='word_1_232' title='bbox 1000 1666 1040 1703; x_wconf 92' lang='lat' dir='ltr'>et</span> <span class='ocrx_word' id='word_1_233' title='bbox 1071 1662 1174 1704; x_wconf 89' lang='lat' dir='ltr'>bene</span> <span class='ocrx_word' id='word_1_234' title='bbox 1206 1676 1326 1704; x_wconf 90' lang='lat' dir='ltr'>serva</span> <span class='ocrx_word' id='word_1_235' title='bbox 1358 1662 1466 1717; x_wconf 87' lang='lat' dir='ltr'>quod</span> <span class='ocrx_word' id='word_1_236' title='bbox 1491 1662 1579 1716; x_wconf 89' lang='lat' dir='ltr'>jam</span> <span class='ocrx_word' id='word_1_237' title='bbox 1613 1661 1881 1703; x_wconf 81' lang='lat' dir='ltr'>adduximus!</span> 
     </span>
    </p>

    <p class='ocr_par' dir='ltr' id='par_1_3' title="bbox 129 1733 1908 2929">
     <span class='ocr_line' id='line_1_24' title="bbox 197 1733 1519 1790; baseline -0.002 -12"><span class='ocrx_word' id='word_1_238' title='bbox 197 1735 253 1778; x_wconf 91' lang='lat' dir='ltr'>Et</span> <span class='ocrx_word' id='word_1_239' title='bbox 284 1736 343 1777; x_wconf 88' lang='lat' dir='ltr'>sic</span> <span class='ocrx_word' id='word_1_240' title='bbox 375 1735 491 1776; x_wconf 90' lang='lat' dir='ltr'>miles</span> <span class='ocrx_word' id='word_1_241' title='bbox 525 1748 598 1790; x_wconf 89' lang='lat' dir='ltr'>per</span> <span class='ocrx_word' id='word_1_242' title='bbox 630 1734 812 1775; x_wconf 79' lang='lat' dir='ltr'>vetulam</span> <span class='ocrx_word' id='word_1_243' title='bbox 846 1733 1061 1788; x_wconf 87' lang='lat' dir='ltr'>pecuniam</span> <span class='ocrx_word' id='word_1_244' title='bbox 1096 1747 1211 1775; x_wconf 88' lang='lat' dir='ltr'>suam</span> <span class='ocrx_word' id='word_1_245' title='bbox 1246 1734 1519 1789; x_wconf 88' lang='lat' dir='ltr'>recuperavit.</span> 
     </span>
     <span class='ocr_line' id='line_1_25' title="bbox 317 1803 1883 1859; baseline -0.002 -11"><span class='ocrx_word' id='word_1_246' title='bbox 317 1806 546 1859; x_wconf 85' lang='lat' dir='ltr'>Carissimi,</span> <span class='ocrx_word' id='word_1_247' title='bbox 580 1805 697 1847; x_wconf 90' lang='lat' dir='ltr'>miles</span> <span class='ocrx_word' id='word_1_248' title='bbox 731 1806 808 1847; x_wconf 90' lang='lat' dir='ltr'>iste</span> <span class='ocrx_word' id='word_1_249' title='bbox 841 1809 903 1847; x_wconf 91' lang='lat' dir='ltr'>est</span> <span class='ocrx_word' id='word_1_250' title='bbox 935 1804 1108 1859; x_wconf 89' lang='lat' dir='ltr'>quilibet</span> <span class='ocrx_word' id='word_1_251' title='bbox 1139 1804 1412 1858; x_wconf 86' lang='lat' dir='ltr'>Christianus,</span> <span class='ocrx_word' id='word_1_252' title='bbox 1446 1806 1514 1859; x_wconf 89' lang='lat' dir='ltr'>qui</span> <span class='ocrx_word' id='word_1_253' title='bbox 1547 1805 1589 1846; x_wconf 90' lang='lat' dir='ltr'>in</span> <span class='ocrx_word' id='word_1_254' title='bbox 1620 1804 1701 1846; x_wconf 89' lang='lat' dir='ltr'>isto</span> <span class='ocrx_word' id='word_1_255' title='bbox 1731 1803 1883 1845; x_wconf 92' lang='lat' dir='ltr'>mundo</span> 
     </span>
     <span class='ocr_line' id='line_1_26' title="bbox 129 1876 1882 1933; baseline -0.001 -14"><span class='ocrx_word' id='word_1_256' title='bbox 129 1885 173 1919; x_wconf 76' lang='lat'>25</span> <span class='ocrx_word' id='word_1_257' title='bbox 199 1878 395 1933; x_wconf 87' lang='lat' dir='ltr'>quamdiu</span> <span class='ocrx_word' id='word_1_258' title='bbox 428 1877 530 1918; x_wconf 91' lang='lat' dir='ltr'>vivit</span> <span class='ocrx_word' id='word_1_259' title='bbox 568 1877 875 1932; x_wconf 82' lang='lat' dir='ltr'>peregrinatur,</span> <span class='ocrx_word' id='word_1_260' title='bbox 916 1877 1012 1931; x_wconf 87' lang='lat' dir='ltr'>quia</span> <span class='ocrx_word' id='word_1_261' title='bbox 1042 1876 1142 1918; x_wconf 83' lang='lat' dir='ltr'>facit</span> <span class='ocrx_word' id='word_1_262' title='bbox 1174 1876 1284 1917; x_wconf 90' lang='lat' dir='ltr'>omni</span> <span class='ocrx_word' id='word_1_263' title='bbox 1318 1876 1384 1919; x_wconf 90' lang='lat' dir='ltr'>die</span> <span class='ocrx_word' id='word_1_264' title='bbox 1416 1877 1566 1919; x_wconf 89' lang='lat' dir='ltr'>dietam</span> <span class='ocrx_word' id='word_1_265' title='bbox 1602 1876 1652 1918; x_wconf 92' lang='lat' dir='ltr'>ad</span> <span class='ocrx_word' id='word_1_266' title='bbox 1685 1879 1882 1927; x_wconf 83' lang='lat' dir='ltr'>mortem3</span> 
     </span>
     <span class='ocr_line' id='line_1_27' title="bbox 200 1947 1883 2004; baseline -0.001 -14"><span class='ocrx_word' id='word_1_267' title='bbox 200 1949 269 2004; x_wconf 88' lang='lat' dir='ltr'>qui</span> <span class='ocrx_word' id='word_1_268' title='bbox 302 1949 441 1991; x_wconf 89' lang='lat' dir='ltr'>decem</span> <span class='ocrx_word' id='word_1_269' title='bbox 471 1949 628 1991; x_wconf 89' lang='lat' dir='ltr'>talenta</span> <span class='ocrx_word' id='word_1_270' title='bbox 651 1949 677 1990; x_wconf 90' lang='lat' dir='ltr'>i.</span> <span class='ocrx_word' id='word_1_271' title='bbox 703 1963 735 1990; x_wconf 95' lang='lat' dir='ltr'>e.</span> <span class='ocrx_word' id='word_1_272' title='bbox 761 1948 900 1990; x_wconf 91' lang='lat' dir='ltr'>decem</span> <span class='ocrx_word' id='word_1_273' title='bbox 924 1951 1119 2003; x_wconf 88' lang='lat' dir='ltr'>precepta</span> <span class='ocrx_word' id='word_1_274' title='bbox 1141 1947 1296 1989; x_wconf 91' lang='lat' dir='ltr'>domini</span> <span class='ocrx_word' id='word_1_275' title='bbox 1318 1947 1552 1990; x_wconf 90' lang='lat' dir='ltr'>inordinate</span> <span class='ocrx_word' id='word_1_276' title='bbox 1574 1961 1648 2003; x_wconf 90' lang='lat' dir='ltr'>per</span> <span class='ocrx_word' id='word_1_277' title='bbox 1669 1951 1883 2003; x_wconf 86' lang='lat' dir='ltr'>peccatum</span> 
     </span>
     <span class='ocr_line' id='line_1_28' title="bbox 198 2018 1883 2074; baseline -0.001 -12"><span class='ocrx_word' id='word_1_278' title='bbox 198 2020 371 2063; x_wconf 89' lang='lat' dir='ltr'>tradidit</span> <span class='ocrx_word' id='word_1_279' title='bbox 410 2020 574 2062; x_wconf 88' lang='lat' dir='ltr'>cuidam</span> <span class='ocrx_word' id='word_1_280' title='bbox 615 2020 723 2072; x_wconf 86' lang='lat' dir='ltr'>seni;</span> <span class='ocrx_word' id='word_1_281' title='bbox 772 2033 896 2062; x_wconf 78' lang='lat' dir='ltr'>senex</span> <span class='ocrx_word' id='word_1_282' title='bbox 935 2019 1014 2061; x_wconf 89' lang='lat' dir='ltr'>iste</span> <span class='ocrx_word' id='word_1_283' title='bbox 1056 2022 1118 2061; x_wconf 90' lang='lat' dir='ltr'>est</span> <span class='ocrx_word' id='word_1_284' title='bbox 1156 2018 1334 2060; x_wconf 90' lang='lat' dir='ltr'>mundus</span> <span class='ocrx_word' id='word_1_285' title='bbox 1375 2019 1520 2074; x_wconf 90' lang='lat' dir='ltr'>plenus</span> <span class='ocrx_word' id='word_1_286' title='bbox 1560 2018 1883 2074; x_wconf 89' lang='lat' dir='ltr'>deceptionibus,</span> 
     </span>
     <span class='ocr_line' id='line_1_29' title="bbox 200 2090 1885 2146; baseline -0.001 -13"><span class='ocrx_word' id='word_1_287' title='bbox 200 2092 307 2134; x_wconf 91' lang='lat' dir='ltr'>unde</span> <span class='ocrx_word' id='word_1_288' title='bbox 339 2092 373 2133; x_wconf 89' lang='lat' dir='ltr'>si</span> <span class='ocrx_word' id='word_1_289' title='bbox 405 2092 447 2133; x_wconf 93' lang='lat' dir='ltr'>in</span> <span class='ocrx_word' id='word_1_290' title='bbox 469 2092 592 2134; x_wconf 87' lang='lat' dir='ltr'>rebus</span> <span class='ocrx_word' id='word_1_291' title='bbox 615 2091 834 2133; x_wconf 86' lang='lat' dir='ltr'>mundanis</span> <span class='ocrx_word' id='word_1_292' title='bbox 858 2091 1111 2133; x_wconf 88' lang='lat' dir='ltr'>delectamur</span> <span class='ocrx_word' id='word_1_293' title='bbox 1140 2094 1180 2131; x_wconf 92' lang='lat' dir='ltr'>et</span> <span class='ocrx_word' id='word_1_294' title='bbox 1213 2091 1366 2132; x_wconf 91' lang='lat' dir='ltr'>mundo</span> <span class='ocrx_word' id='word_1_295' title='bbox 1399 2090 1656 2144; x_wconf 88' lang='lat' dir='ltr'>confidimus,</span> <span class='ocrx_word' id='word_1_296' title='bbox 1690 2093 1885 2146; x_wconf 90' lang='lat' dir='ltr'>precepta</span> 
     </span>
     <span class='ocr_line' id='line_1_30' title="bbox 204 2160 1884 2217; baseline -0.001 -13"><span class='ocrx_word' id='word_1_297' title='bbox 204 2161 323 2217; x_wconf 70' lang='lat'>[996]</span> <span class='ocrx_word' id='word_1_298' title='bbox 361 2162 501 2204; x_wconf 88' lang='lat' dir='ltr'>divina</span> <span class='ocrx_word' id='word_1_299' title='bbox 533 2163 761 2204; x_wconf 88' lang='lat' dir='ltr'>amittimus</span> <span class='ocrx_word' id='word_1_300' title='bbox 793 2166 833 2204; x_wconf 91' lang='lat' dir='ltr'>et</span> <span class='ocrx_word' id='word_1_301' title='bbox 864 2163 933 2204; x_wconf 77' lang='lat' dir='ltr'>vix</span> <span class='ocrx_word' id='word_1_302' title='bbox 965 2175 1057 2203; x_wconf 90' lang='lat' dir='ltr'>cum</span> <span class='ocrx_word' id='word_1_303' title='bbox 1091 2160 1332 2203; x_wconf 83' lang='lat' dir='ltr'>difficultate</span> <span class='ocrx_word' id='word_1_304' title='bbox 1365 2163 1577 2217; x_wconf 89' lang='lat' dir='ltr'>acquirere</span> <span class='ocrx_word' id='word_1_305' title='bbox 1609 2160 1778 2216; x_wconf 92' lang='lat' dir='ltr'>[celum]</span> <span class='ocrx_word' id='word_1_306' title='bbox 1811 2174 1884 2217; x_wconf 88' lang='lat' dir='ltr'>po-</span> 
     </span>
     <span class='ocr_line' id='line_1_31' title="bbox 131 2233 1885 2288; baseline -0.002 -11"><span class='ocrx_word' id='word_1_307' title='bbox 131 2243 176 2277; x_wconf 85' lang='lat'>30</span> <span class='ocrx_word' id='word_1_308' title='bbox 200 2234 393 2287; x_wconf 86' lang='lat' dir='ltr'>terimus,</span> <span class='ocrx_word' id='word_1_309' title='bbox 434 2234 562 2276; x_wconf 91' lang='lat' dir='ltr'>donec</span> <span class='ocrx_word' id='word_1_310' title='bbox 600 2234 723 2276; x_wconf 89' lang='lat' dir='ltr'>miser</span> <span class='ocrx_word' id='word_1_311' title='bbox 755 2234 875 2275; x_wconf 89' lang='lat' dir='ltr'>homo</span> <span class='ocrx_word' id='word_1_312' title='bbox 911 2247 982 2288; x_wconf 84' lang='lat' dir='ltr'>per</span> <span class='ocrx_word' id='word_1_313' title='bbox 1013 2246 1152 2274; x_wconf 83' lang='lat' dir='ltr'>veram</span> <span class='ocrx_word' id='word_1_314' title='bbox 1186 2233 1481 2276; x_wconf 89' lang='lat' dir='ltr'>contricionem</span> <span class='ocrx_word' id='word_1_315' title='bbox 1513 2233 1811 2276; x_wconf 88' lang='lat' dir='ltr'>confessionem</span> <span class='ocrx_word' id='word_1_316' title='bbox 1844 2235 1885 2274; x_wconf 90' lang='lat' dir='ltr'>et</span> 
     </span>
     <span class='ocr_line' id='line_1_32' title="bbox 202 2304 1886 2361; baseline -0.002 -14"><span class='ocrx_word' id='word_1_317' title='bbox 202 2305 525 2348; x_wconf 86' lang='lat' dir='ltr'>satisfactionem</span> <span class='ocrx_word' id='word_1_318' title='bbox 565 2305 838 2359; x_wconf 87' lang='lat' dir='ltr'>acquiramus.</span> <span class='ocrx_word' id='word_1_319' title='bbox 902 2304 1050 2346; x_wconf 89' lang='lat' dir='ltr'>Vetula</span> <span class='ocrx_word' id='word_1_320' title='bbox 1090 2304 1172 2345; x_wconf 84' lang='lat' dir='ltr'>ista</span> <span class='ocrx_word' id='word_1_321' title='bbox 1210 2304 1352 2346; x_wconf 90' lang='lat' dir='ltr'>habitu</span> <span class='ocrx_word' id='word_1_322' title='bbox 1393 2305 1601 2361; x_wconf 86' lang='lat' dir='ltr'>peregrini</span> <span class='ocrx_word' id='word_1_323' title='bbox 1640 2304 1786 2346; x_wconf 87' lang='lat' dir='ltr'>induta</span> <span class='ocrx_word' id='word_1_324' title='bbox 1823 2306 1886 2345; x_wconf 92' lang='lat' dir='ltr'>est</span> 
     </span>
     <span class='ocr_line' id='line_1_33' title="bbox 202 2373 1884 2432; baseline -0.001 -14"><span class='ocrx_word' id='word_1_325' title='bbox 202 2376 459 2419; x_wconf 87' lang='lat' dir='ltr'>consciencia</span> <span class='ocrx_word' id='word_1_326' title='bbox 491 2390 605 2429; x_wconf 86' lang='lat' dir='ltr'>sana,</span> <span class='ocrx_word' id='word_1_327' title='bbox 639 2389 716 2430; x_wconf 89' lang='lat' dir='ltr'>que</span> <span class='ocrx_word' id='word_1_328' title='bbox 748 2376 939 2418; x_wconf 87' lang='lat' dir='ltr'>continue</span> <span class='ocrx_word' id='word_1_329' title='bbox 973 2379 1137 2417; x_wconf 89' lang='lat' dir='ltr'>amovet</span> <span class='ocrx_word' id='word_1_330' title='bbox 1168 2375 1326 2431; x_wconf 88' lang='lat' dir='ltr'>lapides</span> <span class='ocrx_word' id='word_1_331' title='bbox 1358 2377 1384 2418; x_wconf 90' lang='lat' dir='ltr'>i.</span> <span class='ocrx_word' id='word_1_332' title='bbox 1409 2390 1442 2419; x_wconf 92' lang='lat' dir='ltr'>e.</span> <span class='ocrx_word' id='word_1_333' title='bbox 1467 2376 1731 2432; x_wconf 88' lang='lat' dir='ltr'>operaciones</span> <span class='ocrx_word' id='word_1_334' title='bbox 1753 2373 1884 2416; x_wconf 88' lang='lat' dir='ltr'>malas</span> 
     </span>
     <span class='ocr_line' id='line_1_34' title="bbox 202 2445 1885 2502; baseline -0.001 -13"><span class='ocrx_word' id='word_1_335' title='bbox 202 2448 252 2490; x_wconf 93' lang='lat' dir='ltr'>de</span> <span class='ocrx_word' id='word_1_336' title='bbox 284 2448 350 2489; x_wconf 85' lang='lat' dir='ltr'>via</span> <span class='ocrx_word' id='word_1_337' title='bbox 381 2447 515 2489; x_wconf 86' lang='lat' dir='ltr'>cordis</span> <span class='ocrx_word' id='word_1_338' title='bbox 548 2448 628 2500; x_wconf 88' lang='lat' dir='ltr'>tui,</span> <span class='ocrx_word' id='word_1_339' title='bbox 668 2461 720 2489; x_wconf 91' lang='lat' dir='ltr'>ne</span> <span class='ocrx_word' id='word_1_340' title='bbox 752 2448 876 2502; x_wconf 88' lang='lat' dir='ltr'>pedes</span> <span class='ocrx_word' id='word_1_341' title='bbox 909 2447 1108 2489; x_wconf 87' lang='lat' dir='ltr'>bonarum</span> <span class='ocrx_word' id='word_1_342' title='bbox 1144 2447 1443 2500; x_wconf 88' lang='lat' dir='ltr'>cogitacionum</span> <span class='ocrx_word' id='word_1_343' title='bbox 1478 2446 1748 2489; x_wconf 86' lang='lat' dir='ltr'>offendantur.</span> <span class='ocrx_word' id='word_1_344' title='bbox 1807 2445 1885 2487; x_wconf 89' lang='lat' dir='ltr'>Dic</span> 
     </span>
     <span class='ocr_line' id='line_1_35' title="bbox 202 2516 1908 2574; baseline -0.002 -13"><span class='ocrx_word' id='word_1_345' title='bbox 202 2519 347 2573; x_wconf 88' lang='lat' dir='ltr'>michi,</span> <span class='ocrx_word' id='word_1_346' title='bbox 395 2518 598 2574; x_wconf 91' lang='lat' dir='ltr'>quomodo</span> <span class='ocrx_word' id='word_1_347' title='bbox 642 2518 765 2560; x_wconf 91' lang='lat' dir='ltr'>debes</span> <span class='ocrx_word' id='word_1_348' title='bbox 803 2532 1067 2574; x_wconf 86' lang='lat' dir='ltr'>recuperare,</span> <span class='ocrx_word' id='word_1_349' title='bbox 1116 2519 1223 2572; x_wconf 89' lang='lat' dir='ltr'>quod</span> <span class='ocrx_word' id='word_1_350' title='bbox 1268 2532 1341 2574; x_wconf 88' lang='lat' dir='ltr'>per</span> <span class='ocrx_word' id='word_1_351' title='bbox 1382 2522 1593 2574; x_wconf 87' lang='lat' dir='ltr'>peccatum</span> <span class='ocrx_word' id='word_1_352' title='bbox 1642 2516 1908 2573; x_wconf 84' lang='lat' dir='ltr'>perdidisti?-</span> 
     </span>
     <span class='ocr_line' id='line_1_36' title="bbox 133 2587 1884 2645; baseline -0.002 -13"><span class='ocrx_word' id='word_1_353' title='bbox 133 2598 178 2631; x_wconf 85' lang='lat'>35</span> <span class='ocrx_word' id='word_1_354' title='bbox 204 2590 324 2632; x_wconf 89' lang='lat' dir='ltr'>Certe</span> <span class='ocrx_word' id='word_1_355' title='bbox 356 2593 519 2645; x_wconf 89' lang='lat' dir='ltr'>oportet</span> <span class='ocrx_word' id='word_1_356' title='bbox 549 2593 589 2631; x_wconf 90' lang='lat' dir='ltr'>te</span> <span class='ocrx_word' id='word_1_357' title='bbox 621 2589 822 2631; x_wconf 88' lang='lat' dir='ltr'>adducere</span> <span class='ocrx_word' id='word_1_358' title='bbox 854 2590 904 2631; x_wconf 92' lang='lat' dir='ltr'>de</span> <span class='ocrx_word' id='word_1_359' title='bbox 938 2589 1072 2644; x_wconf 87' lang='lat' dir='ltr'>patria</span> <span class='ocrx_word' id='word_1_360' title='bbox 1102 2592 1175 2631; x_wconf 90' lang='lat' dir='ltr'>tua</span> <span class='ocrx_word' id='word_1_361' title='bbox 1204 2590 1231 2631; x_wconf 91' lang='lat' dir='ltr'>i.</span> <span class='ocrx_word' id='word_1_362' title='bbox 1256 2603 1288 2631; x_wconf 91' lang='lat' dir='ltr'>e.</span> <span class='ocrx_word' id='word_1_363' title='bbox 1323 2589 1372 2632; x_wconf 90' lang='lat' dir='ltr'>de</span> <span class='ocrx_word' id='word_1_364' title='bbox 1394 2589 1515 2632; x_wconf 89' lang='lat' dir='ltr'>corde</span> <span class='ocrx_word' id='word_1_365' title='bbox 1546 2592 1616 2630; x_wconf 90' lang='lat' dir='ltr'>tuo</span> <span class='ocrx_word' id='word_1_366' title='bbox 1645 2601 1677 2629; x_wconf 76' lang='lat' dir='ltr'>x</span> <span class='ocrx_word' id='word_1_367' title='bbox 1697 2587 1884 2629; x_wconf 91' lang='lat' dir='ltr'>homines</span> 
     </span>
     <span class='ocr_line' id='line_1_37' title="bbox 203 2657 1885 2716; baseline -0.002 -13"><span class='ocrx_word' id='word_1_368' title='bbox 203 2662 229 2703; x_wconf 88' lang='lat' dir='ltr'>i.</span> <span class='ocrx_word' id='word_1_369' title='bbox 254 2675 286 2703; x_wconf 90' lang='lat' dir='ltr'>e.</span> <span class='ocrx_word' id='word_1_370' title='bbox 321 2661 459 2703; x_wconf 90' lang='lat' dir='ltr'>decem</span> <span class='ocrx_word' id='word_1_371' title='bbox 493 2674 618 2716; x_wconf 88' lang='lat' dir='ltr'>opera</span> <span class='ocrx_word' id='word_1_372' title='bbox 651 2660 893 2715; x_wconf 82' lang='lat' dir='ltr'>penitencie,</span> <span class='ocrx_word' id='word_1_373' title='bbox 926 2661 984 2702; x_wconf 87' lang='lat' dir='ltr'>ita</span> <span class='ocrx_word' id='word_1_374' title='bbox 1017 2660 1124 2714; x_wconf 92' lang='lat' dir='ltr'>quod</span> <span class='ocrx_word' id='word_1_375' title='bbox 1156 2674 1230 2716; x_wconf 92' lang='lat' dir='ltr'>pro</span> <span class='ocrx_word' id='word_1_376' title='bbox 1264 2660 1445 2714; x_wconf 90' lang='lat' dir='ltr'>quolibet</span> <span class='ocrx_word' id='word_1_377' title='bbox 1466 2664 1658 2715; x_wconf 89' lang='lat' dir='ltr'>precepto</span> <span class='ocrx_word' id='word_1_378' title='bbox 1681 2657 1789 2713; x_wconf 91' lang='lat' dir='ltr'>quod</span> <span class='ocrx_word' id='word_1_379' title='bbox 1811 2671 1885 2714; x_wconf 88' lang='lat' dir='ltr'>per</span> 
     </span>
     <span class='ocr_line' id='line_1_38' title="bbox 205 2730 1884 2788; baseline -0.002 -14"><span class='ocrx_word' id='word_1_380' title='bbox 205 2736 417 2788; x_wconf 88' lang='lat' dir='ltr'>peccatum</span> <span class='ocrx_word' id='word_1_381' title='bbox 450 2731 612 2773; x_wconf 88' lang='lat' dir='ltr'>violasti</span> <span class='ocrx_word' id='word_1_382' title='bbox 653 2745 779 2772; x_wconf 91' lang='lat' dir='ltr'>unum</span> <span class='ocrx_word' id='word_1_383' title='bbox 813 2735 948 2773; x_wconf 89' lang='lat' dir='ltr'>actum</span> <span class='ocrx_word' id='word_1_384' title='bbox 981 2731 1264 2773; x_wconf 90' lang='lat' dir='ltr'>misericordie</span> <span class='ocrx_word' id='word_1_385' title='bbox 1295 2745 1367 2773; x_wconf 90' lang='lat' dir='ltr'>seu</span> <span class='ocrx_word' id='word_1_386' title='bbox 1399 2730 1630 2786; x_wconf 87' lang='lat' dir='ltr'>penitencie</span> <span class='ocrx_word' id='word_1_387' title='bbox 1662 2733 1825 2785; x_wconf 90' lang='lat' dir='ltr'>oportet</span> <span class='ocrx_word' id='word_1_388' title='bbox 1843 2732 1884 2771; x_wconf 84' lang='lat' dir='ltr'>te</span> 
     </span>
     <span class='ocr_line' id='line_1_39' title="bbox 206 2801 1884 2859; baseline -0.002 -14"><span class='ocrx_word' id='word_1_389' title='bbox 206 2803 452 2859; x_wconf 88' lang='lat' dir='ltr'>adimplere,</span> <span class='ocrx_word' id='word_1_390' title='bbox 493 2803 589 2857; x_wconf 88' lang='lat' dir='ltr'>quia</span> <span class='ocrx_word' id='word_1_391' title='bbox 626 2802 850 2844; x_wconf 87' lang='lat' dir='ltr'>secundum</span> <span class='ocrx_word' id='word_1_392' title='bbox 888 2802 1053 2844; x_wconf 89' lang='lat' dir='ltr'>beatum</span> <span class='ocrx_word' id='word_1_393' title='bbox 1085 2802 1365 2856; x_wconf 89' lang='lat' dir='ltr'>Augustinum</span> <span class='ocrx_word' id='word_1_394' title='bbox 1405 2801 1563 2843; x_wconf 92' lang='lat' dir='ltr'>nullum</span> <span class='ocrx_word' id='word_1_395' title='bbox 1600 2801 1750 2843; x_wconf 89' lang='lat' dir='ltr'>bonum</span> <span class='ocrx_word' id='word_1_396' title='bbox 1782 2801 1884 2842; x_wconf 89' lang='lat' dir='ltr'>irre-</span> 
     </span>
     <span class='ocr_line' id='line_1_40' title="bbox 205 2871 1886 2929; baseline -0.002 -13"><span class='ocrx_word' id='word_1_397' title='bbox 205 2880 467 2916; x_wconf 87' lang='lat' dir='ltr'>muneratum</span> <span class='ocrx_word' id='word_1_398' title='bbox 499 2878 540 2916; x_wconf 91' lang='lat' dir='ltr'>et</span> <span class='ocrx_word' id='word_1_399' title='bbox 570 2873 728 2915; x_wconf 91' lang='lat' dir='ltr'>nullum</span> <span class='ocrx_word' id='word_1_400' title='bbox 761 2873 915 2915; x_wconf 87' lang='lat' dir='ltr'>malum</span> <span class='ocrx_word' id='word_1_401' title='bbox 947 2874 1210 2929; x_wconf 88' lang='lat' dir='ltr'>impunitum.</span> <span class='ocrx_word' id='word_1_402' title='bbox 1259 2874 1362 2916; x_wconf 90' lang='lat' dir='ltr'>Item</span> <span class='ocrx_word' id='word_1_403' title='bbox 1402 2876 1565 2928; x_wconf 89' lang='lat' dir='ltr'>oportet</span> <span class='ocrx_word' id='word_1_404' title='bbox 1596 2871 1704 2927; x_wconf 92' lang='lat' dir='ltr'>quod</span> <span class='ocrx_word' id='word_1_405' title='bbox 1735 2871 1886 2913; x_wconf 84' lang='lat' dir='ltr'>habeat</span> 
     </span>
    </p>

    <p class='ocr_par' dir='ltr' id='par_1_4' title="bbox 301 2955 716 3001">
     <span class='ocr_line' id='line_1_41' title="bbox 301 2955 716 3001; baseline -0.002 -11"><span class='ocrx_word' id='word_1_406' title='bbox 301 2957 317 2990; x_wconf 92' lang='lat'>1</span> <span class='ocrx_word' id='word_1_407' title='bbox 339 2955 461 3001; x_wconf 84' lang='lat' dir='ltr'>jussit]</span> <span class='ocrx_word' id='word_1_408' title='bbox 489 2955 716 3001; x_wconf 70' lang='lat' dir='ltr'>0r1·9.jusset.</span> 
     </span>
    </p>
   </div>
  </div>
 </body>
</html>
