1919 3157
880 46 963 87 623

757 182 854 238 213,
888 198 992 241 app.
1019 187 1081 231 17.

194 278 342 322 Daniel
374 282 477 325 vidit
509 290 685 328 statuam
720 290 834 342 cujus
867 299 992 348 caput
1032 309 1080 337 ex
1116 310 1214 338 auro
1254 302 1496 356 purissime,
1536 310 1677 358 pectus
1718 313 1758 350 et

76 347 242 392 brachia
274 364 323 393 ex
357 360 540 407 argento,
575 363 716 400 venter
749 366 787 401 et
825 362 957 405 femur
989 365 1038 407 de
1072 380 1184 420 aere,
1218 370 1355 424 tybiae
1397 373 1544 427 pedum
1580 378 1754 430 quedam

75 432 170 473 pars
200 421 336 465 fereae
369 429 409 465 et
440 426 612 479 quedam
650 443 744 484 pars
779 431 925 475 fictilis.
976 436 1123 479 Daniel
1157 439 1277 482 istam
1312 446 1490 486 statuam
1525 447 1689 490 videbat
1715 453 1755 491 et

72 489 256 534 abscisus
279 499 341 536 est
366 494 471 550 lapis
498 498 587 539 sine
621 501 808 543 manibus
842 509 881 546 et
914 509 1116 560 percussit
1147 514 1325 553 statuam
1360 514 1401 555 in
1435 516 1606 569 pedibus
1631 519 1752 562 fereis

70 565 112 602 et
142 560 349 617 fictilibus,
383 570 625 611 comminuit
658 585 726 613 eos
759 578 799 614 et
831 580 1009 619 statuam
1044 583 1170 622 totam
1205 584 1417 637 confregit.

187 635 362 677 Masta-e.
412 637 495 680 Ista
528 644 664 683 statua
697 643 833 696 signat
865 646 1050 690 homines
1073 651 1202 694 malos
1237 658 1277 695 et
1308 655 1432 698 falsos
1466 657 1585 711 hujus
1609 663 1749 704 mundi

67 702 109 744 in
149 703 323 748 diversis
362 709 558 761 gradibus
597 715 856 758 constitutos.
912 717 1047 774 Caput
1085 727 1221 766 statue
1261 731 1348 767 erat
1379 727 1428 770 (le
1462 742 1559 770 auro
1593 733 1748 786 optimo

65 787 139 829 per
177 777 283 830 quod
330 779 560 834 intelligere
606 783 800 828 debemus
840 791 1047 843 ypocritas
1095 797 1136 835 et
1182 795 1436 852 adulatores,
1487 814 1558 854 per
1605 808 1746 856 pectus

64 851 200 900 potest
229 849 404 904 intelligi
438 851 646 896 humilitas
682 856 743 898 vel
776 860 1025 903 conscientia
1063 863 1262 918 hominis,
1307 882 1379 923 per
1420 869 1586 914 brachia
1619 888 1746 929 opera

61 919 341 972 ypocritarum
376 923 444 976 qui
477 923 628 967 habent
661 927 828 970 brachia
855 934 894 972 et
915 937 1057 986 pectus
1081 935 1129 977 de
1152 943 1335 992 argento,
1369 941 1465 995 quia
1495 943 1674 987 clamant
1705 952 1745 988 et

60 987 275 1042 predicant
313 996 354 1033 et
383 994 545 1047 jactant
583 1011 626 1039 se
658 997 807 1041 habere
841 1000 946 1044 bona
984 1018 1110 1059 opera
1149 1008 1276 1063 facta,
1319 1024 1408 1053 cum
1450 1017 1588 1056 tamen
1629 1017 1743 1059 nulla

59 1063 157 1101 sunt
187 1060 229 1102 in
262 1062 333 1104 eis.
370 1078 442 1119 per
474 1066 630 1109 femora
671 1083 720 1110 ex
754 1084 824 1113 ore
855 1072 1142 1128 intelliguntur
1173 1079 1359 1124 homines
1392 1083 1518 1127 dediti
1551 1087 1670 1139 gulae
1702 1094 1742 1131 et

56 1128 246 1174 luxuriae
279 1147 451 1188 quorum
486 1137 584 1180 deus
618 1145 771 1183 venter.
834 1142 954 1186 Tales
986 1146 1138 1190 habent
1170 1156 1332 1194 ventres
1370 1154 1522 1210 fereos,
1563 1159 1632 1212 qui
1672 1161 1740 1202 vix

57 1200 122 1243 vel
160 1215 384 1259 numquam
417 1213 515 1250 sunt
546 1211 685 1252 satiati
719 1212 760 1254 in
793 1214 877 1256 suis
910 1215 1199 1263 immundiciis.
1232 1237 1306 1278 per
1338 1226 1460 1268 tibias
1491 1228 1647 1270 ferreas
1677 1231 1739 1273 in-

55 1271 297 1326 telliguntur
347 1278 495 1321 divites
548 1283 687 1337 cupidi
734 1285 868 1339 avari,
924 1288 1051 1330 vincti
1104 1291 1146 1333 in
1195 1296 1469 1340 mendacitate
1524 1303 1564 1341 et
1614 1300 1735 1344 ferro.

53 1341 213 1387 Divites
247 1346 440 1391 dicuntur
471 1351 608 1406 tybiae
643 1355 738 1408 quia
777 1360 987 1411 tamquam
1021 1360 1264 1419 columpnae
1296 1367 1375 1422 ipsi
1408 1369 1604 1413 deberent
1635 1386 1737 1428 pau-

51 1427 171 1469 peres
203 1423 449 1474 sustentare,
482 1423 553 1464 sed
586 1424 664 1479 ipsi
698 1431 793 1468 sunt
824 1428 947 1471 ferrei
980 1435 1020 1472 et
1052 1432 1143 1475 duri
1173 1449 1246 1490 per
1267 1439 1535 1494 cupiditatem
1568 1447 1608 1484 et
1639 1458 1735 1486 ava-

11 1517 17 1526 .
51 1485 203 1528 ritiam.
250 1502 324 1544 per
355 1492 481 1546 pedes
514 1496 662 1549 partim
703 1498 835 1540 fereos
876 1504 916 1542 et
949 1503 1101 1556 partim
1141 1505 1285 1550 fictiles
1317 1510 1605 1566 intelliguntur
1636 1516 1733 1558 mali

49 1557 224 1611 praelati
257 1565 298 1602 et
329 1562 427 1604 mali
461 1566 763 1618 praedicatores
797 1570 892 1624 quia
924 1586 994 1626 pes
1027 1579 1088 1616 est
1119 1576 1265 1620 ultima
1289 1594 1382 1634 pars
1415 1582 1593 1626 hominis
1625 1587 1732 1630 unde

48 1626 266 1683 designant
297 1631 614 1690 humanitatem3
659 1653 730 1694 pes
764 1642 886 1683 etiam
927 1643 1116 1698 designat
1155 1662 1333 1692 amorem
1368 1654 1476 1696 unde
1512 1669 1583 1710 pes
1616 1670 1730 1701 meus

48 1703 110 1741 est
142 1714 257 1744 amor
288 1717 416 1758 meus,
451 1707 556 1749 unde
588 1722 662 1763 per
684 1712 808 1766 pedes
842 1713 1110 1769 designantur
1143 1721 1313 1774 praelati
1348 1729 1388 1765 et
1411 1726 1728 1782 praedicatores,

47 1771 117 1825 qui
157 1786 229 1828 pre
266 1773 359 1816 aliis
398 1776 595 1821 deberent
630 1781 749 1835 signa
789 1786 940 1828 amoris
981 1793 1021 1830 et
1058 1789 1303 1835 humilitatis
1345 1796 1573 1840 ostendere.
1621 1799 1727 1856 lapis

44 1841 132 1885 sine
163 1845 354 1888 manibus
393 1847 443 1889 de
475 1855 613 1893 monte
645 1853 830 1897 abscisus
863 1862 925 1900 est
956 1858 1115 1903 Cristus
1157 1862 1207 1904 de
1247 1863 1366 1907 beata
1405 1867 1564 1922 virgine
1603 1876 1726 1915 natus

43 1912 131 1956 sine
168 1915 279 1958 virili
318 1919 495 1974 semine,
542 1923 640 1975 quia
676 1924 780 1967 tales
826 1930 1029 1983 percutiet
1075 1936 1115 1975 et
1152 1933 1338 1978 destruet
1383 1937 1424 1980 in
1472 1939 1538 1982 die
1583 1942 1723 1995 judicii

41 1988 174 2029 morte
205 1992 384 2031 aeterna.

711 2250 808 2307 214,
842 2265 945 2310 app.
970 2255 1040 2300 18.

151 2344 323 2400 Legitur
354 2349 396 2391 in
419 2351 636 2396 scolastica
664 2355 835 2401 historia
866 2362 973 2415 quod
1004 2363 1045 2404 in
1077 2363 1308 2410 Jerusalem
1342 2370 1421 2413 fuit
1452 2373 1625 2427 quedam
1649 2389 1716 2418 co—

34 2411 207 2471 lumpna
238 2431 339 2461 enea
370 2420 412 2462 in
445 2423 560 2476 cujus
592 2429 830 2472 summitate
869 2437 957 2474 erat
987 2448 1134 2489 ymago
1175 2437 1392 2483 salvatoris
1431 2442 1585 2487 habens
1625 2446 1714 2489 fim-

33 2483 144 2528 brias
181 2488 232 2530 ad
262 2491 429 2533 modum
463 2493 703 2552 judeorum,
752 2505 792 2542 et
839 2503 889 2544 ad
937 2505 1082 2558 pedem
1123 2507 1340 2565 columpne
1379 2515 1551 2567 quedam
1587 2517 1712 2560 herba

32 2558 279 2602 nascebatur
323 2574 400 2615 que
446 2563 489 2606 in
529 2565 655 2610 altum
704 2583 747 2612 se
795 2574 981 2616 extendit
1026 2577 1068 2618 in
1114 2582 1274 2622 tantum
1322 2585 1429 2637 quod
1476 2589 1708 2641 ymaginem

32 2639 173 2674 eneam
206 2631 365 2686 tetigit3
407 2635 522 2688 cujus
553 2637 736 2682 fimbrias
769 2643 859 2697 quis
891 2646 1075 2698 tetigerit
1104 2649 1156 2691 ad
1188 2652 1407 2705 cujuslibet
1438 2657 1569 2700 morbi
1601 2659 1710 2702 valet

29 2698 287 2744 medicinam.

0 2811 1 2815 ,
144 2772 321 2816 Mietice.
382 2775 461 2818 Per
498 2778 619 2821 istam
661 2782 924 2839 columpnam
962 2787 1193 2844 intelligere
1241 2793 1435 2838 debemus
1485 2800 1708 2852 quemlibet

0 2830 1 2842 ¹
26 2835 200 2884 fidelem.
252 2843 373 2888 quta
401 2847 523 2890 illud:
562 2850 729 2899 (Jerem.
758 2856 796 2906 l)
837 2856 931 2899 dedi
961 2862 1002 2901 te
1033 2861 1294 2918 columpnam
1326 2867 1368 2907 in
1400 2873 1542 2911 sancta
1572 2883 1703 2915 cruce.

19 2907 112 2954 -Hec
142 2926 290 2969 ymago
330 2918 464 2971 posita
505 2920 547 2962 in
578 2924 816 2968 summitate
852 2927 1069 2985 columpne
1101 2932 1256 2978 habens
1288 2935 1471 2981 fimbrias
1504 2945 1566 2983 est
1596 2941 1703 2986 filius
