1919 3157
878 48 964 91 699

89 150 286 193 Asmodei
321 167 489 208 reynum
529 156 603 209 qui
641 155 765 210 Ieyem
803 156 916 196 dedit
957 156 1006 196 de
1044 155 1175 196 tribus
1214 156 1454 199 veritatibus
1494 159 1679 200 dicendis
1723 160 1762 199 si

173 231 318 279 captus
349 232 385 264 et
416 225 472 264 ad
503 233 666 265 mortem
699 228 961 267 sententz‘atus
992 226 1107 268 vellet
1137 228 1307 269 evadere
1338 227 1406 269 58.

88 293 291 334 Assuerus
339 309 410 335 rea:
451 296 612 350 yrande
657 298 889 338 com-icium
921 297 1030 351 fecit
1067 312 1169 352 quos
1208 307 1243 339 et
1283 299 1424 353 quales
1463 300 1519 340 ad
1555 299 1663 340 illud
1690 313 1761 340 vo·

173 366 328 405 caverit
361 364 454 405 167.

87 434 289 476 Avaricia
322 435 468 476 multos
499 445 672 487 eoececat,
705 438 932 492 ammplam
960 438 1182 493 pulchrum
1216 438 1281 479 73.

86 505 206 547 Audi
234 506 325 546 vide
357 514 456 557 tace,
491 507 597 548 unde
629 515 761 548 ortum
792 507 910 549 habet
942 508 1009 549 68.

86 576 243 617 Aurem
273 578 486 617 sinistram
517 578 682 632 auferre
714 580 817 633 quid
846 581 899 620 sit
930 578 984 619 83
1016 581 1060 619 in
1082 579 1183 637 fine.

87 646 241 687 Aurem
275 648 459 687 dea-tram
492 648 658 701 auferre
689 650 890 704 quomodo
922 650 1179 705 intelliqitur.
1230 648 1399 690 Ibidem.

86 716 206 758 Auro
239 726 275 758 et
305 726 475 773 arqento
506 719 569 759 nil
601 720 722 760 cilius
757 719 850 760 169.

89 787 273 828 Baculus
311 797 448 829 sancte
479 792 611 830 crucis
647 792 913 845 penitentiam
945 791 1134 846 designat
1171 805 1248 845 que
1285 806 1360 832 nos
1391 791 1447 832 ad
1477 794 1586 833 viam
1617 792 1763 833 salutis

174 859 321 914 dirwy-it
354 859 449 900 101.

88 928 334 984 Baptismus
357 930 475 988 filios
508 931 576 971 dei
606 930 804 985 legitimos
836 946 909 972 nos
942 933 1150 972 constituit
1180 931 1217 972 9.

87 999 277 1041 Barbari
302 1002 526 1056 imayinem
548 999 701 1042 Christi
730 1003 773 1042 in
795 1001 950 1043 Edissa
972 1004 1121 1043 citante
1142 1005 1339 1044 sustinere
1359 1017 1445 1044 non
1465 1011 1638 1054 possunt
1668 1001 1762 1044 154.

87 1069 369 1112 Barbetonsor
408 1086 604 1127 mappam
646 1072 879 1113 Domitiani
916 1074 1137 1128 respiciens
1181 1074 1364 1128 undique
1411 1075 1766 1129 circumscriptam

175 1143 279 1182 vidit
309 1143 510 1197 quicquid
540 1158 642 1198 aya-s
667 1144 899 1198 prudenter
929 1158 1029 1198 ayas
1061 1145 1132 1185 sed
1161 1146 1319 1199 respice
1339 1144 1468 1197 finem
1502 1144 1597 1185 103.

88 1212 321 1254 Basilicam
353 1214 549 1268 optimam
582 1215 810 1255 constritavit
840 1216 1066 1269 imperator
1096 1229 1291 1255 romanus
1327 1214 1391 1256 16.

88 1283 321 1324 Basiliscus
360 1284 613 1325 AlleJandri
651 1286 792 1339 mayni
836 1285 981 1325 milites
1027 1287 1115 1326 sine
1162 1288 1274 1326 omni
1311 1286 1491 1326 vulneris
1521 1285 1765 1340 intersiynio

147 1361 152 1365 ”
174 1354 380 1408 interfecit
413 1354 507 1396 139.

89 1424 341 1478 Beneficium
372 1426 471 1480 leqis
504 1428 578 1480 qui
606 1426 838 1481 impleverit
866 1441 948 1467 non
982 1428 1179 1468 morietur
1210 1426 1278 1468 58.

91 1495 299 1549 Beneficia
337 1497 405 1537 dei
446 1511 529 1537 non
573 1498 792 1538 recordans
838 1499 1111 1552 castiqacioni
1147 1497 1373 1551 subjacebit
1416 1499 1462 1538 in
1500 1498 1688 1538 eoetremis
1733 1504 1769 1538 et

177 1569 439 1608 amissionem
469 1568 758 1623 temporalium
785 1570 969 1624 patietur
998 1570 1043 1609 in
1068 1570 1256 1624 presenti
1286 1568 1354 1609 84.

91 1637 253 1679 Bellum
286 1639 458 1679 mortale
482 1653 566 1694 pro
598 1638 715 1679 nobis
738 1637 922 1680 Clzristus
953 1641 1144 1695 suscepit,
1179 1641 1345 1695 quando
1376 1641 1483 1681 inter
1512 1654 1587 1680 nos
1618 1647 1655 1680 et
1675 1639 1768 1680 dia-

178 1708 316 1750 bolum
340 1717 517 1765 propter
541 1718 713 1765 peccata
746 1718 888 1751 nostra
919 1724 959 1750 se
990 1711 1238 1765 interposuit
1268 1709 1335 1751 87.

91 1779 259 1821 Bellum
291 1777 444 1821 Christi
473 1780 735 1822 hereditatem
764 1783 885 1836 reqni
914 1781 1067 1822 celestis
1096 1781 1215 1822 nobis
1245 1783 1433 1822 restituit.
1483 1781 1652 1822 Ibidem.

90 1850 259 1892 Bonum
289 1865 371 1892 non
404 1859 461 1892 est
479 1851 609 1904 fidem
626 1851 832 1906 sranyere
857 1853 1019 1907 potenti
1048 1851 1117 1892 47.

91 1921 366 1963 Bucinatores
396 1936 516 1963 mane
547 1921 746 1964 canebant
776 1930 869 1963 ante
899 1924 1064 1964 domum
1093 1923 1208 1964 illius
1240 1925 1314 1978 qui
1344 1923 1479 1964 occid-i
1507 1923 1696 1976 debebat,
1734 1931 1771 1966 et

179 1994 239 2033 sic
269 1993 444 2034 vestibus
473 1996 608 2049 niqris
639 1993 808 2034 indutus
840 1995 896 2034 ad
915 1993 1125 2047 judicium
1155 1993 1341 2035 veniebat
1374 1993 1468 2035 143.

97 2063 214 2118 Buso
269 2079 468 2120 puynans
526 2079 616 2105 cum
665 2073 849 2120 serpente
899 2064 1106 2118 adjutorio
1161 2064 1373 2118 cujusdam
1423 2066 1581 2106 strenui
1628 2065 1772 2106 militis

180 2142 421 2190 superatur,
477 2143 514 2176 et
563 2135 678 2176 miles
727 2136 876 2176 vulnus
920 2144 1162 2177 venenatum
1199 2150 1280 2191 per
1325 2135 1518 2189 bufonem
1567 2137 1769 2191 recipiens

181 2221 206 2246 a
239 2213 422 2261 serpente
454 2214 624 2247 curatur
654 2214 690 2247 et
720 2208 759 2247 ei
785 2208 1039 2262 reyratiatur
1069 2206 1137 2247 99.

93 2275 277 2318 Candela
308 2291 432 2331 quam
465 2276 703 2318 Alexander
732 2292 805 2318 reoe
829 2279 974 2333 posuit
1003 2279 1130 2319 vitam
1155 2284 1387 2334 presentem
1418 2279 1556 2332 siynat
1586 2275 1655 2317 96.

93 2346 277 2389 Candela
317 2347 601 2388 Romanorum
647 2349 845 2403 quamdiu
893 2347 1065 2390 ardebat
1102 2350 1303 2389 venientes
1349 2348 1406 2388 ad
1440 2349 1623 2403 qratiam
1664 2348 1768 2388 reci-

179 2418 322 2475 piebat
351 2417 420 2458 98.

95 2487 217 2543 [163]
250 2487 440 2530 Candida
479 2488 618 2529 lettera
650 2503 775 2544 quam
807 2490 937 2531 laicus
968 2490 1116 2531 didicit
1150 2489 1355 2531 celestium
1381 2488 1634 2544 qaudiorum
1664 2488 1770 2530 desi-

183 2561 343 2602 derium
373 2559 579 2614 siqnificat
612 2559 706 2600 125.

96 2629 287 2673 Caniculi
317 2646 343 2671 a
374 2631 539 2670 domino
571 2629 710 2671 dilecti
740 2632 814 2685 qui
841 2632 924 2672 sint
955 2630 1023 2672 29.

96 2700 266 2744 Carceri
293 2701 496 2755 infernali
525 2702 667 2742 anima
698 2701 1025 2755 adjudicabitur,
1059 2702 1225 2757 quando
1254 2716 1330 2757 per
1354 2708 1570 2757 peccatum
1600 2699 1772 2741 mortale

184 2773 443 2814 adulteratur
474 2771 542 2812 86.

97 2841 203 2885 Caro
233 2857 342 2884 uxor
369 2851 513 2884 nostra
544 2844 698 2884 dicitur
731 2842 797 2883 10.

98 2911 252 2955 CCCC
278 2922 457 2970 quatuor
485 2915 532 2954 in
563 2913 716 2955 circulo
745 2928 894 2955 manus
922 2914 1063 2969 reyine
1091 2913 1301 2956 vulnerate
1331 2913 1434 2970 quid
1462 2911 1659 2969 siqn..13.
