1919 3157
851 88 928 129 401

53 183 167 226 Tunc
198 185 260 227 vir
291 187 406 240 quasi
440 193 604 231 coaetus
638 192 721 233 suis
755 194 944 247 precibus
978 196 1055 237 ait:
1097 196 1188 239 Noli
1221 212 1285 241 me
1319 202 1510 255 prodere.
1549 218 1626 258 que
1657 205 1730 247 tibi

51 254 156 308 dico,
181 260 221 297 et
243 258 456 299 veritatem
483 261 679 314 pandam!
714 263 769 304 At
793 264 882 306 illa:
915 266 1035 308 Absit
1060 267 1133 309 boc
1157 282 1181 310 a
1203 272 1286 312 me!
1321 274 1376 313 At
1399 273 1485 315 ille:
1515 275 1597 316 Fur
1618 290 1727 318 eram

51 329 93 367 et
124 329 335 369 nocturnis
367 329 488 371 furtis
511 333 648 374 omnia
681 348 758 388 que
781 349 887 377 nunc
921 337 1049 379 habeo
1082 343 1340 393 congregavi.
1386 343 1458 385 Cui
1484 346 1541 387 ait
1561 347 1728 389 mulier:

49 395 177 438 Miror
209 411 304 452 ergo
338 401 444 454 quod
472 415 679 457 uunquam
711 406 823 448 fuisti
854 407 1144 462 deprehensus,
1195 412 1267 454 Cui
1303 414 1389 456 ille:
1425 415 1498 465 Qui
1534 418 1729 470 magister

48 479 163 509 meus
196 474 297 514 erat.
331 472 534 525 quoddam
570 476 735 517 verbum
756 491 820 519 me
842 478 993 533 docuit,
1027 482 1134 534 quod
1158 485 1310 539 septies
1333 486 1531 540 dicebam,
1565 490 1727 542 quando

47 541 156 580 tecta
186 539 393 583 homiuem
427 545 719 600 ascendebam,
753 553 793 590 et
825 554 921 591 tunc
955 564 1026 605 per
1059 553 1195 595 radios
1228 555 1322 598 lune
1355 557 1650 601 descendebam
1686 561 1725 602 iu

46 609 211 652 domum
253 617 293 654 et
331 614 604 669 accipiebam,
647 616 797 673 [114b]
840 634 1080 676 quecunque
1120 624 1303 668 volebam
1345 631 1385 670 et
1425 630 1512 671 sine
1545 632 1726 686 periculo

44 680 193 723 iterum
228 696 302 738 per
323 685 486 727 eosdem
511 687 647 730 radios
680 691 948 734 ascendebam
985 698 1024 734 et
1056 694 1220 738 domum
1246 698 1422 741 exibam.
1466 701 1539 744 Ait
1558 703 1725 745 mulier:

43 750 156 805 Rogo
188 758 247 807 te,
287 754 351 796 dic
383 757 506 799 michi
539 758 639 800 illud
673 761 862 815 verbum,
904 764 1017 817 cujus
1051 766 1202 808 virtute
1235 769 1323 810 siue
1356 772 1537 824 periculo
1569 774 1723 816 furtum

43 824 299 867 commisisti.
348 826 399 868 Et
432 827 525 870 ille:
559 829 650 872 Tibi
683 831 830 886 dicam,
864 835 934 876 sed
959 835 1076 878 alteri
1100 838 1211 880 nullo
1235 841 1355 882 modo
1388 842 1513 897 dicas,
1547 858 1598 887 ne
1619 846 1724 889 sorte
1752 852 1794 886 10

42 900 212 949 possent
243 896 349 939 bona
376 903 517 941 nostra
551 906 776 956 asportare.
825 905 882 947 At
914 906 1003 948 illa:
1038 907 1158 951 Nullo
1181 911 1302 953 modo
1336 915 1604 970 attemptabO.
1647 916 1723 967 Qui

42 965 117 1007 ait:
151 966 237 1009 Hec
269 973 364 1010 sunt
396 970 539 1013 verba:
576 971 756 1028 Saxlem,
790 976 961 1019 saxlem.
1014 978 1106 1021 Hiis
1128 981 1248 1023 dictis
1279 984 1429 1026 mulier
1460 986 1722 1041 obdormivit,

40 1037 104 1078 vir
126 1043 263 1081 autem
285 1039 407 1082 finxit
435 1055 478 1084 se
500 1043 680 1086 dormire
702 1049 743 1087 et
774 1049 1045 1091 ster-nutabat.
1098 1050 1181 1093 Fur
1213 1066 1303 1095 cum
1327 1056 1524 1111 audisset,
1556 1060 1722 1111 gavisus

40 1112 122 1162 est,
161 1115 326 1166 sumpto
366 1111 461 1155 lune
501 1114 615 1157 radio
654 1120 694 1158 et
732 1118 884 1172 septies
917 1119 1025 1162 dicto
1063 1123 1245 1166 carmine
1276 1125 1427 1169 laxatis
1460 1129 1649 1172 manibus
1682 1135 1722 1174 et

39 1179 212 1234 pedibus
243 1195 316 1237 per
346 1183 571 1227 fenestram
604 1187 645 1228 in
679 1187 844 1231 domum
885 1192 1051 1246 cecidit,
1091 1198 1132 1236 et
1169 1209 1363 1250 magnum
1399 1201 1575 1242 sonitum
1609 1202 1720 1257 fecit,
1749 1209 1790 1243 15

37 1251 249 1307 fractoque
288 1267 406 1297 crure
438 1261 478 1298 et
509 1256 676 1300 brachio
702 1259 835 1313 jacuit
871 1263 1094 1306 semivivus
1125 1266 1166 1307 in
1200 1271 1322 1311 terra.
1379 1270 1540 1326 Hospes
1580 1273 1719 1315 audito

37 1335 136 1365 sono
169 1325 360 1379 quesivit,
393 1329 510 1381 quasi
541 1330 718 1373 nesciret
739 1332 916 1386 qualiter
946 1336 1172 1379 cecidisset.
1216 1339 1273 1381 At
1304 1341 1392 1383 ille:
1427 1341 1563 1385 Verba
1584 1344 1720 1387 fabule

36 1407 103 1436 me
146 1395 408 1452 deceperunt.
470 1399 630 1456 Hospes
675 1415 767 1444 eum
816 1406 973 1461 recepit
1014 1411 1054 1448 et
1093 1422 1253 1452 summo
1294 1425 1414 1455 mane
1452 1415 1494 1456 in
1533 1415 1718 1470 patibulo

35 1467 231 1522 suspendi
261 1468 370 1511 fecit.

152 1539 439 1583 Moralizacio.
502 1541 732 1597 Carissimi,
766 1545 832 1587 fur
862 1547 941 1590 iste
974 1554 1037 1592 est
1067 1551 1268 1606 diabolus,
1302 1555 1372 1609 qui
1404 1569 1478 1611 per
1499 1557 1630 1600 malas
1651 1571 1718 1600 co·
1744 1566 1788 1600 20

33 1608 260 1662 gitaciones
291 1615 443 1654 tectum
477 1614 611 1657 cordis
644 1617 704 1657 tui
737 1619 923 1662 ascendit
954 1625 994 1663 et
1019 1622 1204 1665 foramen
1227 1624 1327 1667 facit
1346 1639 1422 1681 per
1442 1629 1597 1671 malum
1621 1643 1718 1672 con-

33 1692 212 1723 sensum.
274 1681 348 1724 Vir
393 1696 485 1726 cum
523 1699 652 1729 uxore
699 1692 761 1731 est
805 1690 935 1734 bonus
982 1694 1166 1748 prelatus
1215 1696 1385 1739 ecclesie
1429 1699 1716 1757 desponsatus,

32 1764 154 1805 quem
192 1752 379 1796 diabolus
417 1759 503 1798 toto
537 1760 752 1802 conamine
783 1762 930 1804 nititur
962 1778 1035 1819 per
1067 1770 1282 1821 peccatum
1315 1768 1423 1811 bona
1454 1784 1529 1814 sua
1561 1773 1718 1816 scilicet

31 1822 206 1866 virtutes
238 1837 339 1879 quas
372 1826 414 1867 in
448 1826 652 1882 baptismo
686 1834 842 1888 recepit
881 1835 1062 1889 auferre;
1102 1838 1172 1880 sed
1212 1839 1342 1882 bonus
1375 1842 1559 1896 prelatus
1595 1844 1717 1887 debet

30 1894 225 1937 continue
256 1896 447 1952 vigilare,
481 1904 526 1941 ut
558 1914 639 1942 non
671 1902 780 1946 sinat
809 1905 941 1948 furem
975 1908 1111 1951 anime
1143 1910 1308 1953 domum
1342 1913 1567 1968 perforare,
1593 1916 1716 1970 juxta
1740 1926 1785 1960 25

28 1964 131 2007 illud
154 1966 323 2009 verbum
356 1968 598 2014 salvatoris:
632 1972 823 2030 Vigilate,
857 1978 953 2031 quia
983 1981 1165 2035 nescitis,
1200 1995 1280 2036 qua
1307 1983 1408 2043 liora
1428 1985 1495 2027 fur
1517 1991 1714 2031 venturus

29 2040 103 2078 est.
157 2036 213 2079 Et
248 2043 393 2082 contra
431 2041 518 2095 ejus
558 2043 743 2087 malicias
782 2047 893 2090 intra
923 2063 966 2092 se
1010 2055 1051 2093 et
1089 2066 1256 2095 uxorem
1301 2055 1459 2098 scilicet
1498 2058 1711 2102 ecclesiam

29 2108 259 2163 providere,
292 2113 495 2166 quomodo
521 2114 683 2158 diabolo
716 2118 770 2160 sit
800 2120 1089 2176 resistendum,
1126 2127 1171 2166 ut
1201 2126 1324 2168 cadat
1353 2140 1378 2169 a
1399 2129 1521 2171 corde
1553 2130 1639 2184 ejus
1673 2135 1713 2173 et

27 2179 140 2221 nullo
179 2182 301 2223 modo
343 2184 379 2225 ei
421 2191 578 2228 noceat.
636 2187 708 2230 Vel
748 2189 827 2232 alio
860 2192 981 2234 modo
1016 2198 1152 2248 potest
1188 2197 1342 2239 reduci.
1399 2198 1483 2241 Fur
1513 2200 1591 2243 iste
1623 2206 1712 2244 erat

25 2247 191 2293 Lucifer
222 2253 414 2308 pulcher,
452 2257 521 2310 qui
552 2261 639 2300 toto
671 2262 885 2304 conamine
918 2265 1138 2308 ascendere
1169 2268 1351 2323 volebat,
1391 2274 1436 2312 ut
1475 2271 1580 2314 alter
1610 2273 1710 2316 deus
1736 2283 1781 2317 30

26 2326 136 2364 esset
166 2328 207 2366 et
238 2325 399 2368 auferre
431 2327 482 2369 ab
515 2342 560 2370 eo
594 2330 679 2383 ejus
712 2332 976 2389 dignitatem,
1015 2350 1105 2378 cum
1140 2338 1303 2382 (licebat
1334 2340 1437 2384 lsai:
1475 2343 1708 2387 Ascendam

25 2392 68 2434 in
100 2393 231 2436 celum
266 2401 307 2438 et
338 2410 406 2439 ero
440 2399 588 2442 similis
622 2401 836 2446 altissimo.
894 2405 1009 2456 Quod
1049 2413 1194 2463 postea
1225 2413 1410 2455 ascendit
1441 2427 1515 2469 per
1546 2416 1705 2458 radium

25 2462 102 2507 hoc
139 2469 202 2508 est
233 2480 305 2522 per
337 2482 452 2511 suam
477 2471 822 2525 pulchritudinem
857 2478 1006 2520 cecidit
1036 2480 1077 2521 in
1109 2481 1331 2537 infernum,
1365 2489 1405 2526 et
1434 2486 1558 2539 fregit
1588 2500 1706 2530 crura

25 2547 112 2590 sua,
143 2537 169 2578 i.
194 2551 228 2580 e.
263 2540 403 2582 amisit
434 2554 553 2584 suum
587 2543 774 2587 decorem
808 2551 849 2590 et
880 2548 1089 2605 honorem,
1124 2565 1243 2606 quem
1277 2555 1376 2597 deus
1409 2570 1458 2598 ex
1491 2571 1566 2599 sua
1591 2558 1707 2601 boni-

25 2608 110 2650 tate
141 2608 220 2651 sibi
252 2611 439 2667 contulit,
473 2617 514 2655 et
544 2627 768 2670 suspensus
802 2623 865 2661 est
895 2621 937 2662 in
970 2622 1153 2676 patibulo
1185 2624 1390 2680 infernali,
1424 2641 1447 2669 a
1478 2641 1557 2682 quo
1590 2633 1664 2672 etc.
1731 2639 1776 2673 35

1753 495 1774 529 υἱ
