1919 3157
883 55 967 95 1363

755 199 852 253 257,
885 213 990 255 app.
1015 202 1085 245 cl.

200 289 374 334 Sanctus
397 294 646 338 Adalbertus
680 298 779 340 dicit
811 301 918 354 quod
952 303 1119 346 inmari
1152 309 1213 347 est
1246 306 1369 361 piscis
1400 308 1563 362 quidam
1596 311 1760 355 nomine

80 360 274 415 Algarus,
308 365 440 418 primo
474 367 605 408 oritur
637 381 685 409 ex
709 369 834 411 fundo
858 374 983 414 maris
1017 374 1102 416 scil.
1137 375 1239 418 slam
1276 377 1337 420 vel
1359 380 1540 422 motecht
1564 387 1604 424 et
1627 383 1759 437 primo

79 437 142 474 est
181 435 439 477 vermiculus.
496 437 597 479 Cum
639 444 773 481 autem
817 456 930 485 mare
968 450 1175 500 movetur,
1218 451 1314 490 tunc
1353 451 1500 492 crescit
1530 452 1571 493 in
1604 454 1758 508 piscem

79 516 272 557 magnum
306 505 400 548 dum
435 506 580 550 fluctus
613 511 739 552 muris
773 512 924 555 eiciunt
955 515 1069 558 illum
1105 518 1154 559 ad
1188 518 1302 561 littus
1340 522 1479 564 maris.
1534 523 1758 568 Deficiente

77 588 184 629 aqua
215 580 255 618 et
286 584 522 621 remanente
555 581 666 635 pisce
699 582 738 623 in
771 582 909 627 littore
949 587 1095 638 incipit
1134 593 1379 644 putrescere.
1427 592 1552 636 Facto
1593 596 1757 650 putrido

77 658 220 688 carnes
262 648 385 702 piscis
425 657 692 705 evanescunt,
734 659 773 695 et
812 656 844 696 si
885 657 1048 700 interim
1089 673 1193 714 aqua
1225 661 1303 703 sibi
1336 666 1575 718 supervenit
1606 666 1756 722 elapsis

76 718 265 760 omnibus
298 721 489 763 carnibus
522 722 572 763 ab
605 736 651 764 eo
684 738 811 779 usque
844 727 894 768 ad
928 733 1063 783 caput,
1097 730 1244 786 incipit
1275 747 1318 775 se
1340 748 1539 779 renovare
1554 737 1755 793 incipiens

75 801 99 829 a
130 790 278 844 capite,
313 796 352 832 et
384 793 441 834 sic
474 794 612 835 omnia
643 802 878 839 recrescunt
910 800 1025 853 pisci.

190 862 423 904 Moraliter.
481 863 609 906 Piscis
649 870 711 908 est
750 867 871 910 homo
912 870 1046 913 factus
1085 885 1135 914 ex
1173 872 1259 915 luto
1299 875 1363 917 vel
1402 889 1451 918 ex
1493 877 1590 920 limo
1631 883 1752 922 terre.

72 930 128 973 Et
157 931 227 974 ille
259 946 455 976 excussus
489 941 607 978 extra
633 950 780 992 aquam
815 941 840 981 i.
865 954 898 982 e.
934 955 983 983 ex
1016 944 1155 996 gracia
1187 944 1252 987 dei
1284 947 1452 990 veniens
1485 962 1608 1004 super
1638 949 1754 994 littus

73 1002 186 1045 aride
227 1008 335 1047 terre
375 1005 443 1048 ille
485 1009 695 1062 putrescit.
760 1009 875 1053 Sicut
905 1011 1114 1056 Johannes
1155 1015 1272 1059 dicit:
1314 1016 1445 1061 Homo
1485 1021 1674 1076 putridus
1715 1025 1755 1065 et

71 1072 179 1116 filius
211 1075 298 1129 ejus
331 1078 516 1132 putredo,
567 1079 686 1121 Item:
719 1081 825 1124 Ecce
856 1083 899 1124 in
921 1084 1091 1139 pulvere
1119 1086 1240 1129 sedeo
1264 1092 1304 1130 et
1325 1089 1366 1131 in
1389 1089 1557 1145 pulvere
1579 1092 1750 1136 dormio.

71 1142 174 1186 Cum
212 1145 304 1188 ideo
343 1147 462 1191 homo
503 1150 704 1193 alienatus
743 1153 797 1194 sit
837 1153 886 1196 ab
927 1157 1038 1198 omni
1076 1170 1199 1213 opere
1239 1158 1343 1202 bono
1382 1165 1423 1203 et
1460 1162 1668 1206 dormiens
1709 1165 1752 1208 in

69 1215 238 1270 pulvere
270 1218 297 1259 i.
323 1231 356 1260 e.
390 1220 431 1261 in
465 1222 733 1275 originalibus
765 1227 943 1279 peccatis
975 1231 1073 1270 tunc
1104 1233 1295 1284 portatur
1327 1231 1378 1273 ad
1401 1246 1549 1288 aquam
1580 1235 1607 1277 i.
1632 1249 1665 1278 e.
1700 1236 1751 1278 ad

71 1285 334 1342 baptismum.
385 1290 457 1333 llla
491 1306 596 1347 aqua
627 1293 714 1337 loco
747 1296 899 1339 virtute
932 1297 1049 1341 effusi
1081 1301 1264 1354 saguinis
1295 1301 1415 1345 Ihesu
1447 1303 1601 1348 Christi
1631 1306 1750 1350 robo-

67 1356 182 1400 ratus
222 1364 284 1402 est
324 1360 553 1417 baptismus
592 1370 636 1407 ut
675 1370 883 1410 cantatur:
923 1369 979 1412 Et
1018 1384 1159 1414 omnes
1199 1372 1249 1414 ad
1283 1387 1383 1428 quos
1424 1377 1613 1430 pervenit
1643 1391 1750 1434 aqua

67 1430 148 1472 ista
193 1431 296 1473 salvi
343 1432 440 1475 facti
488 1439 597 1478 sunt.
661 1435 729 1479 Sic
774 1438 896 1482 homo
943 1443 1174 1484 renascitur
1219 1445 1491 1499 spiritualiter
1532 1462 1748 1494 removens

68 1501 337 1554 ignominiam
377 1505 507 1560 culpe.
565 1507 678 1550 Tunc
716 1510 823 1551 enim
858 1511 1014 1554 homini
1056 1515 1325 1569 apperiuntur
1363 1521 1404 1559 et
1441 1531 1605 1574 sensus,
1646 1534 1746 1576 quos

68 1573 103 1614 ei
137 1573 284 1616 clausit
315 1575 512 1630 dyabolus
545 1591 635 1620 cum
670 1580 769 1623 dicit
801 1583 990 1625 sacerdos
1023 1599 1170 1640 puero:
1203 1585 1354 1642 Recipe
1375 1589 1503 1632 salem
1525 1591 1743 1646 sapiencie.

65 1643 279 1700 Effetaque
320 1651 382 1689 est
422 1650 624 1703 apperire.
683 1650 749 1693 Sic
788 1652 908 1696 homo
949 1655 1183 1710 baptizatus
1224 1663 1514 1712 augmentatur
1553 1662 1595 1704 in
1628 1663 1745 1706 bonis

65 1716 271 1770 operibus
327 1717 393 1761 Sic
425 1720 549 1774 piscis
582 1724 775 1765 recrescit
806 1724 830 1766 i.
856 1738 888 1767 e.
924 1731 1114 1780 peccator
1145 1730 1334 1784 putridus
1367 1745 1441 1787 per
1472 1737 1642 1788 peccata
1671 1748 1745 1778 sua

63 1786 110 1829 fit
140 1801 281 1831 recens
313 1803 387 1845 per
419 1791 667 1847 baptismum
703 1799 777 1837 etc.

732 2048 835 2104 258,
868 2062 972 2104 app.
996 2051 1070 2095 62.

177 2142 278 2185 Tres
326 2144 533 2200 sapientes
580 2149 769 2203 requisiti
814 2150 1002 2206 fuerunt,
1057 2154 1153 2208 quid
1201 2159 1263 2197 est
1301 2156 1452 2200 foi-cius
1483 2158 1525 2200 in
1571 2160 1737 2203 mundo.

59 2212 223 2256 Primus
268 2217 482 2271 respondit
520 2219 672 2262 vinum.
737 2220 947 2264 Secundus
986 2225 1201 2279 respondit
1238 2227 1398 2270 mulier.
1463 2229 1629 2273 Tercius
1674 2245 1738 2274 re-

59 2285 227 2340 spondit
258 2287 366 2340 quod
398 2301 482 2330 rex.
535 2288 590 2332 Et
621 2304 761 2334 omnes
794 2307 935 2335 verum
969 2294 1173 2339 dixerunt.

176 2358 406 2400 Mor-aliter.
456 2359 604 2402 Vinum
640 2367 702 2404 est
732 2364 902 2419 spiritus
932 2371 1111 2420 sanctus,
1145 2368 1212 2422 qui
1246 2369 1452 2424 apostolos
1482 2374 1644 2415 tantum
1675 2373 1737 2416 in-

58 2427 254 2482 ebriavit,
302 2429 408 2483 quod
455 2435 585 2473 totum
635 2435 749 2487 quasi
795 2435 991 2478 vicerunt.
1040 2437 1187 2481 Mulier
1230 2444 1292 2482 est
1331 2441 1450 2483 beata
1491 2443 1626 2497 virgo,
1658 2459 1771 2503 que¹

58 2497 268 2541 Christum
307 2514 443 2553 regem
485 2502 536 2543 ad
574 2502 649 2546 hoc
688 2505 851 2547 induxit
889 2508 996 2561 quod
1037 2523 1183 2564 passus
1221 2511 1318 2565 fuit,
1365 2513 1461 2567 quia
1498 2514 1532 2556 si
1570 2527 1735 2558 carnem

58 2569 107 2611 de
140 2583 187 2612 ea
226 2584 307 2612 non
347 2573 611 2627 sumpsisset,
653 2589 800 2630 passus
841 2591 920 2620 non
953 2579 1089 2622 suiset.
1144 2581 1230 2624 Rex
1264 2596 1359 2626 vero
1399 2588 1461 2626 est
1499 2585 1633 2627 oracio
1665 2586 1734 2629 de-

60 2644 167 2694 vota,
201 2642 297 2695 quia
328 2656 401 2684 rex
434 2644 473 2684 in
506 2657 578 2686 suo
612 2659 735 2699 regno
769 2652 958 2702 potenter
988 2650 1086 2692 facit
1118 2653 1316 2707 quidquid
1348 2655 1446 2697 vult.
1495 2655 1556 2698 Ita
1587 2656 1734 2700 devota

59 2712 195 2754 oracio
227 2719 418 2768 potenter
450 2715 491 2756 in
524 2722 743 2772 conspectu
776 2719 840 2760 dei
875 2724 915 2761 et
945 2721 1146 2765 obtinebit
1178 2725 1374 2779 quidquid
1407 2727 1442 2768 ei
1475 2727 1663 2782 placebit.
