1949 3162
965 67 1050 108 434

176 174 298 217 dubio
331 173 558 215 timendum
592 176 653 215 est
673 173 722 215 de
744 178 887 225 morte,
921 173 1018 226 quia
1047 185 1166 213 nemo
1188 174 1323 226 potest
1343 171 1417 213 deo
1440 174 1480 213 et
1500 171 1650 213 mundo
1672 170 1837 213 servire.

177 244 370 299 Satrape,
411 244 481 297 qui
518 246 661 285 contra
699 257 836 297 regem
876 243 1212 298 conspiraverant
1248 245 1345 294 etc.,
1391 245 1487 283 sunt
1525 242 1731 295 demones,
1771 241 1839 295 qui

175 328 337 370 semper
375 314 580 366 nituntur,
620 313 910 369 spiritualiter,
949 313 1152 366 occidere,
1193 316 1232 354 et
1270 312 1304 354 si
1343 325 1425 354 non
1455 316 1649 368 poterunt
1678 324 1752 367 per
1782 324 1838 365 se,

174 386 396 440 loquuntur
427 398 519 426 cum
551 384 832 426 barbitonsore
863 384 888 425 i.
914 397 946 426 e.
981 397 1123 436 carne,
1157 396 1234 437 que
1266 383 1318 425 ad
1347 382 1514 424 modum
1544 382 1840 425 barbitonsoris

129 466 150 500 5
174 456 283 498 radit
314 469 454 498 omnes
486 455 603 510 pilos.
652 454 755 496 Caro
789 469 861 510 per
894 454 1144 497 voluntatem
1178 467 1294 495 suam
1316 454 1426 496 radit
1455 454 1642 507 virtutes,
1676 466 1776 508 quas
1798 453 1840 494 in

175 527 378 582 baptismo
409 526 530 568 homo
562 526 729 581 recepit.
779 525 858 568 Sed
889 525 923 567 si
955 525 1075 566 homo
1108 525 1158 566 ad
1190 524 1311 566 finem
1345 538 1463 567 suum
1496 525 1730 579 respiceret,
1763 523 1841 565 sci-

173 598 269 640 licet
306 597 355 639 ad
398 601 594 650 mortem,
636 610 715 650 qua
754 599 884 637 morte
925 596 1118 638 debemus
1157 595 1282 648 mori,
1332 595 1394 638 vel
1432 595 1522 648 ubi,
1562 594 1627 636 vel
1666 593 1841 648 quando,

173 668 382 710 recederet
420 681 444 709 a
480 667 597 709 nobis
637 667 769 708 omnis
807 666 939 708 malus
981 670 1107 708 actus.
1164 665 1409 708 Studeamus
1456 679 1572 720 ergo,
1616 665 1719 707 istas
1757 668 1840 706 tres

173 740 346 781 virtutes
385 742 426 781 et
461 738 689 794 sapiencias
728 741 887 790 tenere,
930 740 970 779 et
1009 737 1067 779 sic
1098 737 1323 792 poterimus
1355 737 1406 779 ad
1438 741 1623 780 eternum
1653 735 1840 779 bravium

106 818 149 852 10
174 810 400 866 pervenire.

826 966 927 1008 off.
955 967 1049 1008 104.
1092 966 1193 1017 (96.)

666 1053 740 1098 De
776 1052 1085 1111 beneficiorum
1121 1054 1348 1097 memoria.

289 1161 463 1212 Quidam
495 1160 613 1202 miles
645 1164 744 1213 erat,
778 1161 846 1215 qui
879 1174 1001 1216 super
1023 1161 1160 1202 omnia
1191 1161 1332 1202 venari
1364 1159 1520 1202 dilexit.
1567 1158 1731 1202 Accidit
1759 1171 1840 1200 uno

174 1233 258 1286 die,
299 1232 407 1287 quod
446 1231 497 1273 ad
527 1231 758 1274 venandum
789 1231 985 1286 perrexit.
1040 1230 1227 1273 Occurrit
1262 1230 1325 1273 leo
1358 1230 1592 1273 claudicans
1623 1234 1664 1273 et
1693 1229 1840 1285 pedem

107 1311 148 1344 15
174 1303 295 1345 militi
333 1302 523 1345 ostendit.
578 1301 695 1344 Miles
734 1316 830 1344 vero
869 1302 918 1344 de
959 1315 1062 1356 equo
1095 1302 1305 1344 descendit
1335 1305 1376 1343 et
1406 1302 1566 1357 spinam
1600 1304 1760 1343 acutam
1792 1300 1842 1343 de

175 1375 262 1429 ejus
302 1374 404 1429 pede
442 1373 624 1415 extraxit
662 1377 702 1415 et
739 1377 993 1426 unguentum
1031 1372 1191 1415 vulneri
1235 1372 1448 1428 apposuit,
1491 1376 1532 1414 et
1574 1375 1741 1414 sanatus
1780 1374 1842 1413 est

174 1443 250 1488 leo.
305 1444 404 1486 Post
441 1444 516 1486 hoc
555 1457 648 1486 vero
688 1457 761 1486 rex
799 1443 910 1485 illius
948 1444 1063 1497 regni
1093 1445 1136 1485 in
1168 1444 1308 1486 eodem
1340 1456 1506 1485 nemore
1539 1456 1563 1485 a
1592 1455 1690 1484 casu
1719 1455 1842 1484 vena-

176 1516 294 1558 batur
326 1519 366 1558 et
396 1515 513 1556 illum
544 1514 700 1556 leonem
735 1514 895 1569 accepit
926 1518 966 1556 et
997 1514 1137 1556 multis
1170 1516 1286 1557 annis
1319 1527 1456 1557 secum
1487 1513 1671 1555 nutrivit.
1723 1511 1842 1555 Miles

174 1586 244 1628 ille
276 1589 418 1627 contra
439 1599 577 1639 regem
598 1585 784 1627 forefecit
806 1589 846 1627 et
878 1585 929 1627 ad
951 1585 1120 1627 eandem
1143 1585 1338 1628 forestam
1360 1585 1499 1638 fugam
1531 1584 1669 1639 peciit,
1702 1596 1842 1626 omnes

106 1664 150 1698 20
175 1661 433 1699 transeuntes
466 1656 659 1711 spoliavit
690 1660 731 1698 et
762 1656 921 1698 occidit.
979 1655 1066 1698 Rex
1097 1670 1192 1698 vero
1224 1657 1339 1698 illum
1373 1655 1599 1711 captivavit
1629 1658 1670 1698 et
1700 1657 1843 1696 contra

176 1741 268 1770 eum
313 1728 563 1769 sentenciam
602 1726 733 1780 dedit,
781 1731 826 1769 ut
870 1726 977 1769 leoni
1017 1727 1183 1769 daretur
1221 1728 1273 1770 ad
1310 1726 1608 1779 devorandum,
1654 1729 1696 1768 et
1736 1724 1844 1780 quod

176 1798 302 1840 nichil
334 1798 444 1840 aliud
477 1798 525 1839 ad
549 1797 844 1840 comedendum
877 1798 912 1839 ei
945 1797 1111 1839 daretur
1143 1797 1194 1839 ad
1225 1798 1313 1852 hoc,
1346 1802 1392 1840 ut
1421 1797 1594 1840 militem
1615 1797 1841 1839 devoraret.

176 1869 294 1911 Miles
326 1882 436 1922 vere,
469 1882 559 1911 cum
591 1869 635 1910 in
656 1868 816 1910 foveam
849 1872 956 1910 esset
986 1869 1205 1923 projectus,
1237 1869 1410 1910 multum
1442 1869 1581 1911 timuit
1601 1870 1843 1924 exspectans

176 1940 342 1993 horam,
386 1940 546 1994 quando
586 1940 870 1991 devoraretur3
908 1939 971 1981 leo
1011 1953 1108 1982 vero
1148 1953 1238 1982 eum
1278 1940 1422 1982 intime
1462 1939 1647 1995 respexit
1681 1943 1840 1981 etcum

108 2020 152 2053 25
176 2011 370 2053 noticiam
404 2011 489 2064 ejus
522 2010 703 2064 haberet,
737 2010 980 2065 applausum
1014 2011 1051 2052 ei
1080 2010 1177 2053 fecit
1207 2015 1248 2053 et
1281 2009 1368 2065 [84]
1403 2016 1558 2066 septem
1591 2009 1734 2053 diebus
1755 2010 1843 2052 sine

178 2082 267 2124 cibo
298 2082 510 2123 remansit.
557 2081 644 2123 Rex
671 2093 767 2122 vero
790 2093 881 2122 cum
905 2080 980 2122 hoc
1002 2081 1196 2135 audisset,
1228 2081 1522 2135 admirabatur,
1553 2081 1650 2123 fecit
1670 2080 1843 2123 militem

179 2152 228 2195 de
264 2152 383 2194 fovea
420 2152 579 2194 extrahi
619 2156 659 2193 et
697 2152 756 2193 ait
793 2152 849 2193 ei:
896 2151 975 2193 Dic
1012 2151 1152 2205 michi,
1199 2166 1222 2194 o
1260 2152 1490 2206 carissime,
1530 2151 1731 2206 quomodo
1767 2150 1844 2193 hoc

177 2223 330 2278 poterit
361 2236 462 2276 esse,
497 2222 605 2276 quod
635 2222 697 2264 leo
728 2222 804 2264 tibi
834 2235 916 2264 non
947 2222 1110 2264 nocuit?
1151 2222 1226 2273 Qui
1259 2223 1336 2264 ait:
1368 2223 1557 2276 Domine,
1590 2236 1614 2264 a
1643 2235 1740 2264 casu
1769 2235 1844 2276 per

176 2294 372 2336 forestam
420 2293 621 2348 equitavi,
667 2293 729 2335 leo
770 2294 847 2335 iste
885 2293 1117 2335 claudicans
1157 2293 1280 2335 michi
1327 2293 1583 2347 occurrebat,
1629 2306 1703 2347 ego
1747 2305 1843 2335 vero

109 2375 154 2409 30
179 2365 340 2420 spinam
379 2364 429 2406 de
468 2364 571 2419 pede
609 2364 694 2418 ejus
735 2365 896 2406 extraxi
936 2367 976 2406 et
1020 2363 1165 2412 vulnus
1212 2365 1375 2418 sanavi,
1423 2368 1463 2407 et
1507 2364 1599 2407 ideo
1642 2368 1688 2406 ut
1723 2363 1843 2406 credo

178 2436 303 2478 michi
335 2436 479 2490 parcit.
528 2435 601 2476 Ait
632 2448 726 2476 rex:
758 2434 822 2476 Ex
855 2448 933 2488 quo
964 2434 1026 2476 leo
1058 2448 1140 2476 non
1172 2435 1310 2477 nocuit
1340 2434 1429 2488 tibi,
1461 2448 1535 2489 ego
1566 2435 1640 2478 tibi
1661 2447 1843 2490 parcam,

180 2506 368 2548 ammodo
401 2506 566 2548 studeas
598 2506 724 2547 vitam
756 2509 868 2546 tuam
901 2505 1115 2559 corrigere.
1163 2506 1235 2547 Ille
1263 2519 1360 2548 vero
1380 2507 1538 2559 gracias
1560 2506 1647 2559 regi
1666 2505 1846 2548 reddidit
1884 2551 1889 2554 ,

180 2581 221 2619 et
251 2581 345 2632 post
375 2577 450 2618 hoc
480 2577 523 2618 in
555 2576 743 2618 omnibus
775 2579 837 2617 est
868 2576 1107 2618 emendatus
1140 2580 1180 2618 et
1210 2576 1344 2618 finivit
1373 2577 1500 2619 vitam
1521 2589 1638 2618 suam
1664 2576 1707 2617 in
1729 2588 1842 2631 pace.

295 2649 581 2690 Mor-alizacio.
644 2645 875 2700 Carissimi,
916 2646 1033 2689 miles
1064 2647 1162 2700 iste,
1202 2647 1271 2700 qui
1306 2650 1476 2689 venatus
1508 2650 1590 2700 est,
1629 2651 1693 2689 est
1722 2646 1844 2688 homo

112 2726 156 2760 35
181 2719 432 2771 mundanus,
473 2718 542 2772 qui
579 2716 727 2758 cotidie
766 2717 921 2770 studet,
962 2717 1162 2771 quomodo
1202 2717 1308 2759 bona
1342 2717 1550 2759 mundana
1586 2717 1739 2771 poterit
1779 2729 1844 2760 ac-

182 2790 355 2842 quirere.
403 2788 485 2830 Leo
508 2787 742 2829 claudicans
765 2791 826 2829 est
846 2791 976 2830 totum
998 2801 1124 2841 genus
1146 2788 1383 2841 humanum,
1411 2787 1518 2841 quod
1537 2800 1612 2842 per
1631 2790 1844 2842 peccatum

180 2859 305 2914 primi
335 2859 517 2914 parentis
549 2857 816 2911 claudicabat,
851 2872 971 2912 quam
1003 2859 1164 2913 spinam
1196 2858 1222 2899 i.
1246 2871 1280 2900 e.
1315 2862 1526 2913 peccatum
1553 2857 1750 2911 originale
1770 2871 1844 2913 per

183 2929 431 2984 baptismum
471 2933 558 2971 erat
596 2932 824 2971 extractum
863 2932 903 2970 et
939 2942 1031 2970 cum
1067 2932 1272 2983 unguento
1304 2928 1502 2971 bonarum
1535 2928 1732 2971 virtutum
1763 2927 1843 2971 sal-
