1949 3162
100 471 121 503 271

102 826 145 860 10

104 1182 146 1215 15

103 2112 146 2145 25

103 2467 147 2500 30

105 2824 149 2857 35

971 75 1055 115 346

171 180 290 222 nobis
332 194 476 235 passus
516 184 599 232 est;
643 180 732 221 ideo
773 194 885 235 spen]
929 181 976 222 de
1018 194 1063 221 eo
1103 195 1176 236 pre
1219 182 1365 222 ceteris
1405 181 1554 223 habere
1585 181 1780 223 debemus
1813 185 1853 224 et

170 251 245 293 hoc
284 251 502 305 multiplici
543 251 592 292 de
630 264 765 292 causa.
821 250 982 303 Primo,
1023 251 1119 305 quia
1156 255 1317 294 tantum
1350 266 1424 293 nos
1465 252 1622 306 dilexit,
1663 252 1771 306 quod
1802 256 1852 295 de

171 322 255 364 celo
289 322 511 375 descendit,
552 327 741 363 naturam
784 326 968 363 nostram
1010 324 1235 378 assumpsit
1275 328 1313 365 et
1346 323 1559 364 victoriam
1593 327 1735 365 contra
1766 323 1852 366 dia-

171 393 307 435 bolum
351 406 422 447 pro
467 393 584 435 nobis
625 393 814 434 obtinuit.
871 393 1014 434 Tercio
1055 394 1249 435 debemus
1290 394 1435 436 offerre
1475 407 1666 435 coronam
1701 395 1852 436 amoris

170 464 334 518 spiritui
368 468 523 518 sancto,
557 465 654 518 quia
687 465 773 518 ipse
806 468 868 505 est
900 477 1014 504 amor
1048 465 1177 519 patris
1210 470 1250 506 et
1271 465 1357 518 filii,
1391 469 1432 507 et
1461 479 1532 520 per
1555 479 1646 507 eum
1671 478 1852 507 amorem

170 535 347 576 hominis
389 538 428 576 et
467 535 532 577 dei
572 536 798 590 poterimus
838 535 1035 576 obtinere.
1095 535 1137 576 si
1178 536 1250 577 illa
1279 537 1359 577 tria
1392 550 1494 591 puro
1527 536 1648 578 corde
1679 540 1720 578 et
1750 537 1854 579 cari-

170 610 255 648 tate
296 606 478 660 perfecta
518 606 740 659 offerimus,
785 607 873 647 sine
915 606 1037 648 dubio
1077 607 1170 660 ista,
1213 620 1289 661 que
1330 611 1570 661 sequuntur,
1612 621 1635 648 a
1666 613 1783 662 patre
1815 611 1856 650 et

170 677 253 719 filio
287 681 327 719 et
359 678 507 732 spiritu
540 682 681 719 sancto
715 678 1005 719 obtinebimus.
1055 680 1090 719 A
1125 682 1241 733 patre
1270 678 1510 720 thesaurum
1536 678 1748 732 virtutum,
1780 692 1855 734 per

173 761 272 802 quas
306 749 532 803 poterimus
556 749 738 790 animam
762 762 902 801 regere
925 763 1015 791 cum
1040 763 1210 804 corpore
1233 755 1377 791 contra
1399 748 1622 801 diabolum,
1655 749 1852 791 mundum

172 823 212 861 et
244 833 409 861 carnem
444 824 484 861 et
516 834 588 875 per
620 833 874 874 consequens
898 834 1068 874 regnum
1091 821 1240 862 celeste
1263 821 1460 862 obtinere.
1507 821 1544 862 A
1565 820 1648 862 filio
1671 820 1854 876 pixidem

172 905 261 932 cum
296 892 436 933 mirra.
486 891 564 932 Per
597 891 777 946 pixidem
802 904 871 932 cor
900 892 1096 934 mundum
1121 892 1328 945 intelligas
1352 906 1375 933 a
1397 892 1575 947 peccatis
1597 891 1855 946 mundatum,

170 976 244 1018 per
285 963 451 1003 mirram
488 963 777 1017 penitenciam,
822 964 918 1016 quia
956 964 1044 1018 ipse
1085 964 1200 1018 prius
1241 964 1366 1005 vitam
1400 963 1632 1018 penitencie
1663 963 1705 1004 in
1737 976 1856 1006 cruce

171 1034 350 1075 ostendit
390 1037 430 1075 et
471 1034 703 1087 petentibus
745 1034 795 1076 ab
837 1048 882 1075 eo
922 1048 1035 1076 suam
1078 1035 1259 1088 graciam
1298 1035 1369 1076 dat
1407 1034 1569 1077 cotidie.
1628 1035 1666 1076 A
1706 1034 1856 1090 spiritu

171 1109 312 1146 sancto
343 1105 438 1146 thus
471 1104 705 1146 devocionis
739 1105 815 1147 hoc
847 1110 909 1147 est
941 1120 1055 1147 suam
1090 1106 1284 1147 virtutem
1313 1105 1505 1159 infundit,
1539 1119 1612 1161 per
1641 1119 1764 1160 quam
1787 1106 1857 1148 de-

173 1176 256 1218 voti
291 1190 430 1217 sumus
464 1179 504 1217 et
536 1176 708 1217 caritate
743 1177 867 1231 pleni,
902 1177 999 1231 quia
1032 1175 1145 1231 [asb]
1182 1177 1280 1218 deus
1303 1178 1453 1219 caritas
1477 1180 1551 1231 est,
1585 1181 1625 1219 et
1656 1190 1730 1232 per
1761 1190 1857 1219 con-

173 1260 348 1302 sequens
381 1261 638 1290 communem
673 1247 955 1301 offensionem,
989 1262 1110 1302 quam
1146 1261 1219 1302 per
1250 1252 1463 1303 peccatum
1487 1252 1630 1290 contra
1651 1249 1772 1290 deum
1793 1249 1857 1290 in-

172 1319 390 1371 currimus,
424 1319 588 1374 placare
621 1319 848 1374 poterimus
882 1324 922 1361 et
945 1320 1003 1361 sic
1025 1320 1151 1361 vitam
1176 1323 1358 1361 eternam
1383 1319 1581 1362 obtinere.
1629 1320 1696 1362 Ad
1718 1334 1855 1375 quam.

687 1550 750 1604 [In
787 1550 926 1604 1225]
975 1550 1077 1592 CAP.
1101 1552 1170 1592 48.
1205 1552 1338 1600 (143.)

646 1638 718 1683 De
747 1638 875 1697 justa
920 1638 1097 1698 sequela
1141 1637 1377 1683 malorum.

289 1745 429 1788 Refert
467 1746 714 1802 Dyonisius,
758 1747 864 1800 quod
912 1760 1002 1788 cum
1044 1746 1219 1788 Perillus
1261 1747 1341 1789 eris
1375 1747 1523 1788 artifex
1555 1746 1739 1789 Falaridi
1770 1747 1857 1800 regi

173 1821 350 1872 tyranno
374 1818 543 1871 crudeli,
569 1819 638 1872 qui
660 1818 958 1871 Agrigentinos
983 1818 1314 1873 depopulabatur
1336 1823 1377 1860 et
1399 1818 1616 1872 exquisitis
1638 1819 1858 1860 tormentis

171 1889 426 1944 implicabat,
468 1889 683 1931 obtulisset
723 1889 808 1942 ejus
850 1889 1083 1931 crudelitati
1122 1890 1246 1931 nimis
1285 1893 1427 1944 aptum
1467 1889 1672 1943 quendam
1710 1903 1857 1932 eneum

172 1964 335 2001 taurum
376 1960 537 2001 noviter
577 1975 650 2015 per
690 1975 731 2002 se
763 1962 915 2002 factum
949 1961 990 2001 in
1024 1961 1152 2002 latere
1184 1961 1361 2003 latenter
1391 1960 1546 2003 habens
1580 1961 1743 2014 ostium,
1784 1973 1858 2016 per

172 2031 278 2085 quod
318 2032 642 2073 immitterentur
681 2032 867 2073 homines
907 2035 1038 2073 morte
1071 2033 1282 2086 puniendi,
1322 2038 1367 2073 ut
1398 2032 1613 2087 supposito
1644 2033 1739 2086 igne
1770 2045 1857 2074 cre-

172 2107 395 2144 marentur.
450 2102 505 2143 Et
543 2116 633 2143 cun]
676 2103 754 2157 ipsi
799 2107 966 2158 propter
1004 2104 1149 2145 mortis
1193 2104 1511 2145 amaritudinem
1550 2103 1778 2145 clamarent
1814 2103 1857 2145 in

172 2178 304 2227 tauro,
337 2187 417 2215 non
451 2174 686 2215 crederetur
719 2188 798 2216 vox
822 2188 910 2216 esse
933 2175 1126 2229 humana,
1159 2176 1229 2217 sed
1250 2175 1404 2228 feralis,
1438 2180 1483 2216 ut
1504 2175 1563 2216 sic
1592 2188 1665 2216 rex
1688 2175 1858 2216 minime

173 2245 223 2286 ad
256 2246 582 2300 compassionem
618 2250 864 2287 moveretur.
918 2246 1005 2288 Rex
1039 2260 1140 2301 opus
1174 2247 1345 2288 laudans
1379 2246 1451 2288 sed
1482 2246 1736 2288 inventorem
1770 2246 1857 2299 ejus

174 2316 394 2358 exhortans
429 2317 506 2357 ait:
548 2316 592 2357 In
632 2321 670 2358 te
712 2318 825 2371 prius
860 2318 1040 2373 excipies
1084 2322 1123 2359 et
1156 2318 1364 2372 probabis,
1405 2317 1512 2372 quod
1545 2317 1670 2358 michi
1701 2317 1857 2359 crudeli

173 2387 376 2429 crudelior
408 2387 614 2440 obtulisti,
657 2388 769 2430 nulla
809 2390 917 2430 enim
957 2389 1099 2443 equior
1131 2389 1240 2430 racio
1274 2393 1348 2441 est,
1389 2402 1512 2442 quam
1545 2388 1655 2430 necis
1687 2387 1856 2430 artificis

174 2462 261 2500 arte
293 2459 430 2513 perire
463 2472 549 2513 sua,
583 2462 628 2500 ut
660 2459 760 2500 dicit
792 2460 976 2502 Ovidius.

291 2529 520 2582 Carissimi,
563 2531 639 2571 iste
679 2531 827 2573 artifex
867 2535 929 2573 est
968 2531 1101 2573 malus
1143 2530 1392 2573 senescallus
1431 2531 1506 2573 sub
1537 2534 1714 2586 tyranno
1746 2544 1855 2584 rege,
1904 2556 1911 2559 ἡ

175 2603 243 2656 qui
282 2601 577 2655 Agrigentinos
617 2602 642 2642 i.
668 2615 700 2643 e.
736 2603 870 2655 justos
910 2603 1119 2657 simplices
1165 2602 1317 2657 spoliat
1353 2606 1394 2644 et
1431 2615 1500 2644 eos
1538 2615 1612 2657 per
1651 2605 1858 2644 tormenta

179 2671 296 2727 [1²23]
332 2673 473 2714 multis
506 2673 640 2714 modis
675 2672 832 2727 affligit,
866 2674 986 2715 homo
1020 2688 1115 2716 vero
1140 2673 1317 2728 simplex
1342 2673 1460 2715 affert
1481 2686 1666 2726 munera,
1697 2676 1744 2714 ut
1764 2686 1856 2728 per-

175 2745 432 2785 secucionem
481 2744 647 2797 evadat,
695 2745 765 2786 sed
811 2745 937 2786 nichil
985 2746 1020 2786 ei
1068 2745 1246 2800 prodest.
1302 2745 1460 2786 Taurus
1502 2758 1625 2786 eneus
1673 2743 1854 2786 offertur.

176 2814 346 2856 Factum
386 2819 447 2856 est
486 2819 685 2857 statutum
724 2829 873 2856 novum
916 2821 955 2858 et
995 2817 1060 2858 lex
1100 2817 1241 2870 iniqua
1273 2816 1460 2870 ponitur,
1500 2829 1573 2870 per
1605 2828 1725 2870 quam
1758 2815 1855 2857 sim-

178 2885 303 2939 plices
350 2886 523 2927 credunt
561 2886 734 2928 evadere
774 2890 813 2928 et
850 2892 948 2928 tunc
988 2901 1061 2942 per
1108 2901 1196 2928 eam
1245 2900 1341 2942 sepe
1390 2886 1617 2941 puniuntur
1663 2890 1704 2928 et
1750 2886 1856 2928 bona

177 2957 372 2999 amittunt
404 2963 443 2998 et
475 2957 577 2999 tales
609 2957 706 2999 licet
727 2962 960 2999 crementur
989 2972 1062 3013 per
1084 2958 1218 3000 cordis
1246 2957 1563 3000 amaritudinem
1589 2961 1629 3000 et
1656 2957 1853 3000 clament:
