1949 3162
155 461 176 494 ὗ

135 814 176 848 10

134 1308 177 1342 15

132 1663 176 1697 20

134 2019 178 2052 25

135 2375 179 2408 30

137 2730 181 2763 35

996 64 1082 106 370

205 169 405 223 Socrates,
437 170 547 210 intra
567 170 760 211 forestam
784 170 809 210 i.
834 183 867 211 e.
893 173 1074 210 sanctam
1099 169 1325 222 ecclesiam,
1359 170 1400 210 in
1423 182 1502 223 qua
1523 169 1706 210 invenies
1731 182 1870 211 senem

202 242 228 282 i.
248 254 280 282 e.
301 240 519 282 discretum
544 240 830 293 confessorem,
864 239 912 281 de
935 240 1047 292 cujus
1070 239 1239 280 consilio
1263 240 1399 280 sanari
1422 240 1587 294 peteris.
1621 239 1871 293 Alexander,

204 313 271 366 qui
313 315 483 353 venatus
525 315 598 365 est,
641 315 702 353 est
732 312 852 352 homo
885 310 1116 352 mundanus
1150 310 1217 364 qui
1250 310 1391 365 pocius
1422 310 1632 364 regulatur
1663 310 1872 353 voluntate

203 396 325 437 quam
357 383 532 436 racione,
567 383 634 424 sed
669 396 741 438 per
764 395 921 423 sacram
940 381 1167 423 doctrinam
1191 381 1444 424 emendatur.
1499 380 1540 422 Si
1565 395 1637 436 per
1658 386 1871 437 peccatum

202 454 374 495 infectus
415 467 477 507 es,
519 454 652 508 primo
691 454 812 495 linias
854 456 994 507 pectus
1032 457 1147 494 tuum
1187 465 1276 493 cum
1317 452 1513 505 sanguine
1551 453 1577 493 i.
1602 465 1636 494 e.
1666 455 1870 494 recentem

201 525 440 566 memoriam
482 525 530 566 de
568 524 718 566 Christi
760 524 949 579 passione
990 523 1140 565 habeas
1173 524 1214 564 in
1253 523 1391 574 corde3
1435 522 1580 564 deinde
1612 523 1756 577 collige
1787 526 1871 565 tres

201 595 361 649 herbas,
395 595 549 637 scilicet
569 595 881 648 confessionem,
915 595 1206 636 contricionem
1232 599 1270 636 et
1292 594 1633 646 satisfactionem3
1667 594 1715 636 de
1737 594 1872 649 prima

199 666 326 707 facias
359 667 584 720 pocionem,
624 666 779 708 scilicet
817 666 865 707 de
898 666 1074 720 peccatis
1108 678 1270 720 semper
1301 665 1451 718 dolere,
1490 665 1539 706 de
1573 665 1663 706 aliis
1696 665 1871 720 emplas-

200 740 309 778 trum
340 738 366 778 i.
392 751 424 778 e.
456 738 743 792 penitenciam,
785 740 824 778 et
862 737 921 777 sic
959 737 1177 778 sanitatem
1218 736 1418 791 percipies
1458 739 1504 777 ut
1535 736 1593 778 sic
1625 749 1697 791 per
1729 749 1869 778 conse-

203 821 328 861 quens
369 808 418 849 ad
457 808 625 850 divicias
663 809 745 850 vite
785 812 922 849 eterne
962 807 1192 862 promoveri
1232 807 1378 862 possis,
1420 807 1470 848 ad
1512 820 1634 861 quam
1671 820 1744 849 nos
1776 820 1870 862 per-

203 878 326 921 ducat
358 882 431 921 etc.

872 1049 973 1090 CAP.
998 1049 1066 1090 62.
1098 1050 1200 1099 (54.)

626 1124 698 1169 De
731 1124 1061 1183 pulchritudine
1082 1123 1236 1182 fidelis
1273 1125 1430 1168 anime.

318 1231 439 1285 Cajus
470 1232 658 1285 regnavit
690 1232 868 1286 prudens
902 1232 1038 1283 valde3
1072 1232 1114 1272 in
1147 1232 1232 1285 ejus
1264 1245 1390 1285 regno
1418 1231 1566 1273 mulier
1589 1231 1759 1285 quedam
1785 1234 1873 1273 erat

201 1303 366 1345 nomine
405 1302 645 1344 Florentina
684 1303 787 1344 miro
826 1303 946 1344 modo
987 1302 1158 1358 pulchra
1190 1306 1230 1345 et
1260 1303 1459 1356 graciosa,
1498 1302 1606 1344 unde
1637 1305 1754 1344 tanta
1783 1301 1874 1357 pul-

201 1374 388 1415 chritudo
428 1378 516 1416 erat
545 1375 586 1415 in
620 1387 686 1427 ea,
729 1374 835 1428 quod
874 1378 957 1416 tres
996 1387 1113 1427 reges
1155 1387 1245 1416 eam
1285 1373 1527 1415 obsidebant
1565 1377 1605 1414 et
1637 1386 1660 1414 a
1693 1372 1874 1427 quolibet

200 1458 295 1498 rege
327 1449 415 1486 erat
446 1444 610 1486 violata.
657 1444 755 1486 Post
785 1445 858 1487 hec
891 1446 997 1487 inter
1028 1459 1143 1498 reges
1176 1449 1344 1500 propter
1364 1444 1537 1486 nimium
1561 1457 1741 1486 amorem
1764 1457 1874 1486 com-

201 1517 372 1558 missum
405 1519 466 1557 est
487 1515 636 1557 bellum
659 1519 699 1558 et
721 1516 837 1570 quasi
859 1515 1007 1558 infiniti
1033 1516 1214 1557 homines
1238 1530 1288 1558 ex
1311 1516 1421 1557 omni
1445 1518 1562 1570 parte
1584 1514 1871 1557 occubuerunt.

203 1586 375 1642 Satrape
416 1587 577 1641 imperii
618 1587 690 1628 hec
729 1587 941 1628 audientes
983 1600 1123 1629 omnes
1165 1587 1214 1629 ad
1254 1600 1390 1640 regem
1431 1590 1632 1628 venerunt
1670 1586 1870 1628 dicentes:

205 1657 326 1712 [49b]
368 1657 557 1711 Domine,
596 1658 668 1699 illa
704 1657 942 1699 Florentina
979 1658 1020 1699 in
1057 1671 1182 1711 regno
1223 1662 1292 1699 tuo
1333 1662 1394 1699 est
1424 1662 1509 1699 tam
1543 1657 1725 1712 pulchra,
1767 1657 1874 1712 quod

203 1729 319 1783 quasi
350 1728 500 1770 infiniti
532 1729 679 1770 cotidie
711 1742 785 1784 pro
817 1729 903 1782 ejus
937 1743 1075 1770 amore
1107 1729 1361 1782 occiduntur,
1402 1732 1442 1770 et
1473 1729 1552 1770 nisi
1585 1728 1708 1770 cicius
1740 1742 1872 1771 reme-

203 1800 313 1841 dium
347 1803 591 1855 apponatur,
625 1803 824 1854 quotquot
856 1804 951 1841 sunt
981 1800 1022 1841 in
1055 1813 1180 1854 regno
1214 1801 1418 1856 peribunt.
1471 1801 1656 1843 Audiens
1684 1800 1758 1842 hec
1786 1813 1873 1854 reX,

202 1871 359 1912 litteras
400 1871 522 1912 scribi
561 1871 714 1913 fecerat
753 1871 902 1912 annulo
944 1885 1017 1913 suo
1058 1872 1255 1925 signatas,
1296 1873 1402 1926 quod
1434 1873 1523 1914 sine
1554 1871 1740 1913 ulteriori
1771 1871 1874 1913 dila-

203 1942 317 1983 cione
347 1942 419 1984 illa
451 1942 501 1983 ad
534 1955 624 1984 eum
650 1942 818 1984 veniret.
868 1942 993 1984 Preco
1017 1957 1108 1984 cum
1130 1943 1279 1985 litteris
1303 1943 1354 1985 ad
1383 1957 1471 1985 eam
1494 1943 1679 1999 perrexit
1700 1947 1740 1985 et
1762 1947 1874 1984 ante-

203 2026 323 2067 quam
358 2013 409 2054 ad
441 2026 530 2054 eam
562 2014 750 2068 pervenit
781 2013 972 2055 defuncta
1003 2018 1076 2055 est.
1130 2013 1265 2056 Rediit
1296 2028 1431 2069 preco,
1464 2014 1513 2056 de-
1544 2018 1676 2056 morte
1706 2013 1875 2056 Floren-

202 2084 286 2125 tine
317 2084 405 2137 regi
437 2084 657 2125 nunciavit.
705 2083 792 2126 Rex
824 2085 1091 2127 contristatus
1124 2089 1185 2127 est
1216 2085 1347 2138 valde,
1381 2085 1488 2140 quod
1521 2098 1610 2127 eam
1632 2085 1771 2127 videre
1792 2098 1875 2126 non

203 2158 365 2209 poterat
401 2155 445 2196 in
484 2168 557 2196 sua
595 2154 913 2210 pulchritudine,
955 2160 995 2198 et
1034 2170 1174 2198 omnes
1214 2156 1391 2211 pictores
1423 2157 1539 2210 regni
1572 2156 1622 2198 ad
1655 2169 1748 2198 eum
1779 2169 1874 2198 con-

204 2225 341 2267 vocari
371 2225 481 2278 fecit,
521 2238 611 2267 cum
654 2229 789 2268 autem
824 2227 1042 2279 venissent,
1076 2227 1134 2268 ait
1163 2241 1256 2268 rex:
1297 2227 1522 2281 Carissimi,
1555 2227 1630 2269 hec
1661 2230 1723 2269 est
1752 2240 1876 2269 causa

206 2310 330 2350 quare
360 2309 434 2351 pro
466 2296 580 2338 vobis
612 2297 725 2338 misi:
758 2301 847 2339 erat
879 2298 1052 2351 quedam
1083 2298 1230 2339 mulier
1251 2299 1416 2340 nomine
1437 2298 1675 2340 Florentina
1695 2298 1737 2339 in
1758 2301 1876 2340 tanta

204 2367 521 2422 pulchritudine,
562 2368 668 2421 quod
710 2369 824 2423 quasi
866 2369 1015 2411 infiniti
1058 2370 1335 2411 occubuerunt
1372 2383 1446 2424 pro
1488 2370 1574 2424 ejus
1616 2382 1773 2421 amore3
1806 2369 1874 2412 de-

203 2438 344 2479 functa
384 2442 445 2480 est
485 2441 525 2479 et
563 2452 652 2480 eam
690 2453 770 2481 non
802 2440 897 2481 vidi.
948 2440 1006 2483 Ite
1038 2454 1133 2494 ergo
1167 2444 1206 2482 et
1237 2454 1327 2482 cum
1362 2440 1473 2482 omni
1504 2440 1708 2482 industria
1738 2443 1876 2482 vestra

204 2509 424 2562 imaginem
458 2509 543 2561 ejus
576 2509 784 2564 depingite
816 2524 905 2552 cum
939 2525 1013 2553 sua
1034 2511 1351 2566 pulchritudine,
1383 2525 1456 2567 per
1484 2525 1607 2566 quam
1628 2515 1770 2567 potero
1793 2511 1900 2570 dis-p

204 2593 382 2633 cernere,
416 2580 617 2633 quomodo
650 2584 711 2622 tot
741 2582 1017 2624 occubuerunt
1048 2596 1122 2636 pro
1156 2583 1241 2636 ejus
1275 2596 1425 2624 amore.
1478 2582 1535 2624 At
1565 2582 1646 2624 illi:
1685 2582 1874 2636 Domine,

204 2664 291 2692 rem
324 2649 531 2692 difficilem
565 2664 635 2692 vos
667 2653 856 2705 queritis3
896 2656 1013 2694 tanta
1045 2656 1133 2694 erat
1163 2653 1205 2694 in
1238 2667 1286 2695 ea
1316 2653 1577 2708 pulchritudo
1610 2656 1651 2695 et
1670 2653 1874 2707 decencia,

207 2721 313 2774 quod
354 2734 494 2762 omnes
533 2722 710 2776 pictores
751 2723 860 2765 orbis
895 2723 1117 2776 imaginem
1150 2725 1235 2778 ejus
1266 2737 1347 2765 non
1380 2724 1648 2778 depingerent
1677 2727 1875 2778 quantum

208 2791 258 2832 ad
297 2792 447 2845 omnia,
487 2796 656 2847 excepto
696 2806 776 2834 uno
808 2794 964 2848 pictore
996 2795 1064 2848 qui
1095 2794 1197 2836 latet
1227 2795 1269 2836 in
1302 2794 1529 2846 montibus3
1571 2794 1639 2836 ille
1671 2794 1781 2836 solus
1813 2798 1877 2837 est

207 2865 248 2903 et
277 2875 357 2903 non
388 2863 507 2916 alius,
541 2863 608 2917 qui
643 2863 892 2906 voluntatem
926 2868 1104 2906 vestram
1141 2865 1367 2921 adimplere
1388 2865 1551 2920 poterit.
1600 2865 1686 2907 Hec
1706 2865 1875 2908 audiens

206 2945 278 2974 rex
317 2946 391 2988 pro
430 2933 500 2975 illo
540 2934 696 2989 pictore
736 2934 969 2977 destinavit.
1024 2935 1101 2986 Qui
1136 2950 1228 2978 cum
1268 2936 1318 2978 ad
1357 2949 1449 2978 eum
1488 2936 1680 2990 venisset,
1719 2936 1780 2978 ait
1817 2936 1874 2979 ei:
