1919 3157
866 83 947 122 «307

73 180 147 222 hoo
185 194 275 223 cuni
315 196 463 237 magno
497 184 626 238 jubilo
668 199 755 227 eam
801 187 838 228 in
879 200 1046 229 uxorem
1090 189 1207 230 duxit
1247 195 1286 231 et
1324 191 1362 232 in
1397 205 1496 246 pace
1528 193 1613 235 dies
1645 207 1739 236 suos

71 250 275 295 finierunt.

189 324 405 366 Reduc-cio.
458 325 693 378 lx'arissimi,
739 328 816 369 iste
859 329 1082 382 imperator
1114 334 1175 371 est
1208 330 1396 373 dmninus
1430 339 1567 376 noster
1599 334 1737 377 ihesus

70 391 252 447 Cristus,
295 400 335 437 et
366 395 448 437 filia
480 401 562 438 tam
596 396 765 452 pulchra
797 402 859 440 est
890 399 1027 441 anima
1059 399 1110 441 ad
1143 400 1207 442 dei
1242 402 1552 446 similitudinem
1588 411 1736 448 creata.

69 462 186 506 Miles
225 469 287 507 est
326 480 419 508 caro
462 468 595 509 anime
636 469 869 522 convincta,
909 483 985 523 que
1027 470 1092 512 die
1133 484 1178 512 ac
1218 478 1335 514 nocte
1374 479 1570 526 quantum
1607 482 1739 531 potest

68 534 119 575 ad
142 541 351 590 peccatum
377 538 531 590 incitat,
566 539 794 593 apostolus:
828 540 932 582 Caro
955 542 1207 597 concupiscit
1230 543 1423 585 adversus
1447 546 1636 600 spiritum
1660 553 1734 590 etc.

67 603 171 654 Quid
204 611 264 648 est
301 621 396 662 ergo
438 610 702 651 faciendum?
756 611 906 653 Anima
945 612 1065 655 debet
1103 613 1283 668 recipere
1325 614 1429 656 bona
1471 615 1507 657 h.
1543 630 1575 658 e.
1610 618 1736 660 bonas

67 675 238 719 virtutes
271 684 309 720 et
342 692 476 721 secum
511 681 715 723 custodire
749 687 787 723 et
827 683 1008 724 cartham
1043 684 1067 725 i.
1102 697 1134 725 e.
1170 685 1363 726 mundam
1404 686 1526 728 vitam
1566 702 1611 729 ac
1645 703 1735 744 per-

66 749 343 791 severanciam
378 751 417 791 in
451 750 555 792 lecto
588 752 720 793 cordis
754 753 981 807 custodire,
1026 759 1065 796 et
1104 755 1160 796 sic
1193 769 1286 797 caro
1319 770 1398 798 non
1431 757 1617 811 vigilabit
1647 760 1672 801 i.
1700 774 1733 802 e.

65 831 145 860 non
179 820 425 863 excitabitur
456 822 507 863 ad
538 828 748 877 peccatum
782 824 1013 866 faciendum
1045 825 1172 868 donec
1204 827 1342 868 anima
1373 841 1460 870 eam
1495 831 1736 874 excitaverit

64 893 110 930 ut
141 889 182 931 in
215 891 331 933 bonis
363 892 554 947 operibus
586 893 739 948 vigilet,
771 895 893 948 juxta
924 895 1045 937 illud:
1089 897 1255 951 vigilate
1287 903 1327 940 et
1358 903 1470 941 orate
1502 913 1552 942 ne
1583 901 1625 943 in
1657 907 1731 944 etc.

63 958 161 1002 Post
207 960 282 1004 hoc
321 962 438 1004 miles
480 965 669 1019 exposuit
708 979 784 1019 que
822 980 895 1008 sua
934 972 1070 1020 erant,
1110 973 1154 1010 ut
1189 970 1405 1024 pecuniam
1446 976 1652 1014 mutuaret
1689 977 1734 1015 ut

61 1030 196 1086 puelle
227 1032 403 1076 solveret
435 1039 510 1076 etc.
564 1035 631 1077 Sic
663 1036 782 1078 homo
814 1038 951 1079 omnia
983 1052 1060 1092 que
1098 1038 1222 1082 habet
1252 1041 1415 1094 vendat,
1455 1047 1500 1084 ut
1539 1048 1732 1098 sequatur

61 1100 255 1152 Cristum,
288 1108 327 1146 et
358 1104 433 1147 hoc
466 1111 527 1148 est
558 1107 692 1162 puelle
724 1108 749 1149 i.
775 1121 808 1149 e.
833 1109 967 1150 anime
999 1109 1173 1164 placere.
1216 1110 1295 1153 Sed
1328 1125 1424 1167 sepe
1455 1113 1607 1156 misera
1638 1127 1730 1157 caro

60 1174 222 1227 quando
251 1175 500 1218 voluntatem
534 1191 649 1219 suam
682 1192 762 1220 non
797 1183 931 1234 potest
962 1179 1146 1223 obtinere
1178 1187 1223 1224 ut
1254 1183 1391 1224 anima
1423 1184 1459 1225 ei
1490 1184 1532 1226 in
1564 1189 1730 1240 peccato

59 1246 306 1299 consenciat,
337 1248 473 1302 pergit
504 1248 553 1290 ad
586 1249 794 1291 civitatem
827 1251 852 1292 i.
879 1264 912 1293 e.
938 1251 989 1292 ad
1012 1252 1209 1294 mundum
1241 1253 1370 1306 illum,
1402 1255 1442 1296 in
1468 1269 1545 1309 quo
1574 1256 1732 1299 invenit

57 1321 326 1360 mercatorem
361 1331 414 1360 sc.
440 1319 657 1374 dyabolum
690 1325 880 1376 paratum
914 1322 950 1363 ei
983 1323 1229 1366 satisfacere.
1266 1323 1397 1366 Solvit
1427 1326 1463 1367 ei
1496 1327 1592 1380 quid
1627 1328 1732 1383 petit

59 1398 114 1428 30.
141 1382 275 1430 cordis
307 1388 626 1433 delectacionem
664 1391 737 1433 tali
777 1392 1035 1436 condicione:
1078 1395 1208 1450 primo
1248 1400 1294 1437 ut
1332 1396 1458 1439 facias
1497 1398 1534 1440 ei
1573 1402 1727 1441 cartam

57 1457 108 1500 de
138 1460 305 1515 proprio
337 1462 535 1515 sanguine
567 1466 641 1504 ete.
675 1461 798 1505 Carta
829 1463 901 1505 illa
932 1468 993 1506 est
1024 1467 1222 1519 cogitacio
1246 1467 1466 1521 precedens
1489 1469 1594 1511 sicut
1615 1473 1729 1512 carta

56 1527 99 1570 in
131 1541 212 1583 qua
241 1530 366 1573 nichil
395 1533 530 1587 primo
563 1533 775 1588 scribitur,
816 1534 963 1578 deinde
1003 1537 1206 1592 scriptura
1246 1539 1468 1593 apponitur
1499 1539 1605 1581 sicut
1634 1545 1729 1596 post

56 1600 328 1653 cogitaciones
359 1615 580 1646 consensus
621 1610 855 1660 sequentur,
896 1607 1042 1650 deinde
1074 1608 1255 1661 sigillum
1294 1610 1320 1651 i.
1351 1623 1384 1652 e.
1416 1614 1530 1652 actus
1570 1612 1727 1666 peccati

55 1673 153 1713 111110
184 1678 397 1726 peccatum
429 1676 742 1729 consummavit,
775 1681 815 1719 et
835 1677 910 1720 hoo
931 1692 1021 1720 cum
1047 1680 1214 1735 proprio
1236 1682 1479 1734 sanguinei.
1499 1695 1532 1724 e.
1557 1683 1726 1737 propria

55 1741 276 1786 voluntate.
316 1743 448 1786 Homo
481 1746 539 1788 sic
571 1746 760 1800 alligatus
792 1752 928 1803 potest
959 1750 1061 1792 bene
1087 1750 1236 1793 dolere.
1278 1751 1357 1794 Sed
1380 1752 1569 1807 posthoc
1591 1754 1725 1808 pergit

54 1811 104 1854 ad
136 1812 425 1870 philosophum
457 1817 483 1858 i.
509 1831 542 1859 e.
569 1819 711 1860 mundi
743 1821 987 1874 vanitatem,
1028 1835 1100 1876 per
1138 1836 1258 1876 quam
1293 1823 1412 1866 homo
1446 1828 1608 1866 amovet
1638 1825 1722 1868 vite

53 1884 204 1926 munde
236 1898 260 1927 a
290 1885 393 1928 lecto
426 1888 560 1930 cordis
592 1894 632 1931 et
662 1893 758 1932 tunc
791 1891 927 1933 anima
958 1897 1041 1934 tam
1075 1893 1226 1935 misera
1251 1894 1287 1936 ei
1313 1895 1517 1937 consentit
1536 1899 1582 1937 ut
1602 1895 1721 1938 homo

51 1958 211 1997 tantum
243 1956 285 1998 in
318 1962 484 2012 peccato
515 1959 752 2014 delectatur,
786 1962 893 2016 quod
926 1963 1152 2017 periculum
1184 1965 1228 2006 in
1257 1979 1335 2022 quo
1369 1969 1444 2020 est,
1477 1979 1558 2008 non
1590 1967 1721 2009 anim-

52 2025 241 2068 advertit.
286 2027 399 2071 Tunc
431 2034 633 2072 mercator
663 2032 688 2072 i.
714 2045 746 2073 e.
771 2032 982 2088 dyabolUS,
1016 2034 1058 2076 in
1091 2036 1205 2090 cujus
1237 2040 1440 2092 potestate
1473 2041 1546 2092 est,
1578 2051 1720 2093 pecca-

50 2100 180 2139 torem
211 2097 331 2152 ligari
362 2100 472 2143 facit.
523 2101 601 2143 Sed
634 2106 677 2144 tu
709 2116 800 2145 cum
834 2104 978 2146 ductus
1010 2105 1137 2148 fueris
1171 2107 1222 2149 ad
1247 2108 1427 2162 judicem
1460 2109 1486 2150 i.
1510 2122 1543 2151 e.
1568 2108 1719 2152 discre-

48 2170 134 2209 tum
167 2169 454 2225 confessorem,
487 2186 633 2227 penam
657 2174 829 2216 evadere
851 2188 932 2217 non
954 2180 1083 2231 poteS,
1117 2178 1213 2232 quia
1235 2192 1354 2234 quam
1379 2179 1450 2221 diu
1480 2180 1522 2221 in
1550 2184 1717 2235 peccato

48 2251 189 2282 manes
221 2240 418 2295 dyabolus
450 2248 592 2286 0011113
622 2248 662 2286 10
688 2245 889 2299 judicium
922 2247 1025 2301 110111
1055 2252 1100 2290 111
1131 2249 1366 2292 3113011131111·
1388 2263 1481 2293 0310
1510 2251 1619 2293 01103
1649 2264 1718 2294 001

47 2309 73 2351 1.
93 2323 126 2353 e.
150 2314 195 2353 ut
226 2311 357 2354 omnis
391 2312 578 2356 voluntas
610 2328 832 2359 consensus
865 2330 910 2359 30
942 2331 1067 2374 011013
1099 2323 1170 2362 1113
1203 2321 1239 2362 01
1270 2321 1421 2363 dantur
1449 2322 1501 2364 ad
1530 2322 1716 2366 volunta—

47 2383 128 2424 tem
167 2385 279 2424 tuam
319 2387 365 2424 ut
403 2384 437 2426 ei
477 2385 684 2429 ministres
725 2392 765 2430 et
810 2402 891 2430 non
938 2388 1025 2431 deo.
1079 2389 1184 2440 Quid
1223 2397 1285 2435 est
1323 2405 1418 2446 ergo
1455 2393 1715 2436 faciendum?

46 2450 166 2495 Certe
197 2457 242 2495 111
272 2453 408 2509 11110113
439 2455 622 2499 abscidet
651 2458 784 2500 crines
814 2460 840 2501 i.
865 2473 897 2502 e.
922 2460 1059 2502 anima
1082 2467 1270 2505 amoveat
1290 2463 1420 2506 malas
1442 2465 1714 2518 cogitaciones

45 2536 119 2578 per
149 2524 453 2568 contricionem.
496 2525 595 2569 Post
625 2528 700 2571 hoc
730 2529 922 2573 induetur
944 2532 1164 2576 virtutibus
1197 2538 1238 2576 01
1269 2535 1462 2577 3300111101
1482 2548 1629 2589 equum
1663 2537 1713 2578 ad

1 2633 6 2641 ,
44 2593 209 2636 modum
242 2595 319 2637 viri
350 2595 376 2637 i.
400 2610 433 2638 e.
459 2597 567 2651 quod
599 2599 653 2641 sit
683 2603 793 2642 totus
819 2602 879 2643 vir
911 2606 1055 2645 contra
1076 2603 1294 2659 dyabolum
1328 2609 1369 2648 et
1399 2606 1484 2660 ejus
1517 2620 1711 2661 sequaces

44 2667 86 2706 01
122 2665 315 2708 ascendat
352 2680 500 2721 equum
539 2668 565 2710 i.
596 2683 629 2711 e.
660 2684 775 2712 suam
822 2673 1116 2716 conscienciam
1165 2679 1206 2718 et
1242 2680 1387 2731 pergat
1426 2677 1476 2718 ad
1508 2677 1708 2730 judicium

43 2733 70 2777 i.
101 2748 134 2777 e.
163 2736 215 2778 ad
254 2737 548 2780 confessionem
588 2752 678 2782 cum
722 2754 904 2797 corpore.
959 2743 1004 2786 In
1042 2751 1262 2802 conspectu
1300 2747 1545 2790 confessoris
1587 2748 1710 2792 debes

44 2804 212 2860 alligare
250 2807 357 2862 quod
394 2808 593 2864 dyabolus
632 2811 758 2854 nichil
797 2812 976 2856 lucretur
1014 2816 1110 2870 quia
1155 2817 1198 2859 in
1245 2818 1356 2860 0111111
1394 2821 1560 2872 11000310
1600 2820 1708 2873 quod

43 2877 284 2921 commisisti
331 2880 583 2923 mencionem
630 2895 710 2924 11011
757 2883 890 2926 fecisti
937 2884 1111 2940 dyabolo
1158 2887 1207 2930 de
1259 2886 1454 2930 effusione
1498 2890 1710 2944 sanguinis

6 2971 10 2974 -
43 2945 178 2991 Cristi.
230 2949 362 3000 Quare
394 2964 489 3006 ergo
521 2952 714 2996 audacter
744 2958 863 3010 petus
895 2968 949 2998 30.
984 2956 1181 3012 dyabolus
1212 2962 1352 3013 posset
1382 2963 1422 3002 te
1456 2959 1607 3003 habere
1639 2974 1708 3004 ex-
