1949 3162
1029 68 1113 108 448

236 173 346 214 tinus
385 177 682 225 cognoverunt,
725 177 764 214 et
804 172 1031 214 insilientes
1064 176 1104 214 et
1136 172 1365 214 osculantes
1398 186 1488 214 eum
1521 173 1570 214 de
1602 187 1729 216 uxore
1760 186 1835 215 sua
1864 177 1905 216 et

235 243 330 284 filiis
369 242 564 284 sciscitati
597 246 711 294 sunt;
753 243 820 297 qui
853 243 958 284 dixit
990 244 1069 295 eis,
1109 242 1217 296 quod
1248 242 1320 284 filii
1353 244 1504 285 mortui
1536 247 1692 297 essent,
1731 247 1771 286 et
1800 256 1904 286 uxor

235 313 412 355 detenta.
461 313 593 354 Vicini
627 318 760 355 autem
796 327 935 355 omnes
967 314 1018 355 ad
1049 313 1327 368 spectaculum
1359 314 1667 368 concurrebant,
1700 314 1796 355 dum
1827 314 1904 355 mi-

233 383 326 425 lites
358 384 549 425 virtutem
584 388 623 426 et
654 385 829 439 primam
861 384 1031 437 gloriam
1066 384 1309 436 narrabant3
1343 389 1440 428 tunc
1464 390 1702 440 preceptum
1726 385 1903 439 impera-

188 461 208 494 5
234 454 334 495 toris
366 454 516 496 milites
549 455 585 496 ei
618 459 909 510 exposuerunt,
943 458 983 496 et
1014 455 1180 510 optimis
1213 456 1469 498 vestimentis
1502 457 1637 511 ipsum
1668 455 1900 497 induerunt.

238 523 305 578 [91
321 523 359 578 b]
402 524 499 567 Post
539 526 646 567 inter
685 526 915 580 quindecim
956 526 1112 567 dierum
1154 526 1202 567 ad
1245 527 1533 581 imperatorem
1575 530 1794 578 venerunt3
1834 527 1904 580 qui

234 596 319 649 ejus
353 596 570 638 adventum
605 597 772 638 audiens
806 596 936 638 eidem
970 597 1155 651 protinus
1188 598 1363 639 occurrit
1395 601 1435 640 et
1465 599 1506 639 in
1530 597 1669 639 oscula
1700 598 1785 651 ejus
1807 597 1901 639 ruit.

232 666 427 708 Narravit
459 667 646 709 omnibus
679 681 750 722 per
773 667 955 708 ordinem
990 672 1149 720 cuncta,
1184 682 1259 722 que
1291 668 1368 710 sibi
1399 669 1650 719 acciderant3
1683 668 1903 722 statimque

233 737 285 779 ad
310 738 589 790 magisterium
614 738 762 779 milicie
795 737 971 780 trahitur
1005 746 1044 779 et
1066 739 1173 780 idem
1198 739 1390 792 officium,
1424 740 1529 793 quod
1553 740 1680 794 prius,
1714 751 1903 781 exercere

166 815 208 849 lO
235 808 512 863 compellitur3
564 810 630 862 qui
681 809 904 850 numeratis
951 809 1151 851 militibus
1192 814 1232 851 et
1272 823 1423 865 paucos
1463 814 1604 852 contra
1640 810 1778 852 hostes
1815 822 1903 852 esse

234 893 479 932 cognoscens
506 880 631 933 jussit
661 880 814 921 tirones
848 880 1036 933 colligere
1069 894 1142 935 per
1174 894 1313 922 omnes
1344 882 1530 923 civitates
1563 884 1603 922 et
1640 881 1769 932 vicos;
1808 893 1902 922 con-

233 950 327 1002 tigit
360 955 493 992 autem
527 955 567 992 et
599 951 711 992 illam
744 956 896 993 terrain
929 951 1118 1004 describi,
1152 952 1193 992 in
1226 966 1305 1006 qua
1336 951 1408 993 filii
1442 952 1503 993 sui
1536 952 1696 993 educati
1726 951 1901 1004 fuerant,

233 1024 278 1062 ut
316 1021 461 1063 darent
500 1022 600 1063 duos
639 1022 804 1063 tirones.
862 1021 1051 1063 Universi
1091 1026 1226 1064 autem
1268 1024 1353 1077 ejus
1391 1023 1469 1064 loci
1508 1022 1640 1065 incole
1676 1022 1769 1064 illos
1801 1022 1902 1064 duos

227 1091 397 1145 juvenes
428 1096 636 1146 tamquam
672 1097 826 1134 ceteros
860 1093 1090 1147 adeptiores
1123 1094 1319 1147 magistro
1349 1093 1524 1135 militum
1547 1094 1900 1148 consignaverunt.

165 1170 207 1203 15
235 1162 385 1205 Videns
417 1176 512 1216 ergo
545 1163 636 1204 illos
668 1164 768 1205 duos
795 1165 966 1218 juvenes
1000 1165 1205 1218 elegantes
1238 1168 1277 1206 et
1308 1178 1467 1206 morum
1499 1164 1713 1206 honestate
1738 1177 1902 1219 compo-

232 1233 344 1286 sitos,
378 1247 470 1275 cum
502 1233 579 1275 sibi
614 1234 835 1289 plurimum
867 1235 1130 1290 placuissent,
1163 1237 1271 1277 inter
1302 1236 1456 1291 primos
1488 1235 1530 1276 in
1563 1235 1649 1277 acie
1681 1235 1899 1287 ordinavit,

232 1308 273 1346 et
304 1305 360 1345 sic
392 1305 597 1359 profectus
631 1306 681 1347 ad
713 1305 883 1359 bellum,
921 1306 1114 1360 subjectis
1148 1307 1330 1348 hostibus
1364 1306 1588 1349 exercitum
1620 1319 1737 1347 suum
1768 1305 1900 1348 tribus

232 1375 373 1417 diebus
404 1376 446 1417 in
469 1376 644 1430 quodam
668 1377 768 1429 loco,
802 1377 870 1418 ubi
903 1391 1005 1419 uxor
1027 1392 1101 1419 sua
1132 1377 1380 1433 paupercula
1410 1377 1614 1431 manebat,
1646 1377 1901 1431 requiescere

231 1446 349 1499 feeit,
389 1447 429 1487 in
463 1447 577 1501 cujus
610 1448 729 1488 domo
761 1448 802 1489 hi
836 1448 914 1489 duo
948 1448 1141 1504 hospitati
1176 1453 1289 1500 sunt3
1328 1449 1564 1502 ignorantes
1595 1452 1754 1501 tamen,
1794 1447 1901 1502 quod

163 1525 207 1559 20
231 1521 364 1558 mater
395 1531 532 1559 eorum
567 1522 686 1571 esset,
720 1523 760 1560 et
791 1519 977 1561 sedentes
1000 1519 1109 1561 circa
1130 1520 1343 1562 meridiem
1370 1523 1410 1561 et
1431 1524 1571 1561 mutuo
1594 1518 1900 1561 confabulantes

233 1588 492 1643 exponebant
522 1589 598 1631 sibi
629 1590 806 1632 invicem
839 1590 888 1631 de
909 1590 1089 1632 infancia
1122 1605 1206 1633 sua.
1255 1590 1386 1632 Mater
1417 1604 1512 1632 vero
1535 1604 1556 1632 e
1578 1593 1720 1632 contra
1740 1589 1900 1643 sedens,

232 1673 309 1714 que
341 1660 419 1715 ipsi
441 1661 683 1714 referebant,
718 1661 918 1702 attencius
942 1661 1144 1703 audiebat.
1188 1661 1306 1703 Dixit
1327 1661 1434 1703 enim
1458 1661 1589 1715 major
1609 1661 1780 1702 minori:
1811 1660 1900 1714 Ego

232 1730 326 1772 dum
360 1731 494 1772 infans
528 1745 678 1784 essem,
712 1731 836 1773 nichil
868 1732 1022 1785 recolo,
1055 1732 1133 1773 nisi
1166 1733 1272 1786 quod
1306 1737 1422 1787 pater
1453 1746 1568 1774 meus
1601 1732 1796 1785 magister
1825 1731 1901 1773 mi-

230 1801 348 1843 litum
383 1806 470 1844 erat
502 1807 541 1843 et
573 1806 705 1844 mater
737 1816 828 1845 mea
849 1803 967 1845 valde
990 1804 1187 1858 speciosa,
1220 1804 1401 1858 duosque
1422 1803 1527 1845 filios
1559 1802 1714 1857 habuit,
1746 1802 1902 1845 scilicet

163 1879 208 1913 25
232 1886 297 1914 me
330 1877 369 1914 et
400 1873 525 1914 alium
558 1874 758 1915 minorem
791 1887 868 1926 me,
902 1874 971 1928 qui
1004 1875 1131 1916 eciam
1163 1875 1252 1930 ipse
1277 1875 1393 1917 valde
1416 1874 1624 1929 speciosus
1656 1878 1762 1925 erat3
1795 1873 1900 1916 acci-

233 1944 470 1999 pientesque
501 1958 574 1986 nos
607 1949 796 2000 parentes
829 1945 958 1986 nostri
981 1946 1135 1999 egressi
1159 1949 1254 1987 sunt
1285 1946 1333 1987 de
1358 1946 1477 1988 domo
1498 1949 1617 1987 nocte
1647 1944 1900 1999 ingressique

231 2028 398 2068 navem,
444 2016 580 2057 nescio
624 2030 701 2070 quo
740 2020 894 2058 euntes.
958 2016 1142 2071 Cumque
1188 2020 1324 2058 autem
1371 2017 1421 2059 de
1458 2017 1554 2059 navi
1599 2015 1899 2070 egrederemur,

231 2090 363 2127 mater
403 2090 563 2139 nostra,
612 2087 813 2141 quomodo
852 2088 1009 2140 nescio,
1056 2088 1098 2128 in
1137 2087 1241 2129 mari
1282 2087 1425 2130 relicta
1471 2090 1551 2140 est3
1598 2090 1716 2142 pater
1761 2089 1900 2128 noster

231 2160 400 2212 portans
432 2170 505 2198 nos
537 2157 651 2210 duos,
684 2158 880 2212 pergebat
909 2157 1022 2211 flens,
1060 2159 1383 2213 perveniensque
1415 2158 1466 2200 ad
1497 2157 1700 2212 quendam
1729 2156 1900 2199 fluvium

161 2234 207 2268 30
231 2228 425 2270 transivit
454 2241 544 2269 cum
567 2228 693 2270 fratre
716 2242 805 2270 meo
840 2229 1001 2283 minori,
1034 2233 1074 2271 et
1105 2243 1170 2270 me
1201 2243 1325 2284 super
1355 2229 1486 2284 ripam
1518 2228 1698 2270 fluminis
1720 2228 1898 2282 reliquit.

232 2298 334 2341 Cum
368 2302 502 2340 autem
543 2304 833 2353 reverteretur,
874 2304 920 2342 ut
956 2314 1022 2342 me
1061 2301 1282 2355 acciperet,
1320 2300 1440 2354 lupus
1478 2299 1590 2342 venit
1620 2303 1662 2342 et
1689 2299 1806 2340 illum
1836 2299 1899 2340 in-

231 2370 385 2412 fantem
409 2370 567 2424 rapuit;
602 2374 641 2411 et
671 2376 889 2424 antequam
914 2371 963 2412 ad
987 2385 1051 2413 me
1083 2371 1447 2426 appropinquaret,
1478 2370 1540 2412 leo
1563 2370 1612 2413 de
1634 2370 1737 2412 silva
1759 2370 1898 2412 exiens

232 2454 297 2482 me
329 2441 466 2495 rapuit
503 2445 542 2482 et
573 2441 615 2482 in
647 2441 792 2483 silvam
834 2442 963 2483 duxit.
1020 2442 1209 2484 Pastores
1250 2456 1344 2484 vero
1385 2456 1449 2484 me
1481 2442 1530 2483 de
1561 2454 1630 2483 ore
1660 2441 1789 2483 leonis
1820 2441 1899 2483 eri-

232 2515 429 2567 puerunt,
463 2515 503 2553 et
533 2512 709 2553 nutritus
743 2526 830 2554 sum
864 2513 906 2554 in
936 2513 1008 2554 illa
1040 2513 1315 2568 possessione,
1353 2513 1395 2554 in
1427 2526 1507 2567 qua
1538 2516 1578 2554 et
1607 2512 1695 2567 ipse
1727 2512 1825 2565 scis,
1859 2514 1905 2553 et

162 2589 206 2622 35
232 2596 313 2624 non
351 2582 465 2637 potui
505 2582 628 2635 scire,
678 2582 775 2636 quid
814 2584 966 2625 factum
1007 2585 1060 2625 sit
1099 2584 1148 2625 de
1188 2587 1304 2638 patre
1342 2597 1453 2637 meo,
1502 2595 1634 2636 neque
1671 2582 1720 2624 de
1756 2582 1896 2624 fratre.

231 2653 416 2695 Audiens
448 2653 521 2694 hec
552 2653 686 2693 minor
716 2653 856 2707 frater,
889 2655 998 2709 cepit
1027 2654 1123 2697 flere
1154 2658 1194 2696 et
1225 2655 1378 2696 dicere:
1411 2654 1489 2696 Per
1521 2654 1654 2706 deum,
1686 2659 1732 2695 ut
1762 2653 1896 2705 audio,

231 2724 359 2765 frater
388 2728 482 2765 tuus
515 2737 587 2777 ego
620 2737 730 2776 sum,
765 2725 975 2778 quoniam,
1009 2725 1078 2779 qui
1110 2739 1173 2767 me
1206 2725 1498 2777 educaverunt,
1536 2723 1661 2765 michi
1692 2724 1896 2776 dixerunt,

233 2794 434 2849 quomodo
474 2808 538 2836 me
578 2798 770 2836 eruerunt
809 2795 858 2836 de
893 2795 1079 2837 saucibus
1117 2796 1216 2851 lupi.
1271 2796 1326 2837 Et
1365 2796 1407 2837 in
1440 2794 1696 2849 amplexibus
1732 2797 1896 2836 ruentes

233 2865 522 2907 osculabantur
560 2879 603 2907 se
639 2865 815 2907 invicem
854 2869 894 2907 et
930 2865 1141 2908 fleverunt.
1196 2866 1380 2908 Audiens
1416 2865 1493 2908 hoc
1522 2869 1653 2907 mater
1684 2878 1826 2907 eorum
1857 2869 1897 2906 et

323 2946 368 2980 29
392 2945 582 2990 quendam]
608 2951 692 2991 oriy.
710 2945 900 2989 quandam.
