<?xml version="1.0" encoding="UTF-8"?>
<!DOCTYPE html PUBLIC "-//W3C//DTD XHTML 1.0 Transitional//EN"
    "http://www.w3.org/TR/xhtml1/DTD/xhtml1-transitional.dtd">
<html xmlns="http://www.w3.org/1999/xhtml" xml:lang="en" lang="en">
 <head>
  <title>
</title>
<meta http-equiv="Content-Type" content="text/html;charset=utf-8" />
  <meta name='ocr-system' content='tesseract 3.04.00' />
  <meta name='ocr-capabilities' content='ocr_page ocr_carea ocr_par ocr_line ocrx_word'/>
</head>
<body>
  <div class='ocr_page' id='page_1' title='image "./gestaromanorum00oestuoft_0532.png"; bbox 0 0 1949 3162; ppageno 0'>
   <div class='ocr_carea' id='block_1_1' title="bbox 974 119 1060 161">
    <p class='ocr_par' dir='ltr' id='par_1_1' title="bbox 974 119 1060 161">
     <span class='ocr_line' id='line_1_1' title="bbox 974 119 1060 161; baseline 0.012 -1"><span class='ocrx_word' id='word_1_1' title='bbox 974 119 1060 161; x_wconf 84' lang='lat'><em>510</em></span> 
     </span>
    </p>
   </div>
   <div class='ocr_carea' id='block_1_2' title="bbox 823 241 1206 293">
    <p class='ocr_par' dir='ltr' id='par_1_2' title="bbox 823 241 1206 293">
     <span class='ocr_line' id='line_1_2' title="bbox 823 241 1206 293; baseline -0.005 -9"><span class='ocrx_word' id='word_1_2' title='bbox 823 241 926 284; x_wconf 64' lang='lat' dir='ltr'><em>off.</em></span> <span class='ocrx_word' id='word_1_3' title='bbox 953 242 1049 283; x_wconf 80' lang='lat'>152.</span> <span class='ocrx_word' id='word_1_4' title='bbox 1074 243 1206 293; x_wconf 77' lang='lat'>(151.)</span> 
     </span>
    </p>
   </div>
   <div class='ocr_carea' id='block_1_3' title="bbox 215 327 1822 456">
    <p class='ocr_par' dir='ltr' id='par_1_3' title="bbox 215 327 1822 456">
     <span class='ocr_line' id='line_1_3' title="bbox 215 327 1822 389; baseline -0.001 -14"><span class='ocrx_word' id='word_1_5' title='bbox 215 329 351 389; x_wconf 75' lang='lat' dir='ltr'><em>Quod</em></span> <span class='ocrx_word' id='word_1_6' title='bbox 387 329 590 375; x_wconf 87' lang='lat' dir='ltr'><em>Christus</em></span> <span class='ocrx_word' id='word_1_7' title='bbox 627 328 684 373; x_wconf 92' lang='lat' dir='ltr'><em>ab</em></span> <span class='ocrx_word' id='word_1_8' title='bbox 723 329 883 374; x_wconf 86' lang='lat' dir='ltr'><em>eternis</em></span> <span class='ocrx_word' id='word_1_9' title='bbox 915 327 1128 388; x_wconf 87' lang='lat' dir='ltr'><em>periculis</em></span> <span class='ocrx_word' id='word_1_10' title='bbox 1167 334 1207 373; x_wconf 84' lang='lat' dir='ltr'><em>et</em></span> <span class='ocrx_word' id='word_1_11' title='bbox 1242 328 1479 373; x_wconf 77' lang='lat' dir='ltr'><em>demonum</em></span> <span class='ocrx_word' id='word_1_12' title='bbox 1513 328 1822 375; x_wconf 76' lang='lat' dir='ltr'><em>obsidionibus</em></span> 
     </span>
     <span class='ocr_line' id='line_1_4' title="bbox 850 410 1184 456; baseline -0.006 0"><span class='ocrx_word' id='word_1_13' title='bbox 850 425 934 456; x_wconf 89' lang='lat' dir='ltr'><em>nos</em></span> <span class='ocrx_word' id='word_1_14' title='bbox 971 410 1184 456; x_wconf 81' lang='lat' dir='ltr'><em>liberavit.</em></span> 
     </span>
    </p>
   </div>
   <div class='ocr_carea' id='block_1_4' title="bbox 111 506 1864 1632">
    <p class='ocr_par' dir='ltr' id='par_1_4' title="bbox 296 506 1853 564">
     <span class='ocr_line' id='line_1_5' title="bbox 296 506 1853 564; baseline -0.001 -14"><span class='ocrx_word' id='word_1_15' title='bbox 296 508 477 562; x_wconf 78' lang='lat' dir='ltr'><em>Quidam</em></span> <span class='ocrx_word' id='word_1_16' title='bbox 516 524 609 550; x_wconf 84' lang='lat' dir='ltr'><em>vero</em></span> <span class='ocrx_word' id='word_1_17' title='bbox 646 510 843 564; x_wconf 83' lang='lat' dir='ltr'><em>princeps</em></span> <span class='ocrx_word' id='word_1_18' title='bbox 875 510 1039 549; x_wconf 89' lang='lat' dir='ltr'><em>nomine</em></span> <span class='ocrx_word' id='word_1_19' title='bbox 1070 507 1298 559; x_wconf 70' lang='lat' dir='ltr'><em>Cleonicus,</em></span> <span class='ocrx_word' id='word_1_20' title='bbox 1342 508 1455 561; x_wconf 84' lang='lat' dir='ltr'><em>cujus</em></span> <span class='ocrx_word' id='word_1_21' title='bbox 1485 509 1665 564; x_wconf 88' lang='lat' dir='ltr'><em>populus</em></span> <span class='ocrx_word' id='word_1_22' title='bbox 1702 506 1853 562; x_wconf 68' lang='lat'>[1196]</span> 
     </span>
    </p>

    <p class='ocr_par' dir='ltr' id='par_1_5' title="bbox 129 579 1859 635">
     <span class='ocr_line' id='line_1_6' title="bbox 129 579 1859 635; baseline -0.001 -14"><span class='ocrx_word' id='word_1_23' title='bbox 129 587 150 621; x_wconf 86' lang='lat'>5</span> <span class='ocrx_word' id='word_1_24' title='bbox 176 583 220 622; x_wconf 88' lang='lat' dir='ltr'><em>in</em></span> <span class='ocrx_word' id='word_1_25' title='bbox 254 582 436 635; x_wconf 91' lang='lat' dir='ltr'><em>quadam</em></span> <span class='ocrx_word' id='word_1_26' title='bbox 468 582 630 621; x_wconf 82' lang='lat' dir='ltr'><em>civitate</em></span> <span class='ocrx_word' id='word_1_27' title='bbox 662 580 929 621; x_wconf 73' lang='lat' dir='ltr'><em>claudebatur</em></span> <span class='ocrx_word' id='word_1_28' title='bbox 961 579 1158 630; x_wconf 84' lang='lat' dir='ltr'><em>obsessus,</em></span> <span class='ocrx_word' id='word_1_29' title='bbox 1193 581 1267 634; x_wconf 85' lang='lat' dir='ltr'><em>qui</em></span> <span class='ocrx_word' id='word_1_30' title='bbox 1296 580 1432 621; x_wconf 79' lang='lat' dir='ltr'><em>volens</em></span> <span class='ocrx_word' id='word_1_31' title='bbox 1461 580 1617 635; x_wconf 88' lang='lat' dir='ltr'><em>populo</em></span> <span class='ocrx_word' id='word_1_32' title='bbox 1639 595 1712 621; x_wconf 89' lang='lat' dir='ltr'><em>suo</em></span> <span class='ocrx_word' id='word_1_33' title='bbox 1745 588 1859 620; x_wconf 88' lang='lat' dir='ltr'><em>caute</em></span> 
     </span>
    </p>

    <p class='ocr_par' dir='ltr' id='par_1_6' title="bbox 177 650 1857 706">
     <span class='ocr_line' id='line_1_7' title="bbox 177 650 1857 706; baseline -0.001 -14"><span class='ocrx_word' id='word_1_34' title='bbox 177 652 405 702; x_wconf 86' lang='lat' dir='ltr'><em>consulere,</em></span> <span class='ocrx_word' id='word_1_35' title='bbox 440 652 542 706; x_wconf 84' lang='lat' dir='ltr'><em>quid</em></span> <span class='ocrx_word' id='word_1_36' title='bbox 571 651 653 692; x_wconf 88' lang='lat' dir='ltr'><em>sibi</em></span> <span class='ocrx_word' id='word_1_37' title='bbox 682 651 823 692; x_wconf 85' lang='lat' dir='ltr'><em>utilius</em></span> <span class='ocrx_word' id='word_1_38' title='bbox 857 652 1085 705; x_wconf 63' lang='lat' dir='ltr'><em>empediret,</em></span> <span class='ocrx_word' id='word_1_39' title='bbox 1127 652 1329 705; x_wconf 87' lang='lat' dir='ltr'><em>precepit,</em></span> <span class='ocrx_word' id='word_1_40' title='bbox 1368 660 1413 692; x_wconf 89' lang='lat' dir='ltr'><em>ut</em></span> <span class='ocrx_word' id='word_1_41' title='bbox 1443 666 1548 691; x_wconf 90' lang='lat' dir='ltr'><em>unus</em></span> <span class='ocrx_word' id='word_1_42' title='bbox 1581 652 1629 691; x_wconf 88' lang='lat' dir='ltr'><em>de</em></span> <span class='ocrx_word' id='word_1_43' title='bbox 1659 650 1857 692; x_wconf 88' lang='lat' dir='ltr'><em>militibus</em></span> 
     </span>
    </p>

    <p class='ocr_par' dir='ltr' id='par_1_7' title="bbox 176 722 1857 777">
     <span class='ocr_line' id='line_1_8' title="bbox 176 722 1857 777; baseline -0.001 -13"><span class='ocrx_word' id='word_1_44' title='bbox 176 725 261 764; x_wconf 86' lang='lat' dir='ltr'><em>suis</em></span> <span class='ocrx_word' id='word_1_45' title='bbox 295 723 546 764; x_wconf 74' lang='lat' dir='ltr'><em>obsidionem</em></span> <span class='ocrx_word' id='word_1_46' title='bbox 585 723 807 772; x_wconf 88' lang='lat' dir='ltr'><em>accederet,</em></span> <span class='ocrx_word' id='word_1_47' title='bbox 851 723 925 776; x_wconf 86' lang='lat' dir='ltr'><em>qui</em></span> <span class='ocrx_word' id='word_1_48' title='bbox 965 722 1240 763; x_wconf 74' lang='lat' dir='ltr'><em>obsidentibus</em></span> <span class='ocrx_word' id='word_1_49' title='bbox 1280 722 1476 763; x_wconf 88' lang='lat' dir='ltr'><em>insultum</em></span> <span class='ocrx_word' id='word_1_50' title='bbox 1505 722 1708 777; x_wconf 76' lang='lat' dir='ltr'><em>preberet,</em></span> <span class='ocrx_word' id='word_1_51' title='bbox 1744 722 1857 762; x_wconf 89' lang='lat' dir='ltr'><em>ordi-</em></span> 
     </span>
    </p>

    <p class='ocr_par' dir='ltr' id='par_1_8' title="bbox 176 791 1858 849">
     <span class='ocr_line' id='line_1_9' title="bbox 176 791 1858 849; baseline -0.002 -14"><span class='ocrx_word' id='word_1_52' title='bbox 176 796 311 846; x_wconf 83' lang='lat' dir='ltr'><em>navit,</em></span> <span class='ocrx_word' id='word_1_53' title='bbox 354 795 465 849; x_wconf 87' lang='lat' dir='ltr'><em>quod</em></span> <span class='ocrx_word' id='word_1_54' title='bbox 501 795 546 834; x_wconf 88' lang='lat' dir='ltr'><em>in</em></span> <span class='ocrx_word' id='word_1_55' title='bbox 577 794 665 835; x_wconf 85' lang='lat' dir='ltr'><em>telis</em></span> <span class='ocrx_word' id='word_1_56' title='bbox 699 795 784 835; x_wconf 85' lang='lat' dir='ltr'><em>suis</em></span> <span class='ocrx_word' id='word_1_57' title='bbox 817 793 987 834; x_wconf 88' lang='lat' dir='ltr'><em>latenter</em></span> <span class='ocrx_word' id='word_1_58' title='bbox 1019 801 1055 834; x_wconf 88' lang='lat' dir='ltr'><em>et</em></span> <span class='ocrx_word' id='word_1_59' title='bbox 1085 793 1340 845; x_wconf 73' lang='lat' dir='ltr'><em>artificaliter</em></span> <span class='ocrx_word' id='word_1_60' title='bbox 1377 793 1642 834; x_wconf 75' lang='lat' dir='ltr'><em>scriberetur:</em></span> <span class='ocrx_word' id='word_1_61' title='bbox 1683 791 1858 846; x_wconf 91' lang='lat' dir='ltr'><em>Confor-</em></span> 
     </span>
    </p>

    <p class='ocr_par' dir='ltr' id='par_1_9' title="bbox 111 862 1862 978">
     <span class='ocr_line' id='line_1_10' title="bbox 179 862 1862 919; baseline -0.001 -13"><span class='ocrx_word' id='word_1_62' title='bbox 179 867 331 907; x_wconf 90' lang='lat' dir='ltr'><em>tamine</em></span> <span class='ocrx_word' id='word_1_63' title='bbox 367 867 412 906; x_wconf 92' lang='lat' dir='ltr'><em>in</em></span> <span class='ocrx_word' id='word_1_64' title='bbox 444 866 609 906; x_wconf 85' lang='lat' dir='ltr'><em>domino</em></span> <span class='ocrx_word' id='word_1_65' title='bbox 650 873 685 906; x_wconf 87' lang='lat' dir='ltr'><em>et</em></span> <span class='ocrx_word' id='word_1_66' title='bbox 717 873 836 906; x_wconf 88' lang='lat' dir='ltr'><em>estote</em></span> <span class='ocrx_word' id='word_1_67' title='bbox 855 865 1002 918; x_wconf 79' lang='lat' dir='ltr'><em>fideles</em></span> <span class='ocrx_word' id='word_1_68' title='bbox 1040 866 1084 905; x_wconf 87' lang='lat' dir='ltr'><em>in</em></span> <span class='ocrx_word' id='word_1_69' title='bbox 1117 865 1339 906; x_wconf 87' lang='lat' dir='ltr'><em>obsidione.</em></span> <span class='ocrx_word' id='word_1_70' title='bbox 1399 864 1449 905; x_wconf 89' lang='lat' dir='ltr'><em>In</em></span> <span class='ocrx_word' id='word_1_71' title='bbox 1478 879 1657 919; x_wconf 86' lang='lat' dir='ltr'><em>persona</em></span> <span class='ocrx_word' id='word_1_72' title='bbox 1689 862 1862 905; x_wconf 88' lang='lat' dir='ltr'><em>Cleoniti</em></span> 
     </span>
     <span class='ocr_line' id='line_1_11' title="bbox 111 936 883 978; baseline -0.001 -1"><span class='ocrx_word' id='word_1_73' title='bbox 111 944 152 977; x_wconf 92' lang='lat'><em>10</em></span> <span class='ocrx_word' id='word_1_74' title='bbox 178 939 295 978; x_wconf 80' lang='lat' dir='ltr'><em>venio</em></span> <span class='ocrx_word' id='word_1_75' title='bbox 328 945 365 978; x_wconf 90' lang='lat' dir='ltr'><em>et</em></span> <span class='ocrx_word' id='word_1_76' title='bbox 396 937 648 977; x_wconf 77' lang='lat' dir='ltr'><em>obsidionem</em></span> <span class='ocrx_word' id='word_1_77' title='bbox 679 936 883 976; x_wconf 84' lang='lat' dir='ltr'><em>amovebo.</em></span> 
     </span>
    </p>

    <p class='ocr_par' dir='ltr' id='par_1_10' title="bbox 176 1004 1864 1276">
     <span class='ocr_line' id='line_1_12' title="bbox 295 1004 1857 1061; baseline -0.001 -13"><span class='ocrx_word' id='word_1_78' title='bbox 295 1008 576 1049; x_wconf 66' lang='lat' dir='ltr'><em>AIoralicatio.</em></span> <span class='ocrx_word' id='word_1_79' title='bbox 640 1006 877 1057; x_wconf 87' lang='lat' dir='ltr'><em>Carissimi,</em></span> <span class='ocrx_word' id='word_1_80' title='bbox 918 1007 1113 1061; x_wconf 88' lang='lat' dir='ltr'><em>princeps</em></span> <span class='ocrx_word' id='word_1_81' title='bbox 1145 1008 1219 1047; x_wconf 90' lang='lat' dir='ltr'><em>iste</em></span> <span class='ocrx_word' id='word_1_82' title='bbox 1251 1014 1308 1046; x_wconf 87' lang='lat' dir='ltr'><em>est</em></span> <span class='ocrx_word' id='word_1_83' title='bbox 1338 1004 1542 1057; x_wconf 85' lang='lat' dir='ltr'><em>Christus,</em></span> <span class='ocrx_word' id='word_1_84' title='bbox 1572 1005 1754 1061; x_wconf 88' lang='lat' dir='ltr'><em>populus</em></span> <span class='ocrx_word' id='word_1_85' title='bbox 1787 1005 1857 1046; x_wconf 92' lang='lat' dir='ltr'><em>ob-</em></span> 
     </span>
     <span class='ocr_line' id='line_1_13' title="bbox 176 1077 1859 1133; baseline -0.002 -13"><span class='ocrx_word' id='word_1_86' title='bbox 176 1094 308 1120; x_wconf 86' lang='lat' dir='ltr'><em>sessus</em></span> <span class='ocrx_word' id='word_1_87' title='bbox 339 1080 383 1119; x_wconf 87' lang='lat' dir='ltr'><em>in</em></span> <span class='ocrx_word' id='word_1_88' title='bbox 416 1080 576 1119; x_wconf 79' lang='lat' dir='ltr'><em>civitate</em></span> <span class='ocrx_word' id='word_1_89' title='bbox 606 1086 836 1133; x_wconf 77' lang='lat' dir='ltr'><em>peccatores</em></span> <span class='ocrx_word' id='word_1_90' title='bbox 868 1079 912 1118; x_wconf 90' lang='lat' dir='ltr'><em>in</em></span> <span class='ocrx_word' id='word_1_91' title='bbox 943 1078 1118 1128; x_wconf 83' lang='lat' dir='ltr'><em>mundo,</em></span> <span class='ocrx_word' id='word_1_92' title='bbox 1163 1078 1237 1132; x_wconf 88' lang='lat' dir='ltr'><em>qui</em></span> <span class='ocrx_word' id='word_1_93' title='bbox 1273 1094 1299 1118; x_wconf 87' lang='lat' dir='ltr'><em>a</em></span> <span class='ocrx_word' id='word_1_94' title='bbox 1330 1077 1568 1118; x_wconf 86' lang='lat' dir='ltr'><em>demonibus</em></span> <span class='ocrx_word' id='word_1_95' title='bbox 1602 1077 1859 1125; x_wconf 78' lang='lat' dir='ltr'><em>obsidentur,-</em></span> 
     </span>
     <span class='ocr_line' id='line_1_14' title="bbox 177 1148 1858 1206; baseline -0.002 -15"><span class='ocrx_word' id='word_1_96' title='bbox 177 1151 289 1206; x_wconf 85' lang='lat' dir='ltr'><em>quod</em></span> <span class='ocrx_word' id='word_1_97' title='bbox 326 1151 364 1190; x_wconf 90' lang='lat' dir='ltr'><em>si</em></span> <span class='ocrx_word' id='word_1_98' title='bbox 399 1165 482 1190; x_wconf 90' lang='lat' dir='ltr'><em>non</em></span> <span class='ocrx_word' id='word_1_99' title='bbox 521 1150 719 1190; x_wconf 75' lang='lat' dir='ltr'><em>divinitus</em></span> <span class='ocrx_word' id='word_1_100' title='bbox 759 1149 1045 1199; x_wconf 74' lang='lat' dir='ltr'><em>admovemur,</em></span> <span class='ocrx_word' id='word_1_101' title='bbox 1090 1151 1252 1189; x_wconf 89' lang='lat' dir='ltr'><em>animas</em></span> <span class='ocrx_word' id='word_1_102' title='bbox 1290 1157 1453 1190; x_wconf 84' lang='lat' dir='ltr'><em>nostras</em></span> <span class='ocrx_word' id='word_1_103' title='bbox 1495 1149 1701 1196; x_wconf 87' lang='lat' dir='ltr'><em>occident‚·</em></span> <span class='ocrx_word' id='word_1_104' title='bbox 1743 1148 1858 1189; x_wconf 88' lang='lat' dir='ltr'><em>miles</em></span> 
     </span>
     <span class='ocr_line' id='line_1_15' title="bbox 177 1219 1864 1276; baseline -0.002 -14"><span class='ocrx_word' id='word_1_105' title='bbox 177 1224 324 1262; x_wconf 86' lang='lat' dir='ltr'><em>missus</em></span> <span class='ocrx_word' id='word_1_106' title='bbox 357 1229 412 1262; x_wconf 89' lang='lat' dir='ltr'><em>est</em></span> <span class='ocrx_word' id='word_1_107' title='bbox 441 1221 692 1276; x_wconf 81' lang='lat' dir='ltr'><em>predicator,</em></span> <span class='ocrx_word' id='word_1_108' title='bbox 727 1220 937 1275; x_wconf 87' lang='lat' dir='ltr'><em>apostolus</em></span> <span class='ocrx_word' id='word_1_109' title='bbox 970 1221 1026 1260; x_wconf 82' lang='lat' dir='ltr'><em>acl</em></span> <span class='ocrx_word' id='word_1_110' title='bbox 1052 1219 1210 1260; x_wconf 62' lang='lat' dir='ltr'><em>Thin:</em></span> <span class='ocrx_word' id='word_1_111' title='bbox 1244 1219 1412 1260; x_wconf 90' lang='lat' dir='ltr'><em>Labora</em></span> <span class='ocrx_word' id='word_1_112' title='bbox 1443 1221 1546 1261; x_wconf 90' lang='lat' dir='ltr'><em>sicut</em></span> <span class='ocrx_word' id='word_1_113' title='bbox 1573 1220 1701 1261; x_wconf 87' lang='lat' dir='ltr'><em>bonus</em></span> <span class='ocrx_word' id='word_1_114' title='bbox 1722 1219 1864 1260; x_wconf 87' lang='lat' dir='ltr'><em>miles!</em></span> 
     </span>
    </p>

    <p class='ocr_par' dir='ltr' id='par_1_11' title="bbox 111 1290 1860 1632">
     <span class='ocr_line' id='line_1_16' title="bbox 111 1290 1860 1347; baseline 0 -15"><span class='ocrx_word' id='word_1_115' title='bbox 111 1298 152 1332; x_wconf 86' lang='lat'><em>15</em></span> <span class='ocrx_word' id='word_1_116' title='bbox 179 1293 258 1334; x_wconf 90' lang='lat' dir='ltr'><em>Ille</em></span> <span class='ocrx_word' id='word_1_117' title='bbox 298 1292 412 1333; x_wconf 84' lang='lat' dir='ltr'><em>miles</em></span> <span class='ocrx_word' id='word_1_118' title='bbox 458 1293 502 1332; x_wconf 87' lang='lat' dir='ltr'><em>in</em></span> <span class='ocrx_word' id='word_1_119' title='bbox 547 1292 741 1332; x_wconf 68' lang='lat' dir='ltr'><em>auteriori</em></span> <span class='ocrx_word' id='word_1_120' title='bbox 785 1292 1035 1346; x_wconf 77' lang='lat' dir='ltr'><em>apparentia</em></span> <span class='ocrx_word' id='word_1_121' title='bbox 1082 1292 1206 1345; x_wconf 81' lang='lat' dir='ltr'><em>quasi</em></span> <span class='ocrx_word' id='word_1_122' title='bbox 1249 1292 1534 1332; x_wconf 72' lang='lat' dir='ltr'><em>adversarium</em></span> <span class='ocrx_word' id='word_1_123' title='bbox 1573 1290 1860 1347; x_wconf 82' lang='lat' dir='ltr'><em>peccatoribus</em></span> 
     </span>
     <span class='ocr_line' id='line_1_17' title="bbox 179 1361 1860 1418; baseline -0.002 -13"><span class='ocrx_word' id='word_1_124' title='bbox 179 1365 370 1411; x_wconf 83' lang='lat' dir='ltr'><em>ostendit,</em></span> <span class='ocrx_word' id='word_1_125' title='bbox 412 1364 511 1418; x_wconf 86' lang='lat' dir='ltr'><em>quia</em></span> <span class='ocrx_word' id='word_1_126' title='bbox 544 1363 728 1403; x_wconf 83' lang='lat' dir='ltr'><em>lanceam</em></span> <span class='ocrx_word' id='word_1_127' title='bbox 759 1363 952 1416; x_wconf 71' lang='lat' dir='ltr'><em>saqittam</em></span> <span class='ocrx_word' id='word_1_128' title='bbox 984 1371 1020 1403; x_wconf 90' lang='lat' dir='ltr'><em>et</em></span> <span class='ocrx_word' id='word_1_129' title='bbox 1049 1362 1225 1403; x_wconf 86' lang='lat' dir='ltr'><em>insultus</em></span> <span class='ocrx_word' id='word_1_130' title='bbox 1255 1362 1412 1417; x_wconf 79' lang='lat' dir='ltr'><em>prebet,</em></span> <span class='ocrx_word' id='word_1_131' title='bbox 1456 1364 1554 1403; x_wconf 90' lang='lat' dir='ltr'><em>dum</em></span> <span class='ocrx_word' id='word_1_132' title='bbox 1585 1370 1706 1403; x_wconf 85' lang='lat' dir='ltr'><em>acuta</em></span> <span class='ocrx_word' id='word_1_133' title='bbox 1736 1361 1860 1402; x_wconf 84' lang='lat' dir='ltr'><em>verba</em></span> 
     </span>
     <span class='ocr_line' id='line_1_18' title="bbox 176 1433 1857 1489; baseline -0.001 -14"><span class='ocrx_word' id='word_1_134' title='bbox 176 1450 286 1475; x_wconf 89' lang='lat' dir='ltr'><em>nunc</em></span> <span class='ocrx_word' id='word_1_135' title='bbox 318 1442 459 1475; x_wconf 89' lang='lat' dir='ltr'><em>contra</em></span> <span class='ocrx_word' id='word_1_136' title='bbox 477 1433 644 1489; x_wconf 69' lang='lat' dir='ltr'><em>qulosos</em></span> <span class='ocrx_word' id='word_1_137' title='bbox 676 1448 785 1474; x_wconf 88' lang='lat' dir='ltr'><em>nunc</em></span> <span class='ocrx_word' id='word_1_138' title='bbox 816 1441 958 1474; x_wconf 85' lang='lat' dir='ltr'><em>contra</em></span> <span class='ocrx_word' id='word_1_139' title='bbox 990 1433 1223 1474; x_wconf 74' lang='lat' dir='ltr'><em>luxuriosos</em></span> <span class='ocrx_word' id='word_1_140' title='bbox 1256 1441 1292 1474; x_wconf 88' lang='lat' dir='ltr'><em>et</em></span> <span class='ocrx_word' id='word_1_141' title='bbox 1322 1435 1380 1474; x_wconf 88' lang='lat' dir='ltr'><em>sic</em></span> <span class='ocrx_word' id='word_1_142' title='bbox 1411 1435 1460 1474; x_wconf 87' lang='lat' dir='ltr'><em>de</em></span> <span class='ocrx_word' id='word_1_143' title='bbox 1481 1435 1621 1475; x_wconf 89' lang='lat' dir='ltr'><em>ceteris</em></span> <span class='ocrx_word' id='word_1_144' title='bbox 1645 1434 1857 1488; x_wconf 84' lang='lat' dir='ltr'><em>proponit,</em></span> 
     </span>
     <span class='ocr_line' id='line_1_19' title="bbox 177 1504 1858 1561; baseline -0.002 -14"><span class='ocrx_word' id='word_1_145' title='bbox 177 1507 249 1547; x_wconf 89' lang='lat' dir='ltr'><em>sed</em></span> <span class='ocrx_word' id='word_1_146' title='bbox 277 1520 355 1561; x_wconf 90' lang='lat' dir='ltr'><em>pro</em></span> <span class='ocrx_word' id='word_1_147' title='bbox 389 1513 494 1546; x_wconf 87' lang='lat' dir='ltr'><em>certo</em></span> <span class='ocrx_word' id='word_1_148' title='bbox 527 1506 683 1545; x_wconf 90' lang='lat' dir='ltr'><em>amicus</em></span> <span class='ocrx_word' id='word_1_149' title='bbox 714 1512 851 1545; x_wconf 87' lang='lat' dir='ltr'><em>noster</em></span> <span class='ocrx_word' id='word_1_150' title='bbox 888 1513 962 1556; x_wconf 87' lang='lat' dir='ltr'><em>est,</em></span> <span class='ocrx_word' id='word_1_151' title='bbox 1007 1506 1107 1559; x_wconf 84' lang='lat' dir='ltr'><em>quia</em></span> <span class='ocrx_word' id='word_1_152' title='bbox 1143 1504 1239 1559; x_wconf 87' lang='lat' dir='ltr'><em>plus</em></span> <span class='ocrx_word' id='word_1_153' title='bbox 1270 1505 1406 1546; x_wconf 85' lang='lat' dir='ltr'><em>valent</em></span> <span class='ocrx_word' id='word_1_154' title='bbox 1436 1505 1605 1546; x_wconf 83' lang='lat' dir='ltr'><em>verbera</em></span> <span class='ocrx_word' id='word_1_155' title='bbox 1635 1505 1858 1560; x_wconf 57' lang='lat' dir='ltr'><em>didymus,</em></span> 
     </span>
     <span class='ocr_line' id='line_1_20' title="bbox 180 1576 769 1632; baseline -0.003 -14"><span class='ocrx_word' id='word_1_156' title='bbox 180 1592 305 1632; x_wconf 85' lang='lat' dir='ltr'><em>quam</em></span> <span class='ocrx_word' id='word_1_157' title='bbox 337 1576 477 1618; x_wconf 83' lang='lat' dir='ltr'><em>oscula</em></span> <span class='ocrx_word' id='word_1_158' title='bbox 509 1576 769 1617; x_wconf 88' lang='lat' dir='ltr'><em>blandientis.</em></span> 
     </span>
    </p>
   </div>
   <div class='ocr_carea' id='block_1_5' title="bbox 109 1792 1134 1836">
    <p class='ocr_par' dir='ltr' id='par_1_12' title="bbox 109 1792 1134 1836">
     <span class='ocr_line' id='line_1_21' title="bbox 109 1792 1134 1836; baseline -0.001 0"><span class='ocrx_word' id='word_1_159' title='bbox 109 1802 155 1836; x_wconf 83' lang='lat'><em>20</em></span> <span class='ocrx_word' id='word_1_160' title='bbox 909 1792 1011 1835; x_wconf 77' lang='lat' dir='ltr'><strong>CAP.</strong></span> <span class='ocrx_word' id='word_1_161' title='bbox 1039 1793 1134 1835; x_wconf 83' lang='lat'>153.</span> 
     </span>
    </p>
   </div>
   <div class='ocr_carea' id='block_1_6' title="bbox 250 1880 1792 2024">
    <p class='ocr_par' dir='ltr' id='par_1_13' title="bbox 250 1880 1792 2024">
     <span class='ocr_line' id='line_1_22' title="bbox 250 1880 1792 1940; baseline -0.001 -13"><span class='ocrx_word' id='word_1_162' title='bbox 250 1881 324 1927; x_wconf 92' lang='lat' dir='ltr'><em>De</em></span> <span class='ocrx_word' id='word_1_163' title='bbox 367 1880 662 1927; x_wconf 86' lang='lat' dir='ltr'><em>tribulacione</em></span> <span class='ocrx_word' id='word_1_164' title='bbox 698 1880 952 1940; x_wconf 72' lang='lat' dir='ltr'><em>temporali,</em></span> <span class='ocrx_word' id='word_1_165' title='bbox 999 1895 1083 1940; x_wconf 80' lang='lat' dir='ltr'><em>que</em></span> <span class='ocrx_word' id='word_1_166' title='bbox 1127 1881 1175 1926; x_wconf 90' lang='lat' dir='ltr'><em>in</em></span> <span class='ocrx_word' id='word_1_167' title='bbox 1216 1881 1435 1940; x_wconf 69' lang='lat' dir='ltr'><em>qaudium</em></span> <span class='ocrx_word' id='word_1_168' title='bbox 1479 1881 1792 1940; x_wconf 85' lang='lat' dir='ltr'><em>sempiternum</em></span> 
     </span>
     <span class='ocr_line' id='line_1_23' title="bbox 711 1963 1330 2024; baseline -0.002 -15"><span class='ocrx_word' id='word_1_169' title='bbox 711 1969 935 2024; x_wconf 91' lang='lat' dir='ltr'><em>postremo</em></span> <span class='ocrx_word' id='word_1_170' title='bbox 975 1963 1330 2009; x_wconf 86' lang='lat' dir='ltr'><em>commutabitur.</em></span> 
     </span>
    </p>
   </div>
   <div class='ocr_carea' id='block_1_7' title="bbox 112 2072 1901 3052">
    <p class='ocr_par' dir='ltr' id='par_1_14' title="bbox 299 2072 1861 2128">
     <span class='ocr_line' id='line_1_24' title="bbox 299 2072 1861 2128; baseline -0.001 -14"><span class='ocrx_word' id='word_1_171' title='bbox 299 2072 527 2114; x_wconf 75' lang='lat' dir='ltr'><em>Antiochus</em></span> <span class='ocrx_word' id='word_1_172' title='bbox 558 2074 603 2113; x_wconf 87' lang='lat' dir='ltr'><em>in</em></span> <span class='ocrx_word' id='word_1_173' title='bbox 635 2074 798 2115; x_wconf 82' lang='lat' dir='ltr'><em>civitate</em></span> <span class='ocrx_word' id='word_1_174' title='bbox 819 2072 1044 2114; x_wconf 71' lang='lat' dir='ltr'><em>Antiochia</em></span> <span class='ocrx_word' id='word_1_175' title='bbox 1075 2074 1274 2127; x_wconf 69' lang='lat' dir='ltr'><em>reynavit,</em></span> <span class='ocrx_word' id='word_1_176' title='bbox 1309 2089 1335 2113; x_wconf 89' lang='lat' dir='ltr'><em>a</em></span> <span class='ocrx_word' id='word_1_177' title='bbox 1365 2087 1444 2128; x_wconf 84' lang='lat' dir='ltr'><em>quo</em></span> <span class='ocrx_word' id='word_1_178' title='bbox 1476 2075 1571 2128; x_wconf 88' lang='lat' dir='ltr'><em>ipsa</em></span> <span class='ocrx_word' id='word_1_179' title='bbox 1603 2074 1747 2115; x_wconf 82' lang='lat' dir='ltr'><em>civitas</em></span> <span class='ocrx_word' id='word_1_180' title='bbox 1769 2072 1861 2113; x_wconf 89' lang='lat' dir='ltr'><em>An-</em></span> 
     </span>
    </p>

    <p class='ocr_par' dir='ltr' id='par_1_15' title="bbox 112 2143 1901 3052">
     <span class='ocr_line' id='line_1_25' title="bbox 182 2143 1860 2200; baseline 0 -15"><span class='ocrx_word' id='word_1_181' title='bbox 182 2144 333 2186; x_wconf 86' lang='lat' dir='ltr'><em>tiochia</em></span> <span class='ocrx_word' id='word_1_182' title='bbox 363 2159 509 2185; x_wconf 88' lang='lat' dir='ltr'><em>nomen</em></span> <span class='ocrx_word' id='word_1_183' title='bbox 542 2146 709 2200; x_wconf 87' lang='lat' dir='ltr'><em>accepit.</em></span> <span class='ocrx_word' id='word_1_184' title='bbox 761 2144 830 2185; x_wconf 71' lang='lat' dir='ltr'><em>Ex</em></span> <span class='ocrx_word' id='word_1_185' title='bbox 869 2143 1038 2199; x_wconf 69' lang='lat' dir='ltr'><em>cony&#39;uqe</em></span> <span class='ocrx_word' id='word_1_186' title='bbox 1068 2159 1144 2185; x_wconf 87' lang='lat' dir='ltr'><em>sua</em></span> <span class='ocrx_word' id='word_1_187' title='bbox 1165 2144 1304 2196; x_wconf 80' lang='lat' dir='ltr'><em>filiam</em></span> <span class='ocrx_word' id='word_1_188' title='bbox 1336 2146 1680 2199; x_wconf 87' lang='lat' dir='ltr'><em>speciosissimam</em></span> <span class='ocrx_word' id='word_1_189' title='bbox 1707 2146 1860 2199; x_wconf 72' lang='lat' dir='ltr'><em>qenuit.</em></span> 
     </span>
     <span class='ocr_line' id='line_1_26' title="bbox 112 2215 1861 2271; baseline -0.001 -14"><span class='ocrx_word' id='word_1_190' title='bbox 112 2222 157 2257; x_wconf 80' lang='lat'><em>25</em></span> <span class='ocrx_word' id='word_1_191' title='bbox 185 2215 272 2268; x_wconf 81' lang='lat' dir='ltr'><em>Que</em></span> <span class='ocrx_word' id='word_1_192' title='bbox 313 2231 403 2257; x_wconf 88' lang='lat' dir='ltr'><em>cum</em></span> <span class='ocrx_word' id='word_1_193' title='bbox 439 2218 688 2271; x_wconf 75' lang='lat' dir='ltr'><em>pervenisset</em></span> <span class='ocrx_word' id='word_1_194' title='bbox 726 2216 782 2256; x_wconf 89' lang='lat' dir='ltr'><em>ad</em></span> <span class='ocrx_word' id='word_1_195' title='bbox 821 2223 964 2257; x_wconf 90' lang='lat' dir='ltr'><em>etatem</em></span> <span class='ocrx_word' id='word_1_196' title='bbox 1003 2215 1226 2270; x_wconf 70' lang='lat' dir='ltr'><em>leqitimam</em></span> <span class='ocrx_word' id='word_1_197' title='bbox 1271 2223 1307 2256; x_wconf 88' lang='lat' dir='ltr'><em>et</em></span> <span class='ocrx_word' id='word_1_198' title='bbox 1350 2217 1502 2271; x_wconf 87' lang='lat' dir='ltr'><em>species</em></span> <span class='ocrx_word' id='word_1_199' title='bbox 1537 2216 1861 2270; x_wconf 68' lang='lat' dir='ltr'><em>pulchritudinis</em></span> 
     </span>
     <span class='ocr_line' id='line_1_27' title="bbox 183 2287 1861 2342; baseline 0 -14"><span class='ocrx_word' id='word_1_200' title='bbox 183 2296 444 2338; x_wconf 84' lang='lat' dir='ltr'><em>accresceret,</em></span> <span class='ocrx_word' id='word_1_201' title='bbox 486 2287 608 2328; x_wconf 89' lang='lat' dir='ltr'><em>multi</em></span> <span class='ocrx_word' id='word_1_202' title='bbox 646 2301 733 2327; x_wconf 89' lang='lat' dir='ltr'><em>eam</em></span> <span class='ocrx_word' id='word_1_203' title='bbox 771 2288 816 2327; x_wconf 93' lang='lat' dir='ltr'><em>in</em></span> <span class='ocrx_word' id='word_1_204' title='bbox 847 2288 1156 2328; x_wconf 84' lang='lat' dir='ltr'><em>matrimonium</em></span> <span class='ocrx_word' id='word_1_205' title='bbox 1192 2287 1382 2341; x_wconf 89' lang='lat' dir='ltr'><em>petebant</em></span> <span class='ocrx_word' id='word_1_206' title='bbox 1420 2302 1511 2328; x_wconf 87' lang='lat' dir='ltr'><em>cum</em></span> <span class='ocrx_word' id='word_1_207' title='bbox 1541 2301 1694 2342; x_wconf 72' lang='lat' dir='ltr'><em>maqna</em></span> <span class='ocrx_word' id='word_1_208' title='bbox 1730 2295 1766 2328; x_wconf 88' lang='lat' dir='ltr'><em>et</em></span> <span class='ocrx_word' id='word_1_209' title='bbox 1796 2288 1861 2328; x_wconf 87' lang='lat' dir='ltr'><em>in—</em></span> 
     </span>
     <span class='ocr_line' id='line_1_28' title="bbox 184 2357 1864 2413; baseline -0.001 -14"><span class='ocrx_word' id='word_1_210' title='bbox 184 2359 404 2400; x_wconf 88' lang='lat' dir='ltr'><em>estimabili</em></span> <span class='ocrx_word' id='word_1_211' title='bbox 434 2359 540 2399; x_wconf 86' lang='lat' dir='ltr'><em>dotis</em></span> <span class='ocrx_word' id='word_1_212' title='bbox 573 2360 812 2413; x_wconf 82' lang='lat' dir='ltr'><em>quantitate.</em></span> <span class='ocrx_word' id='word_1_213' title='bbox 872 2357 957 2400; x_wconf 79' lang='lat' dir='ltr'><em>Sed</em></span> <span class='ocrx_word' id='word_1_214' title='bbox 987 2373 1078 2399; x_wconf 89' lang='lat' dir='ltr'><em>cum</em></span> <span class='ocrx_word' id='word_1_215' title='bbox 1106 2367 1227 2413; x_wconf 90' lang='lat' dir='ltr'><em>pater</em></span> <span class='ocrx_word' id='word_1_216' title='bbox 1258 2358 1519 2409; x_wconf 88' lang='lat' dir='ltr'><em>deliberaret,</em></span> <span class='ocrx_word' id='word_1_217' title='bbox 1558 2359 1626 2399; x_wconf 86' lang='lat' dir='ltr'><em>oui</em></span> <span class='ocrx_word' id='word_1_218' title='bbox 1649 2359 1864 2413; x_wconf 86' lang='lat' dir='ltr'><em>potissime</em></span> 
     </span>
     <span class='ocr_line' id='line_1_29' title="bbox 173 2429 1861 2484; baseline 0 -14"><span class='ocrx_word' id='word_1_219' title='bbox 173 2430 312 2483; x_wconf 87' lang='lat' dir='ltr'><em>filiam</em></span> <span class='ocrx_word' id='word_1_220' title='bbox 343 2444 460 2470; x_wconf 84' lang='lat' dir='ltr'><em>suam</em></span> <span class='ocrx_word' id='word_1_221' title='bbox 491 2430 609 2470; x_wconf 90' lang='lat' dir='ltr'><em>daret</em></span> <span class='ocrx_word' id='word_1_222' title='bbox 643 2431 686 2470; x_wconf 90' lang='lat' dir='ltr'><em>in</em></span> <span class='ocrx_word' id='word_1_223' title='bbox 717 2430 1048 2480; x_wconf 86' lang='lat' dir='ltr'><em>matrimonium,</em></span> <span class='ocrx_word' id='word_1_224' title='bbox 1089 2429 1164 2470; x_wconf 90' lang='lat' dir='ltr'><em>hoo</em></span> <span class='ocrx_word' id='word_1_225' title='bbox 1200 2430 1403 2480; x_wconf 86' lang='lat' dir='ltr'><em>nesciens,</em></span> <span class='ocrx_word' id='word_1_226' title='bbox 1444 2431 1544 2484; x_wconf 84' lang='lat' dir='ltr'><em>quia</em></span> <span class='ocrx_word' id='word_1_227' title='bbox 1580 2431 1727 2484; x_wconf 83' lang='lat' dir='ltr'><em>iniqua</em></span> <span class='ocrx_word' id='word_1_228' title='bbox 1766 2444 1861 2470; x_wconf 84' lang='lat' dir='ltr'><em>oon-</em></span> 
     </span>
     <span class='ocr_line' id='line_1_30' title="bbox 185 2500 1901 2556; baseline 0.001 -15"><span class='ocrx_word' id='word_1_229' title='bbox 185 2501 435 2556; x_wconf 85' lang='lat' dir='ltr'><em>cupiscentia</em></span> <span class='ocrx_word' id='word_1_230' title='bbox 475 2500 808 2554; x_wconf 82' lang='lat' dir='ltr'><em>crudelitatisque</em></span> <span class='ocrx_word' id='word_1_231' title='bbox 832 2501 1009 2555; x_wconf 88' lang='lat' dir='ltr'><em>flamma</em></span> <span class='ocrx_word' id='word_1_232' title='bbox 1046 2501 1090 2541; x_wconf 88' lang='lat' dir='ltr'><em>in</em></span> <span class='ocrx_word' id='word_1_233' title='bbox 1128 2515 1308 2541; x_wconf 88' lang='lat' dir='ltr'><em>amorem</em></span> <span class='ocrx_word' id='word_1_234' title='bbox 1339 2500 1430 2553; x_wconf 85' lang='lat' dir='ltr'><em>filie</em></span> <span class='ocrx_word' id='word_1_235' title='bbox 1465 2515 1536 2541; x_wconf 88' lang='lat' dir='ltr'><em>sue</em></span> <span class='ocrx_word' id='word_1_236' title='bbox 1575 2502 1749 2551; x_wconf 71' lang='lat' dir='ltr'><em>exarsit,</em></span> <span class='ocrx_word' id='word_1_237' title='bbox 1800 2515 1861 2542; x_wconf 86' lang='lat' dir='ltr'><em>ce-</em></span> <span class='ocrx_word' id='word_1_238' title='bbox 1896 2539 1901 2543; x_wconf 81' lang='grc'>,</span> 
     </span>
     <span class='ocr_line' id='line_1_31' title="bbox 115 2570 1863 2627; baseline 0.001 -17"><span class='ocrx_word' id='word_1_239' title='bbox 115 2576 160 2610; x_wconf 88' lang='grc'><em>30</em></span> <span class='ocrx_word' id='word_1_240' title='bbox 180 2574 326 2626; x_wconf 85' lang='lat' dir='ltr'><em>pitque</em></span> <span class='ocrx_word' id='word_1_241' title='bbox 372 2585 460 2611; x_wconf 88' lang='lat' dir='ltr'><em>eam</em></span> <span class='ocrx_word' id='word_1_242' title='bbox 506 2571 685 2625; x_wconf 84' lang='lat' dir='ltr'><em>amplius</em></span> <span class='ocrx_word' id='word_1_243' title='bbox 733 2571 924 2626; x_wconf 70' lang='lat' dir='ltr'><em>diliyere,</em></span> <span class='ocrx_word' id='word_1_244' title='bbox 979 2586 1104 2626; x_wconf 83' lang='lat' dir='ltr'><em>quam</em></span> <span class='ocrx_word' id='word_1_245' title='bbox 1152 2579 1312 2626; x_wconf 89' lang='lat' dir='ltr'><em>patrem</em></span> <span class='ocrx_word' id='word_1_246' title='bbox 1358 2579 1569 2627; x_wconf 88' lang='lat' dir='ltr'><em>oporteret.</em></span> <span class='ocrx_word' id='word_1_247' title='bbox 1644 2570 1729 2622; x_wconf 80' lang='lat' dir='ltr'><em>Qui</em></span> <span class='ocrx_word' id='word_1_248' title='bbox 1772 2586 1863 2612; x_wconf 86' lang='lat' dir='ltr'><em>cum</em></span> 
     </span>
     <span class='ocr_line' id='line_1_32' title="bbox 186 2641 1864 2697; baseline 0.001 -15"><span class='ocrx_word' id='word_1_249' title='bbox 186 2642 408 2684; x_wconf 85' lang='lat' dir='ltr'><em>luctaretur</em></span> <span class='ocrx_word' id='word_1_250' title='bbox 440 2656 529 2682; x_wconf 90' lang='lat' dir='ltr'><em>cum</em></span> <span class='ocrx_word' id='word_1_251' title='bbox 547 2641 714 2695; x_wconf 76' lang='lat' dir='ltr'><em>surore,</em></span> <span class='ocrx_word' id='word_1_252' title='bbox 745 2651 906 2697; x_wconf 73' lang='lat' dir='ltr'><em>puqnat</em></span> <span class='ocrx_word' id='word_1_253' title='bbox 937 2657 1028 2683; x_wconf 87' lang='lat' dir='ltr'><em>cum</em></span> <span class='ocrx_word' id='word_1_254' title='bbox 1056 2643 1228 2697; x_wconf 87' lang='lat' dir='ltr'><em>pudore,</em></span> <span class='ocrx_word' id='word_1_255' title='bbox 1260 2643 1439 2683; x_wconf 83' lang='lat' dir='ltr'><em>vincitur</em></span> <span class='ocrx_word' id='word_1_256' title='bbox 1469 2656 1619 2683; x_wconf 88' lang='lat' dir='ltr'><em>amore.</em></span> <span class='ocrx_word' id='word_1_257' title='bbox 1670 2641 1864 2694; x_wconf 79' lang='lat' dir='ltr'><em>Quadam</em></span> 
     </span>
     <span class='ocr_line' id='line_1_33' title="bbox 186 2712 1860 2768; baseline 0.001 -14"><span class='ocrx_word' id='word_1_258' title='bbox 186 2714 252 2754; x_wconf 89' lang='lat' dir='ltr'><em>die</em></span> <span class='ocrx_word' id='word_1_259' title='bbox 291 2714 458 2754; x_wconf 88' lang='lat' dir='ltr'><em>accessit</em></span> <span class='ocrx_word' id='word_1_260' title='bbox 499 2713 554 2752; x_wconf 90' lang='lat' dir='ltr'><em>ad</em></span> <span class='ocrx_word' id='word_1_261' title='bbox 593 2712 823 2753; x_wconf 87' lang='lat' dir='ltr'><em>cubiculum</em></span> <span class='ocrx_word' id='word_1_262' title='bbox 853 2714 944 2766; x_wconf 85' lang='lat' dir='ltr'><em>filie</em></span> <span class='ocrx_word' id='word_1_263' title='bbox 984 2728 1054 2754; x_wconf 86' lang='lat' dir='ltr'><em>sue</em></span> <span class='ocrx_word' id='word_1_264' title='bbox 1096 2721 1132 2754; x_wconf 89' lang='lat' dir='ltr'><em>et</em></span> <span class='ocrx_word' id='word_1_265' title='bbox 1171 2727 1305 2754; x_wconf 87' lang='lat' dir='ltr'><em>omnes</em></span> <span class='ocrx_word' id='word_1_266' title='bbox 1338 2730 1363 2754; x_wconf 92' lang='lat' dir='ltr'><em>a</em></span> <span class='ocrx_word' id='word_1_267' title='bbox 1396 2713 1513 2768; x_wconf 68' lang='lat' dir='ltr'><em>lonye</em></span> <span class='ocrx_word' id='word_1_268' title='bbox 1553 2713 1691 2754; x_wconf 88' lang='lat' dir='ltr'><em>sedere</em></span> <span class='ocrx_word' id='word_1_269' title='bbox 1719 2712 1860 2765; x_wconf 80' lang='lat' dir='ltr'><em>jussit,</em></span> 
     </span>
     <span class='ocr_line' id='line_1_34' title="bbox 187 2783 1862 2838; baseline 0 -14"><span class='ocrx_word' id='word_1_270' title='bbox 187 2786 309 2838; x_wconf 86' lang='lat' dir='ltr'><em>quasi</em></span> <span class='ocrx_word' id='word_1_271' title='bbox 345 2799 436 2825; x_wconf 89' lang='lat' dir='ltr'><em>cum</em></span> <span class='ocrx_word' id='word_1_272' title='bbox 461 2783 557 2836; x_wconf 86' lang='lat' dir='ltr'><em>filia</em></span> <span class='ocrx_word' id='word_1_273' title='bbox 589 2797 664 2823; x_wconf 85' lang='lat' dir='ltr'><em>sua</em></span> <span class='ocrx_word' id='word_1_274' title='bbox 705 2783 954 2838; x_wconf 83' lang='lat' dir='ltr'><em>colloquium</em></span> <span class='ocrx_word' id='word_1_275' title='bbox 991 2792 1186 2825; x_wconf 87' lang='lat' dir='ltr'><em>secretum</em></span> <span class='ocrx_word' id='word_1_276' title='bbox 1225 2784 1450 2825; x_wconf 86' lang='lat' dir='ltr'><em>habiturus.</em></span> <span class='ocrx_word' id='word_1_277' title='bbox 1508 2783 1756 2825; x_wconf 87' lang='lat' dir='ltr'><em>Stimulante</em></span> <span class='ocrx_word' id='word_1_278' title='bbox 1781 2783 1862 2837; x_wconf 90' lang='lat' dir='ltr'><em>fu-</em></span> 
     </span>
     <span class='ocr_line' id='line_1_35' title="bbox 186 2855 1862 2910; baseline 0.001 -16"><span class='ocrx_word' id='word_1_279' title='bbox 186 2869 280 2895; x_wconf 88' lang='lat' dir='ltr'><em>rore</em></span> <span class='ocrx_word' id='word_1_280' title='bbox 312 2855 497 2895; x_wconf 88' lang='lat' dir='ltr'><em>libidinis</em></span> <span class='ocrx_word' id='word_1_281' title='bbox 530 2855 602 2895; x_wconf 87' lang='lat' dir='ltr'><em>diu</em></span> <span class='ocrx_word' id='word_1_282' title='bbox 633 2863 888 2908; x_wconf 73' lang='lat' dir='ltr'><em>7·epu9nante</em></span> <span class='ocrx_word' id='word_1_283' title='bbox 908 2856 1005 2907; x_wconf 86' lang='lat' dir='ltr'><em>filia</em></span> <span class='ocrx_word' id='word_1_284' title='bbox 1035 2856 1189 2896; x_wconf 90' lang='lat' dir='ltr'><em>nodum</em></span> <span class='ocrx_word' id='word_1_285' title='bbox 1221 2856 1471 2910; x_wconf 46' lang='lat' dir='ltr'><em>vir-qinitatis</em></span> <span class='ocrx_word' id='word_1_286' title='bbox 1503 2856 1627 2909; x_wconf 86' lang='lat' dir='ltr'><em>eripit</em></span> <span class='ocrx_word' id='word_1_287' title='bbox 1662 2863 1699 2896; x_wconf 90' lang='lat' dir='ltr'><em>et</em></span> <span class='ocrx_word' id='word_1_288' title='bbox 1727 2856 1862 2910; x_wconf 86' lang='lat' dir='ltr'><em>pudo-</em></span> 
     </span>
     <span class='ocr_line' id='line_1_36' title="bbox 117 2924 1862 2981; baseline -0.001 -13"><span class='ocrx_word' id='word_1_289' title='bbox 117 2934 163 2969; x_wconf 85' lang='lat'><em>35</em></span> <span class='ocrx_word' id='word_1_290' title='bbox 186 2939 271 2965; x_wconf 89' lang='lat' dir='ltr'><em>rem</em></span> <span class='ocrx_word' id='word_1_291' title='bbox 310 2925 490 2966; x_wconf 78' lang='lat' dir='ltr'><em>violavit.</em></span> <span class='ocrx_word' id='word_1_292' title='bbox 546 2924 724 2979; x_wconf 87' lang='lat' dir='ltr'><em>Cumque</em></span> <span class='ocrx_word' id='word_1_293' title='bbox 767 2925 907 2979; x_wconf 87' lang='lat' dir='ltr'><em>puella</em></span> <span class='ocrx_word' id='word_1_294' title='bbox 949 2927 1051 2981; x_wconf 83' lang='lat' dir='ltr'><em>quid</em></span> <span class='ocrx_word' id='word_1_295' title='bbox 1074 2926 1239 2980; x_wconf 88' lang='lat' dir='ltr'><em>faceret</em></span> <span class='ocrx_word' id='word_1_296' title='bbox 1280 2927 1496 2981; x_wconf 71' lang='lat' dir='ltr'><em>coqitaret,</em></span> <span class='ocrx_word' id='word_1_297' title='bbox 1545 2926 1687 2966; x_wconf 68' lang='lat' dir='ltr'><em>nutrix</em></span> <span class='ocrx_word' id='word_1_298' title='bbox 1732 2925 1862 2966; x_wconf 86' lang='lat' dir='ltr'><em>subito</em></span> 
     </span>
     <span class='ocr_line' id='line_1_37' title="bbox 189 2995 1864 3052; baseline 0 -16"><span class='ocrx_word' id='word_1_299' title='bbox 189 2997 244 3037; x_wconf 87' lang='lat' dir='ltr'><em>ad</em></span> <span class='ocrx_word' id='word_1_300' title='bbox 283 3010 370 3037; x_wconf 90' lang='lat' dir='ltr'><em>eam</em></span> <span class='ocrx_word' id='word_1_301' title='bbox 408 2997 590 3037; x_wconf 78' lang='lat' dir='ltr'><em>intravit.</em></span> <span class='ocrx_word' id='word_1_302' title='bbox 651 2995 786 3048; x_wconf 78' lang='lat' dir='ltr'><em>Quam</em></span> <span class='ocrx_word' id='word_1_303' title='bbox 823 3005 867 3038; x_wconf 87' lang='lat' dir='ltr'><em>ut</em></span> <span class='ocrx_word' id='word_1_304' title='bbox 905 2998 1030 3048; x_wconf 87' lang='lat' dir='ltr'><em>vidit,</em></span> <span class='ocrx_word' id='word_1_305' title='bbox 1061 2997 1198 3052; x_wconf 87' lang='lat' dir='ltr'><em>flebili</em></span> <span class='ocrx_word' id='word_1_306' title='bbox 1234 2996 1347 3038; x_wconf 84' lang='lat' dir='ltr'><em>vultu</em></span> <span class='ocrx_word' id='word_1_307' title='bbox 1388 2998 1473 3037; x_wconf 84' lang='lat' dir='ltr'><em>ait:</em></span> <span class='ocrx_word' id='word_1_308' title='bbox 1517 2995 1577 3037; x_wconf 89' lang='lat' dir='ltr'><em>Ob</em></span> <span class='ocrx_word' id='word_1_309' title='bbox 1618 3010 1742 3050; x_wconf 81' lang='lat' dir='ltr'><em>quam</em></span> <span class='ocrx_word' id='word_1_310' title='bbox 1778 3010 1864 3037; x_wconf 88' lang='lat' dir='ltr'><em>rem</em></span> 
     </span>
    </p>
   </div>
  </div>
 </body>
</html>
