1954 3137
240 153 307 194 83.

240 294 306 336 84.

240 436 306 477 85.

240 578 308 621 86.

240 721 307 762 87.

240 863 307 905 88.

239 1005 306 1047 89.

239 1148 307 1189 90.

238 1290 305 1331 91.

239 1432 307 1474 92.

239 1574 307 1616 93.

239 1716 306 1757 94.

1037 48 1118 90 126

355 152 492 194 Zenon
540 153 728 206 regnavit
772 153 813 194 in
853 153 967 207 cujus
1005 153 1178 208 imperio
1220 157 1308 196 erat
1347 153 1509 207 quidam
1545 154 1710 208 juvenis
1750 159 1906 212 captus.

356 223 725 275 (Raubertochter.)
772 224 841 265 lat.
867 224 905 265 5.

356 294 668 336 Valentinianus
699 295 898 348 regnabat
930 297 1074 350 potens
1107 306 1154 336 ac
1175 297 1373 350 tyrannus
1397 296 1463 350 qui
1488 295 1692 350 quandam
1716 296 1907 352 puellam.

356 365 542 416 (Todtem
576 379 724 408 manne
755 365 923 419 folgen.)
972 365 1041 406 lat.
1067 366 1105 406 (3.

355 435 607 478 Theodosius
647 436 835 490 regnavit
872 436 914 477 in
955 437 1069 490 cujus
1108 436 1281 492 imperio
1321 439 1410 479 erat
1441 437 1604 491 quidam
1639 437 1757 481 miles
1789 452 1910 492 gene-

355 520 485 549 rosus.
536 506 837 559 (Bruderneid.)
883 507 954 548 lat.
979 508 1016 548 7.

356 577 439 620 Leo
478 578 636 633 primus
675 579 864 632 regnavit
905 578 973 633 qui
1005 578 1109 619 miro
1141 578 1261 620 modo
1295 577 1574 620 delectabatur
1605 578 1798 634 pulchras
1828 580 1910 622 vir-

355 650 471 703 gines
503 649 655 691 videre.
705 649 894 700 (Statuen
927 649 1167 701 bestehlen.)
1219 648 1289 691 lat.
1315 650 1352 691 8.

355 720 438 763 Leo
472 721 673 762 secundus
705 720 894 775 regnavit
925 720 1105 775 prudens
1128 720 1246 762 valde
1269 721 1337 775 qui
1359 720 1571 776 pulchram
1592 719 1732 762 filiam.
1783 720 1910 773 (Sohn

355 792 467 834 stellt
497 795 613 834 vater
644 792 778 843 nach.)
826 791 896 833 lat.
920 792 958 832 9.

354 862 608 905 Allexander
639 863 827 917 regnavit
860 862 928 917 qui
961 865 1050 904 erat
1080 862 1198 904 fortis
1229 866 1414 918 tempore
1447 876 1532 905 suo.
1588 862 1910 917 (Giftnahrung.)

355 934 425 976 lat.
454 935 518 976 11.

353 1004 587 1047 Fridericus
633 1005 676 1046 in
722 1005 888 1047 civitate
934 1018 1105 1046 romana
1143 1005 1332 1058 regnavit
1370 1006 1439 1060 qui
1480 1006 1548 1047 diu
1586 1005 1785 1048 remansit
1823 1005 1911 1047 sine

354 1076 481 1132 prole.
531 1075 652 1129 (Ring
683 1076 755 1118 der
787 1075 1119 1130 vergessenheit.)
1165 1075 1235 1117 lat.
1263 1078 1329 1118 10.

354 1147 588 1189 Dorotheus
620 1147 766 1188 statuit
796 1160 870 1202 pro
902 1147 992 1201 lege
1025 1147 1133 1202 quod
1163 1146 1237 1188 filii
1269 1151 1460 1202 parentes
1492 1160 1587 1189 suos
1619 1150 1909 1189 sustentarent.

356 1218 499 1270 (Vater
531 1218 629 1260 oder
659 1221 813 1260 mutter
844 1218 1011 1272 folgen.)
1058 1218 1129 1260 lat.
1156 1219 1221 1259 14.

355 1288 585 1343 Gorgonius
616 1289 806 1343 regnavit
836 1289 878 1331 in
911 1290 1077 1332 civitate
1107 1302 1280 1331 romana
1311 1289 1379 1344 qui
1410 1302 1580 1332 uxorem
1609 1289 1824 1345 pulchram
1847 1302 1911 1331 ac-

353 1361 474 1416 cepit.
524 1360 666 1412 (Vater
697 1360 845 1414 heilen‚
879 1364 1032 1403 mutter
1063 1360 1206 1410 nicht.)
1252 1359 1323 1402 lat.
1350 1361 1445 1402 112.

354 1431 458 1474 Erat
496 1432 662 1486 quidam
703 1431 894 1487 princeps
935 1432 1100 1474 nomine
1138 1444 1311 1473 neeman
1343 1431 1412 1486 qui
1443 1444 1533 1473 cum
1567 1435 1676 1474 esset
1705 1431 1909 1487 princeps.

357 1503 547 1556 (Naman⁷
580 1502 803 1553 Heliseus.)
851 1516 944 1558 app.
972 1502 1038 1544 15.

355 1573 527 1629 Pipinus
558 1575 747 1627 regnavit
768 1574 810 1615 in
833 1574 997 1616 civitate
1018 1587 1190 1616 romana
1212 1574 1282 1628 qui
1305 1573 1511 1628 quandam
1533 1573 1726 1628 puellam.
1773 1572 1912 1626 (Stief-

356 1645 457 1686 kind
490 1645 587 1687 oder
618 1645 810 1697 rechtes.)
856 1645 927 1687 lat.
955 1646 1050 1686 116.

353 1715 562 1758 Polomius
607 1717 650 1757 in
696 1717 862 1758 civitate
908 1716 1116 1758 babilonia
1161 1715 1350 1770 regnavit
1389 1716 1457 1770 qui
1496 1719 1579 1758 tres
1618 1715 1724 1758 filios
1754 1715 1910 1758 habuit.

357 1786 458 1838 (Der
487 1786 667 1840 faulste.)
714 1787 784 1830 lat.
811 1788 877 1829 91.

687 1963 872 1998 XXXIX.
911 1961 1000 1998 Cod.
1019 1962 1236 1999 Vindobon-
1261 1961 1373 2008 3097,
1398 1962 1469 1997 fol.

742 2035 796 2068 Bl.
816 2034 911 2069 195α
925 2034 1043 2068 —206
1053 2047 1085 2068 a.
1125 2034 1227 2068 1410.
1265 2034 1309 2068 28
1335 2043 1413 2078 cap.

356 2128 566 2171 Auswahl.
622 2129 871 2172 Inchoantur
908 2133 1023 2184 gesta
1064 2129 1344 2171 Romanorum
1383 2143 1488 2172 anno
1529 2129 1685 2171 domini
1720 2129 1831 2170 1410
1868 2128 1911 2170 in

239 2199 432 2242 Adventu
465 2200 633 2242 domini.

272 2284 308 2324 1.

271 2426 309 2467 50

270 2569 311 2891 5155>pr

355 2283 588 2325 Dorotheus
620 2284 845 2338 imperator
876 2286 1060 2326 statuens
1091 2296 1165 2338 pro
1196 2283 1298 2337 lege.
1354 2284 1496 2336 (Vater
1526 2283 1625 2326 oder
1655 2286 1806 2325 mutter
1835 2282 1912 2324 fol-

357 2355 466 2408 gen.)
512 2354 583 2396 lat.
610 2355 676 2395 14.

358 2424 588 2479 Gorgonius
626 2426 815 2479 regnavit
851 2426 894 2467 in
932 2426 1098 2468 civitate
1136 2439 1319 2468 romana.
1383 2425 1525 2477 (Vater
1563 2424 1717 2480 heilen‚
1759 2427 1911 2467 mutter

357 2496 501 2547 nicht.)
548 2496 618 2538 lat.
646 2497 740 2538 112.
1910 2490 1915 2492 i

357 2568 541 2610 Adamas
572 2567 761 2620 regnavit
792 2567 905 2609 dives
936 2567 1067 2610 valde.
1116 2567 1337 2619 (Turnier.)
1383 2566 1454 2609 lat.
1480 2568 1575 2608 113.

358 2637 556 2680 Polimius
588 2638 631 2679 in
663 2638 829 2680 civitate
861 2638 1064 2680 babilonie
1096 2639 1294 2692 regnavit.
1344 2638 1444 2690 (Der
1473 2638 1653 2690 faulste.)
1699 2637 1768 2679 lat.
1792 2638 1860 2679 91.

360 2708 535 2759 Quidam
566 2708 683 2750 miles
714 2709 794 2751 fuit
824 2709 893 2763 qui
915 2709 1092 2752 habebat
1112 2710 1218 2752 sorte
1241 2714 1433 2751 castrum.
1474 2708 1712 2761 (Storchin.)
1750 2707 1820 2750 lat.
1841 2708 1907 2750 82.

358 2780 445 2822 Rex
478 2779 643 2834 quidam
676 2783 764 2821 erat
796 2781 864 2834 qui
896 2780 1039 2822 habuit
1071 2784 1153 2823 tres
1184 2780 1302 2823 filios.
1351 2780 1468 2832 (Drei
1498 2780 1645 2833 ringe.)
1692 2779 1762 2821 lat.
1787 2779 1854 2821 89.

358 2850 560 2892 Narratur
593 2851 759 2905 quidam
790 2851 1015 2906 imperator
1048 2851 1196 2894 nobilis
1222 2851 1377 2894 habuit.
1427 2850 1762 2905 (Kaisertocffler,
1794 2863 1909 2893 sene-

360 2920 502 2973 schal.)
549 2935 677 2975 germ.
705 2922 769 2962 11.
