1954 3137
151 1089 219 1129 60.

151 1230 219 1271 61.

152 1300 219 1341 62.

153 1442 220 1483 63.

153 1514 221 1555 64.

154 1585 222 1625 65.

155 1726 222 1766 (36.

155 1796 223 1837 67.

156 1866 223 1907 68.

157 2009 224 2049 69.

958 62 1042 103 104

209 204 217 212 .
267 167 508 220 Narraffur)
549 168 703 223 plinius
744 168 792 210 (le
826 167 948 210 rebus
981 166 1241 208 naturalibus
1275 167 1383 221 quod
1418 166 1558 208 asinus
1591 169 1753 208 tantum
1787 165 1848 206 di-

266 241 359 293 ligit
390 241 521 282 fatum
557 253 689 281 suum.

268 311 439 364 Legitur
472 312 514 352 in
548 310 724 351 cronicis
758 309 866 363 quod
901 308 1067 362 quidam
1101 322 1175 350 rex
1207 308 1351 350 habuit
1384 309 1583 362 majorem
1609 306 1846 360 ignobilem.

267 381 345 426 (Bl.
372 383 446 422 ssl:
478 381 546 422 hie
577 381 788 434 recipiunt
820 383 937 432 gesta
968 387 1271 433 romonorum.)

181 465 218 494 ¹.
266 452 408 493 Refert
439 451 576 493 Julius
616 455 757 492 sextus
792 451 841 491 (le
875 450 1052 503 quodam
1088 450 1188 492 duee
1222 449 1556 503 Carthaginiensi
1590 449 1659 503 qui
1691 447 1847 490 habuit.

267 522 404 575 (Wein
439 522 515 563 mit
547 522 824 574 Mandragora
856 521 1069 573 vergiftet3
1105 519 1322 564 abweieh.)
1368 520 1439 561 lat.
1466 520 1533 561 538.

210 626 218 634 .
268 592 439 645 Legitur
473 593 521 634 de
556 592 797 633 allexandro
831 604 982 644 magno
1016 591 1123 645 quod
1158 604 1264 632 eum.

210 697 217 705 .
269 663 423 705 Scribit
462 663 607 705 beatus
640 662 855 716 gregorius
890 662 998 715 quod
1029 662 1109 703 fuit
1141 662 1315 703 denotus
1349 660 1471 701 homo
1504 673 1586 701 non
1619 659 1756 715 potuit
1786 672 1850 701 rer>

268 735 420 788 cipere.
469 732 672 787 (Wunder
705 734 782 774 mit
814 731 982 785 hostie.)

181 829 218 845 e.
270 804 424 846 Scribit
450 804 624 857 jacobus
659 804 708 846 de
738 804 870 845 lasaia
894 804 1001 857 quod
1024 803 1066 844 in
1089 802 1304 858 provincia
1324 801 1599 843 Narbonensi.
1649 799 1852 855 (Wunder

269 875 346 917 mit
377 873 544 929 hostie.)

211 980 218 988 .
267 945 441 999 Legitur
475 945 524 987 de
559 945 735 998 quodam
772 958 969 986 converso
1001 944 1133 986 saneti
1156 943 1379 986 bernhardi
1403 943 1471 997 qui
1495 955 1586 984 eum
1610 955 1692 983 non
1715 941 1849 996 plene.

269 1016 473 1062 <Wunder
505 1016 581 1057 mit
614 1013 780 1069 hostie.)

268 1087 432 1129 Recitat
471 1087 671 1139 magister
711 1086 788 1127 ado
831 1084 1103 1127 eaneellarius
1146 1084 1386 1139 parisiensis
1427 1084 1497 1138 qui
1528 1083 1635 1125 vixit
1664 1086 1852 1138 tempore

271 1158 448 1211 hugonis
482 1157 532 1198 de
565 1160 627 1197 sto
660 1156 831 1197 victore.

267 1228 441 1282 Legitur
474 1227 523 1268 de
558 1227 849 1268 elemosinario
884 1227 953 1280 qui
985 1226 1064 1267 fuit
1096 1225 1335 1281 patriarcha
1368 1225 1645 1267 allexandree.

271 1298 426 1340 Scribit
458 1298 672 1350 gregorius
707 1301 852 1352 quarte
887 1297 1156 1352 dyalogorum
1193 1297 1242 1338 de
1277 1297 1454 1350 quodam
1479 1296 1619 1338 divite.
1667 1293 1852 1350 (Gottes-

270 1367 518 1422 lasterung.)

268 1441 441 1494 Legitur
463 1441 506 1481 in
529 1438 680 1481 fabulis
706 1438 873 1492 quidam
896 1439 940 1480 in
959 1439 1126 1480 domino
1145 1439 1259 1480 dives
1278 1438 1454 1480 multum
1474 1438 1674 1491 diligebat
1691 1450 1849 1479 canem.

273 1511 478 1554 scribitur
510 1511 551 1551 in
586 1509 762 1550 cronicis
795 1522 1011 1561 grecorum
1046 1510 1155 1564 quod
1186 1513 1329 1562 gentes
1363 1510 1537 1551 duarum
1571 1509 1800 1551 civitatum.

270 1583 443 1635 Legitur
476 1582 517 1622 in
552 1580 718 1636 speculo
751 1580 955 1622 historiali
979 1580 1028 1621 de
1053 1580 1294 1622 allexandro
1317 1595 1468 1634 magno
1493 1579 1849 1635 quodphilippus

271 1653 564 1708 (Bucephalus,
599 1649 930 1704 selbststandig.)

271 1724 426 1766 Narrat
458 1723 617 1765 orosius
653 1723 761 1776 quod
794 1723 835 1763 in
870 1722 1038 1763 civitate
1069 1722 1307 1763 medieullia
1339 1722 1533 1763 vixerunt
1564 1722 1657 1764 viri.

271 1794 444 1848 Legitur
475 1795 519 1835 in
553 1794 732 1847 quadam
766 1794 933 1835 civitate
968 1806 1045 1846 que
1079 1793 1230 1834 dieitur
1263 1793 1409 1835 civitas
1443 1793 1694 1847 equalitatis.

272 1865 444 1919 Legitur
484 1865 593 1919 quod
635 1877 712 1906 noe
754 1864 900 1905 habuit
939 1864 1098 1905 hircum
1143 1865 1211 1917 qui
1252 1864 1432 1918 primum
1472 1864 1633 1906 invenit
1669 1864 1850 1905 vineum.

274 1936 426 1989 (Wein.
461 1936 789 1990 eigensehaften3
825 1935 920 1977 sehr
953 1933 1169 1989 abweieh.)
1215 1935 1287 1977 lat.
1315 1936 1410 1977 159.

273 2007 446 2061 Legitur
484 2008 527 2048 in
568 2007 675 2048 vitas
715 2010 881 2061 patrum
926 2006 1034 2060 quod
1068 2006 1234 2060 quidam
1266 2006 1346 2047 fuit
1377 2007 1447 2060 qui
1480 2006 1585 2048 vidit
1617 2005 1851 2061 ethyopem.

275 2078 394 2132 (Drei
427 2080 612 2124 narren.)
663 2077 734 2118 lat.
764 2077 859 2118 165.

275 2155 437 2209 (xBrieht
468 2155 523 2196 im
560 2154 737 2206 anfange
771 2153 844 2194 der
876 2152 1162 2194 moralisation
1196 2151 1280 2206 ab.)

607 2322 755 2356 XXIX.
802 2320 892 2355 Cod.
921 2320 1142 2356 confluent.
1169 2321 1240 2366 92,
1274 2322 1410 2364 quart.

671 2394 688 2427 7
709 2392 755 2426 bl.
789 2392 954 2437 X1V.jh.
987 2392 1172 2436 AuswahI,
1199 2394 1241 2426 16
1264 2403 1342 2437 cap.

279 2489 358 2531 Die
389 2489 544 2530 letzten
577 2488 718 2529 sieben
750 2487 902 2529 blatter
934 2488 1005 2529 des
1039 2488 1167 2530 codex
1201 2489 1412 2530 euthalten
1444 2488 1534 2530 eine
1565 2489 1749 2530 auswahl
1781 2502 1854 2530 aus
1920 2494 1925 2497 “

162 2560 241 2601 den
274 2559 321 2601 G.
345 2560 414 2612 R„
459 2560 531 2601 das
571 2559 701 2600 vierte
742 2558 847 2599 blatt
886 2558 1102 2600 derselben
1143 2562 1255 2612 tr'agt
1294 2559 1359 2600 die
1390 2559 1486 2601 halb
1519 2559 1855 2612 abgesehnittene

161 2631 430 2672 iibersehrift:
465 2629 592 2672 Gesta
625 2642 903 2670 romanorum.
953 2629 1038 2671 Das
1072 2630 1219 2684 papier
1251 2630 1412 2672 seheint
1441 2629 1592 2682 riehtig
1626 2643 1678 2671 zu
1704 2630 1852 2683 liegen.

196 2713 231 2752 1.

194 2853 218 2879 ί)

195 2880 232 2893 Aa·

280 2712 399 2753 Miles
434 2713 602 2766 quidam
636 2715 723 2753 erat
757 2713 826 2765 qui
858 2715 942 2753 tres
976 2712 1081 2753 filios
1115 2712 1270 2754 habuit.
1320 2712 1397 2762 Qui
1430 2725 1521 2753 eum
1554 2712 1661 2753 mori
1688 2712 1856 2755 deberet

282 2783 570 2836 primogenito.
620 2782 739 2825 (Drei
770 2781 922 2835 finge.)
967 2783 1038 2825 lat.
1065 2784 1132 2824 89.

283 2852 442 2894 Plinius
474 2857 617 2894 narrat
651 2853 758 2907 quod
793 2856 855 2894 est·
888 2855 1060 2907 quedam
1095 2858 1207 2896 terra
1239 2854 1281 2895 in
1315 2867 1395 2907 qua
1416 2866 1492 2895 nee
1513 2866 1580 2894 ros
1602 2867 1677 2896 nee
1699 2853 1853 2909 pluvia.

282 2922 608 2978 (illusikquelle.)
654 2923 726 2965 lat.
755 2923 850 2965 150.
