1919 3131
72 145 140 186 37.

70 358 137 400 33.

68 502 135 543 39.

66 644 135 686 40.

67 787 135 828 41.

65 929 133 971 42.

63 1071 132 1113 43.

62 1213 130 1255 44.

61 1356 130 1398 45.

60 1500 129 1541 46.

60 1641 128 1683 47.

60 1785 129 1827 48.

59 1928 127 1969 49.

59 2070 126 2112 50.

59 2211 126 2254 51.

57 2353 125 2396 52.

57 2425 125 2467 53.

57 2568 124 2609 54.

55 2709 123 2752 55.

55 2852 123 2894 56.

879 43 934 84 40

190 145 250 188 De
275 147 439 199 justitia
472 147 600 189 malos
635 149 842 203 puniendi.
894 148 994 190 Cum
1030 149 1194 203 quidam
1222 150 1334 192 dives
1367 154 1404 193 et
1439 151 1567 194 bonus
1600 154 1639 194 in
1672 167 1740 208 pe-

188 217 328 259 riculo.
377 218 712 272 (Todtensiegel.)
760 219 830 261 lat.
859 220 953 262 128.

186 287 248 331 De
279 288 410 330 tribus
442 289 573 342 gallis.
623 289 754 335 (Ohuc
787 292 905 333 text.)
955 290 1144 342 (Hiihne.)
1192 291 1260 333 lat.
1287 294 1353 333 ⁴38.

187 358 247 402 De
281 361 560 416 peccatoribus
594 361 796 415 quomodo
835 361 934 404 deus
976 361 1057 403 illis
1099 362 1240 417 parcit.
1298 362 1385 404 Mos
1419 367 1506 406 erat
1546 366 1738 407 romanis.

186 430 365 483 (Kerze.)
412 431 481 473 lat.
513 435 574 473 18.

183 501 367 552 Qualiter
406 503 606 559 superbus
646 504 893 559 opprimitur
926 518 949 546 a
981 504 1055 546 deo
1088 507 1161 546 etc.
1220 503 1464 547 Jovinianus
1504 506 1738 562 imperator.

184 573 475 626 (Jovinianus.)
525 574 594 616 lat.
619 576 686 615 50.

182 644 244 687 De
285 646 513 701 penitentia
553 645 727 700 qualiter
766 650 1021 700 peccatorem
1064 645 1208 688 salvat.
1265 646 1349 689 Rex
1384 648 1549 702 quidam
1583 649 1738 691 statuit.

183 716 299 764 (Drei
332 716 598 770 wahrheiten,
630 717 737 767 frei.)
786 716 857 758 lat.
882 717 949 758 58.

184 787 246 830 De
278 789 452 844 epykeia
485 792 524 830 et
557 787 786 830 voluntarie
819 801 925 830 ceco.
982 788 1067 830 Lex
1101 793 1189 831 erat
1226 789 1457 844 aliquando.
1515 790 1616 841 (100
1648 804 1740 844 gro-

183 858 337 910 schen.)
388 859 458 901 lat.
485 860 551 899 723.

181 928 243 972 De
281 930 449 972 occultis
491 930 555 972 (lei
596 929 777 984 judiciis.
836 929 1046 973 Heremita
1086 930 1251 986 quidam
1292 931 1405 974 vidit.
1464 931 1618 987 (Engel
1658 933 1739 975 und

181 1002 356 1053 eremit.)
403 1001 473 1044 lat.
499 1002 565 1043 80.

179 1071 242 1114 De
275 1073 412 1114 anima
450 1086 572 1127 quam
606 1072 705 1114 deus
743 1073 922 1115 maxime
963 1072 1098 1127 diligit
1136 1077 1210 1116 etc.
1267 1073 1467 1128 Trajanus
1500 1074 1738 1130 imperator.

179 1142 303 1193 (Eber
335 1143 439 1186 ohne
473 1144 601 1195 herz.)
650 1143 718 1186 lat.
745 1144 812 1186 83.

178 1213 240 1257 De
272 1215 402 1258 tribus
436 1215 614 1257 inimicis
647 1215 815 1257 humani
848 1215 1021 1269 generis.
1072 1215 1245 1266 Quidam
1279 1215 1328 1258 de
1359 1229 1484 1270 regno
1508 1217 1736 1259 ambulans.

180 1284 387 1338 (Briicke.)
435 1300 561 1341 germ.
586 1287 654 1328 53.

178 1356 239 1400 De
270 1361 554 1401 torneamento
579 1362 618 1400 et
639 1357 871 1400 hastiludio
922 1357 1105 1400 Adonias
1131 1358 1244 1400 dives
1274 1359 1475 1412 regnavit.
1525 1359 1736 1411 (Turnier;

150 1419 335 1471 ‘tochter
366 1429 495 1482 haut.)
543 1429 614 1471 lat.
642 1430 736 1471 113.

178 1499 240 1542 De
277 1499 466 1543 basilisco
511 1504 552 1543 et
589 1499 767 1556 specula
831 1500 1067 1542 Alexander
1111 1513 1289 1554 regnans
1336 1500 1564 1543 dominium
1610 1501 1736 1544 totius

175 1571 318 1613 mundi
350 1571 540 1614 obtinuit.
589 1571 814 1624 (Basilisk.)
861 1572 932 1614 lat.
959 1572 1057 1613 139.

176 1641 238 1684 De
270 1643 426 1685 ciconia
466 1643 664 1686 adultera.
720 1643 892 1694 Quidam
933 1643 1050 1686 miles
1088 1643 1168 1685 fuit
1204 1643 1358 1686 habens
1395 1647 1576 1686 castrum
1615 1644 1732 1687 forte.

178 1712 416 1766 (Stiirchin.)
463 1714 535 1757 lat.
561 1715 628 1756 82.

175 1784 238 1828 De
270 1785 456 1841 principe
487 1799 569 1828 non
601 1788 769 1841 potente
798 1786 989 1828 resistere
1010 1785 1201 1827 inimicis.
1249 1784 1312 1827 De
1334 1786 1510 1840 quodam
1533 1787 1732 1842 principe.

176 1855 310 1908 (Wein
341 1857 568 1911 vergiftet.)
614 1857 685 1899 lat.
712 1858 778 1899 88.

175 1927 237 1970 De
274 1928 491 1983 peregrino
532 1932 572 1971 et
614 1931 834 1984 pugnante.
889 1926 1072 1978 Quedam
1111 1927 1260 1970 nobilis
1298 1928 1434 1971 vidua.
1491 1927 1608 1981 (Stab
1647 1928 1731 1971 und

174 1998 345 2050 tasche.)
390 1999 461 2042 lat.
486 2000 553 2041 25.

174 2069 237 2112 De
266 2083 363 2124 rege
395 2074 435 2113 et
464 2070 695 2113 senescalco
728 2074 768 2112 et
799 2069 883 2111 filia
914 2071 1034 2124 regis.
1083 2069 1285 2112 Narratur
1317 2070 1424 2124 quod
1456 2070 1622 2125 quidam
1653 2071 1729 2112 im-

174 2144 351 2196 perator.
400 2141 743 2195 fflaisertochter,
777 2141 988 2183 seneschal
1020 2141 1103 2182 und
1135 2141 1223 2183 drei
1253 2141 1456 2194 sicunde.)
1508 2155 1634 2195 germ.
1661 2143 1726 2183 11.

173 2211 235 2255 De
272 2213 418 2255 arbore
456 2217 497 2255 et
535 2212 666 2255 tribus
704 2211 913 2254 uxoribus.
976 2211 1116 2255 Refert
1147 2211 1388 2255 Valerianus
1421 2212 1529 2268 quod
1561 2213 1725 2268 quidam

173 2296 299 2326 senex
328 2282 442 2326 flens.
491 2283 808 2337 (Hangebaum.)
854 2282 924 2325 lat.
948 2284 1016 2325 33.

172 2354 235 2398 De
266 2354 478 2397 sacrificio.
526 2354 667 2397 Refert
687 2353 874 2396 Valerius
906 2354 949 2396 in
973 2354 1095 2396 tertio
1117 2353 1234 2397 libro.
1286 2354 1462 2406 (Kohle.)
1510 2368 1636 2409 germ.
1659 2356 1724 2397 16.

172 2425 235 2468 De
273 2425 418 2469 arbore
456 2427 566 2469 circa
603 2429 783 2468 montem
824 2425 954 2480 synai.
1018 2425 1133 2468 Sicut
1173 2426 1231 2468 ait
1268 2425 1434 2481 plinius.
1499 2425 1725 2478 (Theriak.)

172 2510 300 2551 germ.
326 2498 392 2539 17.

172 2567 235 2611 De
267 2563 428 2622 virgilio
460 2568 548 2610 cive
579 2580 748 2610 romane
780 2566 971 2609 civitatis.
1020 2566 1160 2610 Refert
1181 2567 1420 2610 allexander
1440 2566 1721 2622 philosophus.

172 2638 340 2693 (Virgils
371 2638 487 2691 bild.)
536 2651 662 2692 germ.
690 2638 756 2680 18.

170 2709 233 2753 De
265 2710 402 2752 anima
433 2709 619 2752 adultera
650 2714 690 2751 et
720 2708 770 2752 de
802 2709 1040 2752 austeritate
1071 2709 1202 2765 patris
1235 2713 1275 2752 et
1297 2708 1382 2751 filii.
1431 2708 1536 2751 Erat
1556 2709 1721 2763 quidam

169 2781 408 2837 imperator.
458 2779 586 2833 (Sohn
619 2779 750 2822 tijdtet
781 2782 934 2822 mutter
963 2781 1106 2832 nicht.)
1154 2781 1225 2823 lat.
1252 2782 1346 2823 100.

170 2851 233 2894 De
263 2852 448 2908 hyanciis
481 2865 558 2906 que
589 2864 702 2894 rome
733 2855 1026 2906 apparuerunt.
1082 2852 1127 2894 In
1159 2851 1294 2894 medio
1325 2865 1449 2894 rome.
1509 2851 1719 2902 (Anilius.)

169 2921 382 2975 (Curtius.)
429 2922 499 2965 lat.
522 2923 591 2964 43.

34 3012 37 3014 '
115 3003 330 3042 Oesterlcy.
354 3004 444 3032 Gesta
465 3003 674 3031 Romanorum.
1375 2997 1396 3031 4
