1949 3162
954 80 1040 121 532

153 189 336 231 Tharsia
368 203 459 229 eum
490 203 517 228 a
547 194 676 227 morte
709 186 901 227 liberavit
932 186 1094 226 dicens:
1134 184 1236 225 Nisi
1271 185 1377 225 mihi
1413 187 1596 240 spatium
1635 186 1692 225 ad
1722 199 1847 226 oran·

148 260 248 300 dum
279 259 470 309 dedisset,
503 258 625 298 ‘modo
659 272 750 297 eum
779 271 865 297 non
897 256 1169 309 defenderem.
1215 255 1499 310 Appollonius
1531 256 1645 296 dedit
1673 269 1848 296 munera

149 331 311 371 civitati
341 329 397 369 ad
427 328 752 369 restaurandum
784 328 991 367 civitatem
1023 333 1060 365 et
1090 333 1275 365 moratus
1309 333 1366 366 est
1387 325 1449 365 ibi
1470 325 1601 366 tribus
1622 324 1846 377 mensibus,

146 402 354 455 naviyans
385 399 483 439 inde
504 398 762 452 Pentapolin
794 398 1010 437 civitatem.
1050 394 1221 436 Curiam
1250 396 1489 450 ingsreclitur
1511 397 1567 436 ad
1588 396 1850 437 Altis-tratem

100 477 121 511 5
145 485 284 526 reyem
312 470 512 525 qazcdens.
560 468 651 509 Rea:
681 482 776 508 vero
810 481 932 507 senem
952 466 1102 519 factus
1125 474 1194 517 est,
1229 467 1336 506 vidit
1358 467 1501 522 filiam
1523 474 1560 507 et
1578 468 1735 522 neptim
1757 481 1850 506 cum

147 542 298 582 ‘marito
332 555 405 581 suo
438 555 543 594 reqe.
587 539 672 580 Per
702 540 911 593 inteqrum
942 552 1099 577 (wiotum
1123 537 1295 577 letanter
1314 537 1489 576 insimul
1512 544 1846 591 permanserunt.

147 612 254 653 Post
283 611 355 651 hec
385 612 565 651 moritur
590 609 782 664 perfecta
814 616 930 659 etate,
964 607 1156 648 ‘manibus
1190 622 1331 647 eorum
1363 608 1571 647 dimittens
1612 607 1849 647 dimidieta-

148 690 227 723 tem
258 683 380 737 reyni
409 682 477 721 sui
497 680 758 735 Appollonio
782 687 819 719 et
840 679 1095 719 medietatem
1108 679 1202 737 filie
1224 693 1304 718 sue.
1344 677 1545 718 Omnibus
1567 678 1648 718 hiis
1667 679 1850 733 peractis

149 753 249 794 dum
280 752 514 792 ambularet
544 751 831 806 Appollonius
861 749 990 801 juxta
1021 764 1157 800 mare,
1198 749 1305 789 vidit
1342 750 1614 803 piscatorem,
1657 750 1732 803 qui
1761 762 1852 789 eum

78 829 122 864 10
141 831 242 878 post
271 822 551 876 naufrayium
575 822 749 876 accepit,
773 820 985 874 jussitque
1017 835 1108 860 eum
1139 820 1451 874 apprehendere
1483 827 1520 859 et
1552 820 1609 860 ad
1633 819 1852 874 palacium

149 894 257 934 duci.
310 892 463 934 Videns
490 893 682 946 piscator
713 907 740 931 a
771 890 973 931 militibus
1005 905 1046 930 se
1078 890 1353 945 apprehendi,
1381 891 1552 944 putavit
1584 890 1728 931 occidi.
1780 888 1852 929 In-

146 979 314 1020 yressus
346 963 632 1017 Appollonius
661 962 793 1014 jussit
824 976 915 1002 eum
947 961 1104 1001 adduci
1134 962 1191 1001 acl
1222 976 1262 1001 se
1296 962 1458 1001 (licens.-
1499 961 1582 1002 Hic
1614 974 1851 1016 paranym-

143 1034 256 1090 phus
287 1049 421 1085 meus,
464 1034 539 1088 qui
576 1032 681 1072 'mihi
715 1040 814 1086 post
851 1031 1129 1086 naufrayium
1162 1046 1281 1086 opem
1313 1033 1448 1084 (ledit,
1492 1040 1529 1072 et
1559 1032 1616 1072 ad
1647 1032 1853 1072 civitatem

149 1107 289 1146 venire
321 1105 522 1145 ostendit!
550 1103 607 1143 Et
638 1104 747 1143 dimit
779 1104 837 1143 ei:
870 1102 964 1157 Eyo
998 1117 1089 1142 sum
1122 1101 1406 1157 Appollonius
1445 1102 1594 1158 Tyrus.
1645 1102 1703 1143 Et
1722 1101 1854 1154 jussit

80 1181 125 1216 15
149 1176 232 1217 sibi
263 1177 362 1216 clari
384 1189 436 1216 cc
465 1175 687 1225 sistet-cias,
722 1188 861 1214 seri-os
894 1181 931 1213 et
962 1173 1153 1223 (wallas,
1188 1180 1225 1212 et
1242 1172 1353 1226 fecit
1384 1187 1475 1213 eum
1503 1175 1690 1214 comitem
1716 1186 1850 1223 suum,

151 1248 354 1301 quamdiu
384 1247 501 1286 vixit.
558 1245 768 1285 Elamitus
799 1259 918 1295 vero,
954 1245 1029 1298 qui
1060 1245 1098 1283 ei
1129 1244 1177 1284 de
1212 1243 1416 1284 Antiocho
1449 1246 1679 1296 nunciavit,
1708 1244 1853 1298 proci-

150 1318 250 1358 dens
290 1332 331 1357 se
370 1317 428 1357 ad
458 1317 589 1372 pedes
620 1315 876 1370 Appollonii
914 1322 950 1355 et
987 1316 1075 1355 ait:
1116 1315 1279 1355 hIemor
1312 1322 1409 1366 esto,
1451 1315 1637 1367 domine,
1676 1314 1856 1355 Elamiti

149 1389 261 1428 servi
297 1388 384 1427 tui!
438 1387 722 1442 Appollonius
771 1385 1035 1440 apprehensa
1072 1400 1199 1425 manu
1241 1385 1327 1438 ejus
1371 1387 1500 1426 erexit
1540 1400 1632 1426 eum
1664 1385 1855 1439 fecitque

152 1473 244 1499 eum
275 1458 444 1498 divitem
475 1465 512 1498 et
543 1458 758 1498 ordinavit
786 1458 833 1496 in
856 1458 1052 1497 comitem.
1089 1456 1188 1497 Hiis
1210 1456 1382 1511 eoepletis
1402 1458 1548 1511 yenuit
1569 1455 1854 1511 Appollonius

81 1534 127 1568 20
142 1529 289 1586 filium
320 1529 370 1569 de
402 1528 576 1583 cony'uye
618 1543 695 1568 sua
705 1560 716 1578 ,
760 1541 881 1581 quem
917 1528 963 1567 in
1004 1527 1139 1567 locum
1179 1528 1251 1567 avi
1280 1528 1349 1567 sui
1378 1527 1612 1568 Altistratis
1645 1527 1858 1567 constituit

151 1614 298 1655 reqem.
359 1599 474 1640 Vivit
512 1613 607 1639 vero
647 1598 934 1653 Appollonius
975 1612 1068 1637 eum
1108 1597 1280 1652 cowzy'zzye
1319 1613 1396 1637 sua
1433 1612 1608 1639 LXXXIV
1648 1612 1780 1638 annos
1819 1604 1856 1638 et

152 1672 283 1711 tenuit
319 1684 495 1724 reynum
532 1669 754 1710 Antiochie
794 1676 832 1709 et
875 1667 982 1722 Tyri
1021 1676 1057 1708 et
1103 1667 1353 1723 Tyrensium
1400 1669 1532 1722 quiete
1579 1683 1627 1709 ac
1653 1668 1852 1722 feliciter.

154 1739 283 1782 Casus
316 1755 412 1781 suos
445 1741 669 1795 descripsit
705 1741 818 1794 ipse,
860 1739 941 1779 duo
973 1739 1188 1779 'volumina
1222 1739 1425 1794 perfecit,
1468 1754 1597 1779 unum
1627 1741 1674 1780 in
1705 1739 1855 1794 templo

152 1811 440 1866 Ephesorum,
483 1811 660 1851 alterum
698 1812 744 1850 in
776 1825 853 1850 sua
885 1809 1130 1850 bibliotheca
1168 1810 1395 1850 collocavit.
1450 1809 1687 1864 Defunctus
1727 1817 1786 1851 est
1821 1817 1860 1850 et

83 1887 129 1921 25
147 1883 339 1938 perreait
369 1882 426 1922 ad
456 1883 586 1922 vitam
617 1889 814 1933 eternam,
849 1882 907 1921 ad
939 1896 1067 1936 quam
1098 1888 1168 1921 etc.

893 2108 996 2150 CAP.
1020 2109 1116 2150 154.

778 2195 854 2240 De
891 2195 1037 2240 celesti
1063 2195 1236 2254 patria.

279 2302 446 2344 Narrat
479 2300 720 2354 Geruasius,
757 2304 870 2358 quod
899 2305 946 2343 in
970 2303 1129 2344 Edissa
1161 2304 1326 2343 civitate
1358 2302 1406 2343 ob
1436 2303 1691 2357 presentiam
1721 2309 1860 2342 sancte

158 2375 359 2428 imaqinis
382 2371 538 2414 Christi
556 2374 697 2413 nullus
729 2374 929 2415 hereticus
960 2376 1096 2414 vivere
1121 2381 1273 2428 potest,
1306 2373 1447 2413 nullus
1472 2388 1686 2428 payanus,
1718 2373 1860 2412 nullus

90 2449 135 2484 30
159 2444 371 2484 idolorum
403 2444 549 2495 cultor,
581 2444 722 2484 nullus
749 2444 925 2496 Judeus,
960 2445 1032 2485 sed
1061 2459 1134 2484 nec
1167 2445 1302 2485 locuni
1331 2444 1452 2484 illum
1484 2443 1659 2484 barbari
1680 2450 1862 2498 possunt

159 2515 368 2554 invadere.
426 2514 479 2556 Si
516 2515 684 2569 quando
727 2517 929 2556 eam-citus
969 2515 1131 2556 obvenit
1161 2515 1344 2566 hostilis,
1388 2522 1503 2555 stans
1535 2528 1662 2570 super
1687 2521 1860 2569 portam
1902 2526 1907 2529 “

162 2585 342 2625 civitatis
380 2586 578 2625 innocens
613 2586 820 2639 puerulus
864 2586 1083 2641 epistolam
1124 2586 1239 2640 lecit,
1289 2593 1328 2626 et
1363 2587 1423 2626 sic
1461 2586 1603 2625 eadem
1640 2585 1727 2636 die,
1776 2598 1861 2639 qua

163 2655 314 2710 leyitur
345 2655 535 2710 epistola>
570 2663 643 2695 aut
667 2656 898 2710 placantur
929 2656 1104 2696 barbari
1134 2663 1207 2696 aut
1224 2656 1409 2711 fuqiunt
1438 2656 1672 2710 effeminati.

283 2723 521 2777 Carissimi,
557 2727 703 2765 civitas
734 2728 817 2766 ista
849 2734 908 2766 est
938 2728 1085 2767 civitas
1116 2727 1207 2777 illa,
1242 2727 1291 2766 de
1323 2740 1408 2781 qua
1437 2727 1484 2766 in
1515 2725 1768 2780 apocalypsi
1797 2725 1861 2765 di-

93 2800 139 2835 35
165 2795 294 2835 citur:
336 2795 435 2836 Vidi
464 2797 669 2836 civitatem
694 2792 813 2848 [131]
839 2805 1026 2837 sanctam
1056 2796 1322 2837 Jherusalem
1353 2796 1659 2836 descendentem
1680 2796 1729 2835 de
1760 2795 1859 2847 celo,

167 2873 359 2905 ornatam
389 2867 496 2907 sicut
525 2881 723 2921 sponsam
755 2875 947 2907 ornatam
977 2869 1067 2907 viro
1101 2882 1186 2907 suo.
1228 2865 1383 2907 Civitas
1414 2867 1496 2906 ista
1527 2867 1782 2906 construitur
1813 2879 1862 2905 ea:

165 2936 271 2975 vivis
304 2936 517 2990 lapidibus
547 2938 574 2976 i.
611 2951 640 2976 e.
676 2938 830 2976 sanctis
864 2937 1106 2976 martiribus
1139 2946 1175 2978 et
1207 2937 1304 2976 aliis
1326 2936 1486 2976 Christo
1520 2937 1674 2976 devotis
1707 2943 1745 2976 et
1760 2935 1861 2990 pla-
