1949 3162
106 501 127 535 5

86 856 128 890 lo

87 1211 128 1245 15

84 1564 129 1599 20

85 1921 130 1955 25

948 102 1033 143 380

151 223 241 251 cum
284 209 373 263 ipse
412 208 576 263 sapiens
610 208 664 249 sit
705 221 778 262 ego
819 221 912 250 vero
955 206 1125 261 stultus,
1171 207 1260 262 ipse
1301 211 1363 249 est
1394 221 1517 249 causa
1550 208 1692 250 mortis
1725 221 1826 250 mee.

150 279 224 322 Ait
249 280 376 334 judex
410 279 607 321 ambobus
641 282 681 321 et
713 280 845 334 primo
879 278 1076 334 sapienti:
1120 278 1179 320 Tu
1213 278 1398 333 sapiens,
1440 278 1536 332 quia
1566 282 1649 320 tam
1683 278 1829 321 leviter

152 351 330 393 stulticie
362 364 434 392 sue
468 350 666 392 adhesisti
698 354 738 392 et
770 353 933 392 secutus
966 363 1008 391 es
1041 362 1148 401 eum,
1182 353 1222 391 et
1251 354 1297 391 tu
1328 348 1452 390 stulte
1486 350 1581 403 quia
1613 350 1732 392 dictis
1764 363 1829 392 sa-

152 422 301 477 pientis
335 435 416 462 non
448 421 673 474 credidisti,
707 421 777 463 sed
802 421 1011 476 propriam
1044 420 1267 462 stulticiam
1291 420 1559 475 perpetrasti3
1594 434 1664 462 vos
1687 421 1829 463 ambos

152 493 193 534 in
227 492 411 548 patibulo
444 506 717 548 suspensuros
751 492 869 533 hodie
895 491 1048 545 judico.
1097 490 1150 533 Et
1182 492 1240 533 sic
1270 491 1423 533 factum
1456 494 1529 532 est.

271 562 498 617 Carissimi,
532 564 610 605 iste
642 577 714 605 rex
749 566 811 604 est
843 563 1032 604 (lominus
1066 566 1206 604 noster
1238 562 1377 604 Ihesus
1410 561 1612 616 Christus,
1646 562 1725 604 duo
1754 562 1830 604 mi-

152 634 244 676 lites
286 635 424 676 anima
464 637 504 676 et
541 647 710 689 corpus3
754 634 892 675 anima
931 636 992 674 est
1030 633 1216 688 sapiens,
1258 646 1405 688 corpus
1446 636 1508 674 est
1546 633 1709 675 stultus.
1757 633 1831 676 Isti

153 706 232 747 duo
264 705 305 746 in
338 705 543 760 baptismo
577 708 674 746 sunt
705 704 957 746 confederati
990 704 1233 758 adinvicem,
1267 704 1374 759 quod
1397 703 1567 758 quilibet
1589 704 1831 758 sanguinem

154 776 322 818 alterius
355 776 523 818 biberet.
575 775 825 829 Sanguinem
861 775 1030 817 alterius
1062 774 1202 817 bibere
1234 779 1295 817 est
1326 775 1549 829 quemlibet
1580 789 1653 830 pro
1687 775 1766 817 alio
1789 776 1832 818 in

154 846 336 903 periculo
369 861 411 889 se
443 861 609 903 ponere,
642 850 687 888 ut
718 847 752 889 si
785 860 879 888 caro
912 859 1006 887 suas
1039 846 1272 902 voluptates
1304 847 1480 888 voluerit
1512 846 1684 900 habere,
1718 847 1831 902 prius

154 919 275 961 debet
306 918 444 960 anima
475 932 549 974 per
582 918 857 973 penitenciam
891 931 1152 972 consumere,
1186 932 1308 972 quam
1344 922 1387 961 ut
1418 931 1513 960 caro
1545 918 1619 960 tali
1650 917 1831 973 periculo

154 1004 197 1032 se
229 993 421 1044 exponat.
473 988 516 1031 Si
556 1003 650 1031 vero
691 990 829 1031 anima
869 989 977 1043 quod
1016 989 1123 1031 absit
1155 989 1341 1043 labatur,
1383 1003 1477 1031 caro
1517 988 1638 1031 debet
1678 1002 1752 1044 pro
1785 1002 1834 1031 ea

148 1061 316 1116 jejuniis
350 1063 390 1102 et
423 1060 573 1113 vigiliis
607 1060 707 1115 pati,
740 1063 780 1101 et
812 1059 887 1101 hoc
920 1064 982 1102 est
1013 1060 1254 1114 sanguinem
1291 1060 1459 1102 alterius
1492 1060 1630 1102 bibere
1653 1064 1694 1102 et
1714 1073 1833 1102 num-

156 1146 279 1186 quam
314 1131 438 1173 alium
472 1131 514 1172 in
546 1131 792 1173 necessitate
825 1131 1046 1173 dimittere.
1095 1131 1186 1173 Due
1218 1132 1282 1173 vie
1314 1145 1387 1186 per
1420 1145 1521 1186 quas
1554 1131 1725 1173 veniunt
1756 1133 1832 1172 etc.

154 1203 246 1246 Una
279 1206 342 1245 est
372 1202 618 1257 penitencia,
653 1202 734 1243 alia
765 1202 907 1243 mundi
939 1202 1083 1255 gloria.
1137 1202 1228 1245 Due
1260 1202 1462 1256 civitates,
1496 1216 1577 1244 una
1607 1202 1651 1244 in
1681 1204 1833 1255 monte,

155 1275 229 1317 hoc
262 1277 324 1317 est
355 1273 485 1316 celum
528 1287 651 1328 super
688 1272 1016 1327 firmamentum,
1059 1273 1141 1315 alia
1172 1274 1214 1315 in
1246 1274 1372 1328 valle,
1412 1274 1487 1315 hoc
1520 1277 1582 1315 est
1611 1272 1832 1315 infernum.

155 1346 221 1388 Ad
252 1346 385 1388 celum
418 1349 480 1387 est
512 1345 579 1386 via
611 1345 755 1386 stricta
787 1345 894 1387 sicut
916 1345 982 1387 via
1003 1345 1248 1400 penitencie,
1282 1349 1322 1387 et
1343 1345 1462 1400 pauci
1487 1344 1700 1387 ambulant
1721 1357 1832 1396 eam3

154 1418 195 1459 in
228 1417 309 1459 ista
341 1417 407 1458 via
439 1419 535 1457 sunt
565 1419 649 1458 tres
684 1416 849 1470 milites,
883 1416 1038 1458 scilicet
1070 1416 1271 1470 diabolus,
1305 1416 1481 1458 mundus
1514 1419 1554 1458 et
1585 1428 1694 1469 caro,
1727 1414 1835 1469 quod

155 1489 401 1544 quicumque
432 1487 609 1529 voluerit
648 1487 698 1529 ad
731 1487 862 1529 celum
895 1501 1087 1543 pergere,
1122 1487 1242 1529 debet
1273 1491 1416 1530 contra
1447 1488 1548 1529 istos
1580 1500 1764 1542 pugnare
1795 1489 1836 1528 et

155 1574 228 1615 per
259 1560 369 1601 viam
404 1558 634 1614 penitencie
667 1558 891 1600 ambulare.
940 1558 984 1600 In
1017 1559 1098 1601 ista
1119 1559 1285 1601 civitate
1315 1562 1377 1601 est
1398 1559 1564 1614 quidam
1588 1557 1834 1600 senescallus

156 1631 241 1673 3011.
267 1631 380 1685 deus,
416 1630 485 1685 qui
509 1630 647 1672 omnia
670 1630 859 1672 omnibus
884 1628 973 1684 [55]
1000 1630 1223 1672 secundum
1248 1631 1396 1672 merita
1417 1644 1491 1672 sua
1514 1629 1729 1672 affluenter
1751 1629 1835 1683 dat,

155 1703 262 1745 unde
295 1702 518 1758 propheta:
553 1701 597 1742 In
639 1715 707 1742 cor
740 1701 916 1743 hominis
957 1715 1039 1743 non
1081 1702 1266 1744 ascendit
1297 1705 1372 1743 etc.
1421 1702 1466 1743 In
1500 1702 1565 1743 via
1597 1714 1740 1743 versus
1771 1701 1834 1742 in-

154 1775 316 1817 fernum
340 1776 436 1815 sunt
457 1776 539 1814 tres
563 1772 728 1825 milites,
752 1772 909 1814 scilicet
930 1772 1124 1828 superbia
1146 1773 1241 1827 vite,
1265 1773 1602 1828 concupiscencia
1623 1771 1833 1815 oculorum

156 1850 196 1888 et
233 1844 572 1900 concupiscencia
609 1844 765 1897 carnis,
807 1848 977 1899 propter
1017 1857 1095 1898 que
1133 1844 1212 1886 tria
1251 1847 1442 1899 peccator
1477 1843 1636 1886 invenit
1671 1843 1834 1899 corpori

156 1930 228 1958 suo
262 1915 519 1958 delectabilia
550 1928 624 1970 pro
657 1918 856 1970 tempore.
905 1915 982 1957 Via
1014 1929 1155 1957 versus
1188 1915 1392 1957 infernum
1426 1919 1488 1957 est
1519 1915 1644 1971 plana
1675 1915 1726 1957 ad
1748 1928 1834 1972 am-

156 1987 402 2040 bulandum,
444 1986 514 2028 sed
555 1990 775 2039 antequam
816 1986 936 2028 homo
976 1987 1199 2042 percipiat,
1240 1986 1489 2029 senescallus
1530 1986 1686 2029 scilicet
1723 1999 1834 2028 mors

88 2104 92 2107 ,
156 2059 308 2101 emittit
351 2057 631 2112 exploratores
672 2057 827 2099 scilicet
866 2057 1150 2111 infirmitates,
1193 2071 1271 2112 que
1310 2071 1402 2099 eum
1443 2058 1630 2113 capiant,
1671 2058 1834 2112 quando

86 2279 131 2312 30

89 2749 133 2783 35

157 2131 294 2172 anima
327 2143 349 2171 a
382 2142 552 2184 corpore
585 2132 814 2184 separatur.
851 2129 1002 2170 Anima
1033 2129 1200 2171 interim
1232 2129 1273 2170 in
1306 2129 1465 2171 inferno
1497 2129 1834 2182 incarcerabitur,

156 2215 304 2257 corpus
335 2201 488 2253 ligatur
520 2204 560 2241 et
591 2200 632 2241 in
666 2199 880 2254 sepultura
912 2200 1091 2255 ponitur,
1125 2200 1259 2242 sedin
1282 2200 1347 2242 die
1363 2200 1509 2254 judicii
1530 2213 1622 2242 cum
1645 2200 1834 2242 dominus

158 2272 399 2328 apparuerit
425 2271 612 2326 judicare
644 2271 758 2312 vivos
791 2275 831 2313 et
863 2275 1061 2324 mortuos,
1094 2275 1192 2313 tunc
1223 2272 1362 2313 anima
1394 2275 1537 2314 contra
1560 2285 1708 2327 corpus
1741 2275 1782 2313 et
1813 2284 1834 2313 e

157 2357 353 2386 converso
386 2356 534 2398 corpus
567 2345 709 2383 contra
741 2343 920 2383 animam
955 2342 1167 2395 allegabit,
1201 2346 1241 2384 et
1265 2342 1395 2396 judex
1426 2342 1582 2384 scilicet
1612 2342 1711 2385 deus
1743 2355 1834 2384 sen-

157 2415 333 2457 tenciam
367 2414 499 2465 dabit3
533 2413 567 2455 si
598 2414 639 2454 in
672 2418 840 2468 peccato
873 2413 1030 2455 inventi
1051 2413 1264 2467 fuerimus,
1298 2413 1385 2456 sine
1409 2413 1530 2456 dubio
1554 2413 1605 2455 ad
1626 2413 1833 2456 infernum

158 2486 322 2540 ibimus,
355 2499 379 2527 a
411 2498 489 2539 quo
523 2498 596 2525 nos
629 2484 822 2526 defendat
853 2488 971 2540 pater
1003 2487 1042 2526 et
1073 2483 1180 2526 filius
1214 2488 1254 2527 et
1285 2485 1456 2540 spiritus
1488 2488 1666 2527 sanctus.

835 2672 936 2714 CAP.
962 2674 1029 2714 68.
1065 2674 1168 2723 (60.)

387 2749 461 2793 De
497 2763 591 2793 non
626 2747 885 2793 subticenda
921 2750 1103 2794 veritate
1139 2764 1279 2809 usque
1316 2749 1378 2794 ad
1410 2753 1606 2793 mortem.

277 2838 509 2881 Gordianus
541 2839 740 2892 regnavit,
773 2839 815 2879 in
847 2839 961 2893 cujus
993 2853 1118 2893 regno
1152 2844 1240 2882 erat
1271 2839 1435 2894 quidam
1459 2838 1577 2880 miles
1599 2851 1835 2892 generosuS,

161 2910 230 2965 qui
262 2910 475 2965 pulchram
514 2923 683 2951 uxorem
723 2909 918 2964 habebat,
960 2924 1037 2964 que
1077 2911 1151 2953 sub
1184 2911 1270 2952 viro
1303 2910 1439 2966 sepius
1473 2913 1561 2953 erat
1592 2909 1834 2952 adulterata.

252 2991 272 3025 5
299 2992 549 3036 suspensuros]
576 2997 661 3037 orz'gy.
680 3000 887 3036 suspensos.
987 2992 1027 3026 17
1054 2992 1120 3035 est]
1148 2998 1233 3037 orzy.
1252 2992 1299 3026 in.
