1929 3157
59 178 130 219 46.

58 319 127 360 47.

56 461 127 503 48.

54 602 124 645 49.

54 744 122 786 50.

52 885 123 928 51.

52 1027 122 1070 52.

50 1169 120 1211 53.

49 1523 119 1566 56.

47 1806 117 1850 58.

46 1949 116 1992 59.

46 2092 115 2135 60.

46 2235 115 2277 61.

45 2377 114 2420 62.

44 2520 114 2563 63.

43 2661 112 2704 64.

44 2802 113 2845 65.

20 2908 23 2911 ,
43 2873 112 2916 66.

873 80 950 122 171

178 177 241 220 De
274 182 451 234 tyranno
475 182 542 236 qui
568 182 694 224 tiliam
720 185 828 237 regis
852 184 1079 228 defloravit.
1130 187 1282 231 Decius
1305 191 1532 246 imperator
1554 195 1755 246 regnavit.

177 248 380 296 (Untreue
412 265 542 305 gegen
576 259 771 307 erretter3
805 270 884 298 nur
917 257 1091 311 anfang3
1125 258 1253 302 schon
1284 274 1351 303 no.
1374 262 1460 317 19.)

177 319 239 363 De
278 320 363 363 filia
402 323 532 377 regis,
575 325 754 380 quinque
793 327 996 370 militibus
1036 332 1111 371 etc.
1172 329 1362 374 Valerius
1394 333 1622 390 imperator
1654 341 1755 379 erat.

175 390 393 446 (Stricke.)
445 407 539 450 app.
568 396 633 437 16.

174 461 239 504 De
278 467 421 506 sancto
453 464 679 508 Eustachio
720 472 794 510 etc.
852 468 956 511 Erat
997 470 1162 524 quidam
1202 471 1321 515 miles
1354 473 1542 529 placidus
1574 478 1753 520 nomine.

175 532 421 585 (Placidus.)
469 535 540 578 lat.
572 541 664 578 110.

172 602 237 646 De
284 604 417 648 milite
457 611 497 649 et
536 607 744 651 militissa.
807 608 1042 653 Dorotheus
1082 611 1311 667 imperator
1349 616 1497 658 statuit
1536 631 1610 672 pro
1651 617 1752 673 lege.

173 673 320 726 (Vater
352 676 451 718 oder
482 682 638 721 mutter
670 678 840 734 folgen.)
890 680 960 723 lat.
989 682 1055 723 14.

172 743 236 787 De
267 746 389 788 adam
423 751 465 789 et
496 762 583 790 eva.
633 748 868 804 Gorgonius
901 753 1092 805 regnavit
1119 753 1161 795 in
1185 754 1353 798 civit-ate
1375 769 1560 800 romana.
1609 757 1752 813 (Vater

170 815 321 871 heilen,
354 822 510 861 mutter
540 819 689 874 nicht.)
735 821 805 864 lat.
835 823 928 864 112.

171 885 235 930 De
267 901 444 931 neaman
478 891 548 944 qui
573 895 663 933 erat
683 892 878 948 princeps
902 893 1012 936 sirie.
1060 894 1248 939 Adonias
1269 898 1460 952 regnavit
1481 899 1596 942 dives
1620 900 1751 944 valde.

170 956 399 1013 (Turnier.)
448 960 518 1004 lat.
550 963 642 1003 113.
697 961 871 1006 Falsche
902 964 1165 1008 fiberschrift.

170 1027 234 1071 De
267 1043 363 1084 rege
395 1031 467 1085 qui
499 1031 584 1074 filio
618 1047 692 1076 suo
724 1034 898 1090 pigriori
926 1038 1002 1077 etc.
1051 1035 1253 1080 Polimius
1275 1039 1318 1080 in
1340 1040 1510 1083 civitate
1532 1040 1751 1084 babilonie.

169 1098 275 1153 (Der
305 1100 490 1149 faulste.)
537 1103 608 1145 lat.
633 1105 701 1146 91.

168 1169 232 1213 De
264 1170 459 1215 basilisco
493 1178 534 1216 et
565 1175 746 1230 speculo.
796 1176 1037 1220 Alexander
1058 1179 1251 1232 regnavit
1273 1181 1342 1235 qui
1364 1181 1607 1224 dominium.
1655 1182 1752 1238 (Ba-

168 1240 322 1296 silisk.)
368 1242 440 1285 lat.
468 1245 562 1286 139.

111 1344 120 1353 .
144 1316 148 1320 '
168 1311 232 1355 De
265 1313 424 1356 ciconia
456 1315 702 1359 adulterata.
754 1317 930 1368 Quidam
963 1319 1083 1362 miles
1114 1320 1205 1363 fuit.
1255 1321 1502 1376 (Stbrchin.)
1548 1323 1619 1366 lat.
1640 1324 1707 1367 82.

50 1381 120 1425 55.

168 1382 233 1426 De
274 1385 452 1439 quodam
491 1387 681 1443 principe
711 1393 926 1444 narratur,
968 1391 1076 1446 quod
1109 1405 1200 1434 cum
1235 1394 1428 1437 omnibus
1461 1395 1618 1438 viribus
1650 1395 1749 1438 suis.

167 1453 306 1508 (Wein
340 1456 567 1511 vergiftet.)
611 1458 682 1501 lat.
707 1460 774 1502 88.

166 1524 232 1568 De
277 1527 566 1571 misericordia
612 1543 894 1573 romanorum.
958 1532 1163 1576 Narratur
1208 1535 1251 1577 in
1299 1536 1427 1589 gestis
1467 1549 1746 1580 romanorum.

166 1594 351 1652 (Kerze.)
395 1598 467 1641 lat.
493 1600 561 1642 98.

80 1665 118 1708 ’“.
166 1666 231 1710 De
270 1668 442 1712 obtentu
474 1671 758 1715 misericordie
790 1677 866 1716 etc.
921 1674 1077 1718 Narrat
1108 1676 1298 1719 eusebius
1329 1677 1373 1719 in
1405 1678 1594 1721 cronicis.
1651 1677 1748 1734 (Co-

165 1738 333 1794 riolan.)
379 1740 451 1783 lat.
481 1742 574 1783 137.

164 1808 229 1852 De
259 1810 386 1854 vidua
408 1815 448 1854 et
469 1813 703 1868 peregrino.
753 1814 939 1865 Quedam
961 1816 1113 1859 nobilis
1137 1817 1274 1860 vidua.
1322 1817 1444 1874 (Stab
1466 1821 1550 1863 und
1572 1819 1748 1877 tasche.)

164 1879 237 1923 lat.
262 1881 330 1924 25.

162 1950 228 1994 De
258 1965 355 2007 rege
386 1958 427 1996 et
458 1954 709 1998 senascalcO.
758 1956 964 2000 Narratur
986 1959 1095 2013 quod
1118 1959 1294 2014 quidam
1309 1961 1551 2017 imperator.
1600 1962 1746 2016 (Sene-

164 2022 293 2078 schal,
326 2024 414 2067 drei
446 2024 652 2080 freunde.)
698 2040 827 2080 germ.
858 2031 923 2070 11.

162 2092 226 2136 De
251 2094 410 2149 judicio
443 2096 508 2138 dei
541 2101 617 2140 etc.
665 2097 771 2140 Erat
803 2099 971 2154 quidam
1003 2101 1232 2156 imperator
1264 2103 1335 2158 qui
1366 2104 1525 2147 statuit.
1578 2102 1745 2159 (Schin-

164 2163 278 2220 den.)
322 2165 394 2208 lat.
420 2167 488 2209 29.

163 2235 211 2278 In
257 2236 324 2279 die
370 2237 607 2293 palmarum
654 2239 705 2282 de
751 2239 976 2284 honoribus
1017 2246 1094 2284 etc.
1157 2242 1333 2294 Quidam
1373 2245 1602 2302 imperator
1641 2250 1741 2289 erat.

163 2306 415 2364 (Triumph.)
462 2308 533 2351 lat.
558 2310 626 2352 30.

161 2377 226 2421 De
256 2383 391 2422 morte
423 2379 655 2422 allexandri
687 2394 779 2423 cum
813 2383 1029 2438 sepultura
1061 2385 1148 2439 ejus
1182 2399 1320 2429 aurea.
1370 2386 1647 2440 (Alexanders
1673 2388 1742 2432 be-

160 2449 362 2503 grabnis.)
408 2450 480 2493 lat.
505 2452 573 2492 31.

161 2519 225 2563 De
256 2521 404 2563 arbore
436 2526 477 2564 et
508 2522 708 2565 uxoribus
737 2525 965 2579 suspensis.
1013 2524 1156 2569 Refert
1176 2527 1369 2572 valerius.
1419 2528 1740 2584 (Hangebau'm.)

160 2590 232 2634 lat.
257 2592 326 2634 33.

159 2661 224 2705 De
266 2662 413 2716 regina
450 2667 491 2705 et
529 2663 689 2706 duobus
727 2663 836 2707 filiis.
901 2665 1074 2723 Pipinus
1114 2669 1318 2723 regnavit.
1383 2669 1616 2723 (Stiefkind
1655 2673 1740 2715 und

160 2732 353 2785 rechtes.)
399 2733 471 2776 lat.
501 2736 596 2777 116.

162 2801 226 2845 De
259 2803 407 2846 arbore
437 2805 604 2848 infecta.
655 2805 771 2849 Sicut
803 2807 863 2849 ait
892 2807 1061 2863 plinius.
1111 2810 1340 2864 (Theriak.)
1387 2825 1516 2866 germ.
1543 2813 1609 2856 17.

159 2873 224 2916 De
255 2875 450 2929 ymagine
482 2879 524 2919 et
554 2890 678 2932 pomo
708 2880 748 2920 61
775 2891 917 2932 regno.
964 2879 1106 2924 Refert
1126 2881 1380 2925 allexander.
1427 2883 1599 2938 (Virgils
1621 2884 1738 2936 bild.)

158 2957 290 2998 germ.
318 2945 382 2987 18.
