1919 3157
883 116 961 155 341

760 238 862 280 CAP.
886 238 955 279 42.
990 238 1095 287 (41.)

667 326 734 369 De
770 324 936 384 defectu
976 324 1187 368 caritati&

201 432 340 474 Refert
371 433 479 475 enim
503 432 705 476 Valerius.
740 433 844 487 quod
880 433 918 473 in
943 431 1072 473 Roma
1105 430 1207 472 vidit
1239 431 1279 471 in
1313 444 1391 471 una
1422 430 1641 485 columpna
1663 445 1762 485 qua-

86 508 179 546 tuor
210 503 383 557 litteras,
416 517 589 558 quarum
623 503 803 557 quelibet
835 508 895 545 ter
928 502 1195 553 scribebatur,
1228 506 1311 542 tres
1335 500 1364 542 P
1389 500 1417 542 Ρ
1441 501 1486 554 Ρ,
1520 507 1602 544 tres
1629 501 1656 543 S
1675 501 1702 543 S
1721 501 1762 554 S,

86 579 170 617 tres
200 574 233 616 R
256 574 290 616 R
312 574 358 628 R,
391 579 474 617 tres
508 573 537 616 F
559 573 590 616 F
615 573 658 615 F.
708 574 817 615 Visis
850 574 998 615 litteris
1032 573 1156 614 dixit:
1206 571 1308 625 Heu,
1342 572 1439 614 heu!
1483 572 1762 614 confusionem
1790 577 1810 610 5

87 645 204 688 video
236 646 405 688 civitati.
456 645 527 687 Isti
560 650 725 700 satrape
758 644 833 686 hoc
863 644 1075 686 audientes
1098 643 1310 685 dixerunt:
1343 642 1551 696 Magister,
1585 643 1648 684 dic
1671 656 1764 684 con-

85 720 249 772 ceptum
289 721 419 758 tuum.
467 717 524 757 At
560 715 647 757 ille:
697 715 807 757 Talis
846 719 907 758 est
939 714 1147 770 exposicio
1187 713 1440 756 litterarum:
1483 718 1600 768 pater
1633 714 1764 769 patrie

87 787 285 843 perditur,
319 788 529 844 sapiencia
550 800 687 829 secum
711 786 953 840 sustollitur,
987 789 1112 827 ruunt
1133 798 1260 838 regna
1281 783 1407 827 Rome
1430 784 1552 833 ferro,
1585 783 1764 838 flamma,

87 858 208 901 fame.
256 858 311 901 Et
342 859 400 901 sic
431 860 584 900 factum
618 862 691 900 est.

203 928 437 983 Carissimi,
477 928 748 985 spiritualiter
779 927 1002 982 loquendo,
1043 933 1161 982 pater
1200 927 1334 982 patrie
1373 930 1435 968 est
1475 927 1645 980 caritas,
1689 940 1765 981 que
1794 933 1836 967 10

87 1005 149 1044 est
180 1000 343 1043 dilectio
376 1001 441 1044 dei
474 1006 514 1043 et
545 1000 736 1056 proximi,
771 1013 843 1054 per
876 1012 995 1054 quam
1032 998 1203 1053 quilibet
1233 998 1353 1040 homo
1377 997 1543 1040 deberet
1566 1011 1608 1039 se
1630 998 1765 1053 ipsum

86 1085 248 1126 regere,
289 1073 384 1127 quia
425 1073 531 1114 sicut
572 1072 686 1113 scitis
720 1075 879 1127 patrem
912 1070 1029 1112 decet
1061 1069 1237 1112 filiorum
1272 1069 1503 1111 necessaria
1535 1068 1764 1123 providere.

88 1143 194 1185 Hinc
226 1148 309 1197 est,
349 1144 458 1198 quod
496 1156 592 1184 vera
625 1144 774 1184 caritas
813 1142 930 1184 nobis
976 1141 1207 1197 providebit
1247 1140 1295 1182 de
1328 1140 1488 1182 diviciis
1521 1138 1692 1180 infinitis
1725 1139 1766 1180 in

88 1215 172 1256 vita
213 1219 375 1268 eterna,
417 1214 514 1268 quia
554 1214 641 1256 sine
680 1214 851 1255 caritate
890 1211 1145 1268 impossibile
1178 1215 1240 1254 est
1272 1211 1389 1253 nobis
1423 1212 1549 1252 vitam
1582 1214 1765 1253 eternam

89 1285 286 1328 obtinere.
336 1284 416 1328 Sed
448 1285 526 1327 heu
559 1289 598 1326 et
629 1284 730 1339 prob
763 1283 898 1326 dolor!
934 1284 1022 1338 jam
1055 1287 1172 1338 pater
1205 1283 1338 1338 patrie
1371 1281 1557 1338 perditur
1588 1281 1613 1323 i.
1643 1294 1676 1323 e.
1701 1294 1767 1323 ca·
1794 1289 1837 1323 15

87 1357 189 1399 ritas
221 1357 263 1399 in
295 1361 425 1407 terra;
459 1356 527 1397 vix
561 1356 667 1398 enim
702 1354 849 1409 aliquis
883 1354 1007 1396 alium
1043 1354 1190 1408 diligit,
1225 1357 1265 1395 et
1295 1354 1383 1395 sine
1413 1352 1535 1394 dubio
1559 1352 1768 1407 sapiencia

88 1418 224 1471 secum
258 1427 500 1481 sustollitur,
534 1427 630 1482 quia
662 1426 780 1481 pauci
813 1430 921 1479 sunt,
955 1427 1022 1481 qui
1056 1426 1202 1478 sciant,
1235 1424 1411 1479 qualiter
1444 1438 1486 1466 se
1519 1423 1669 1466 habere
1699 1424 1767 1466 de-

89 1500 213 1543 beant
243 1513 340 1553 erga
372 1499 492 1541 deum
526 1502 565 1540 et
588 1498 837 1553 proximum,
871 1501 910 1539 et
932 1498 965 1539 si
989 1498 1134 1551 sciant,
1167 1496 1288 1552 pauci
1310 1499 1418 1549 sunt,
1453 1496 1522 1550 qui
1545 1499 1767 1550 operantur

88 1575 260 1627 propter
287 1571 489 1614 defectum
525 1569 744 1624 sapiencie.
799 1568 904 1619 Quid
938 1582 1033 1622 ergo
1066 1568 1251 1622 sequitur
1282 1567 1450 1623 postea?
1503 1566 1610 1609 Ecce
1642 1570 1767 1608 ruunt

88 1656 216 1697 regna
247 1641 395 1695 Rome,
428 1645 553 1683 ruunt
584 1654 711 1694 regna
742 1641 783 1682 in
816 1640 990 1682 diversis
1022 1639 1209 1695 partibus
1242 1639 1398 1692 mundi,
1429 1638 1553 1691 ferro,
1584 1637 1765 1691 flamma,
1793 1644 1837 1678 20

88 1714 219 1767 fame,
258 1711 351 1768 [36]
387 1713 484 1768 quia
514 1726 596 1754 non
635 1715 697 1754 est
735 1711 884 1753 caritas
926 1712 968 1753 in
1000 1715 1111 1753 terra
1153 1723 1228 1752 nec
1259 1710 1480 1765 sapiencia.
1530 1708 1574 1752 Si
1606 1709 1766 1752 dicatur

87 1785 298 1841 sapiencia
328 1784 530 1837 humana,
570 1788 707 1825 tamen
747 1782 930 1825 stulticia
969 1786 1031 1824 est
1070 1781 1178 1837 apud
1217 1781 1351 1823 deum.
1401 1780 1508 1831 Quot
1538 1780 1695 1823 nobiles
1727 1784 1767 1823 et

87 1869 277 1911 proceres
308 1856 416 1898 infra
448 1867 578 1910 pauca
608 1859 798 1910 tempora
828 1854 870 1895 in
902 1853 1009 1895 bello
1042 1866 1116 1908 per
1147 1852 1331 1906 gladium
1364 1852 1577 1908 perierunt
1607 1852 1671 1894 vel
1703 1853 1766 1894 in-

86 1928 301 1981 terierunt,
335 1931 374 1969 et
407 1930 538 1969 morte
569 1926 830 1981 turpissima!
879 1924 985 1975 Quot
1008 1937 1210 1980 pauperes
1232 1924 1340 1966 fame
1363 1924 1594 1980 perierunt!
1628 1927 1668 1965 et
1690 1923 1766 1965 hoc

86 2002 233 2052 totum,
266 1998 362 2053 quia
393 2011 474 2040 11011
508 2002 570 2040 est
600 2010 714 2039 amor
746 2009 820 2039 nec
852 1995 1062 2051 sapiencia
1093 1995 1135 2037 in
1157 1999 1281 2049 terra,
1314 1995 1385 2037 sed
1416 1995 1607 2049 frequens
1640 1994 1765 2036 male·
1792 2001 1836 2034 25

88 2069 212 2113 dictio
245 2074 286 2112 et
315 2069 594 2112 homicidium.
1305 2054 1309 2058 ¹

755 2297 858 2340 CAP.
881 2298 950 2339 43.
986 2297 1089 2349 (42.)

295 2385 430 2446 Quod
464 2385 666 2432 Christus
703 2385 863 2430 clausit
897 2384 1125 2443 infernum
1161 2398 1245 2429 sua
1273 2385 1490 2443 passione
1527 2389 1566 2428 et

709 2466 965 2512 voluntaria
1004 2472 1154 2511 morte.

205 2566 250 2608 In
273 2565 407 2608 medio
426 2564 554 2607 Rome
581 2565 623 2605 in
654 2563 828 2618 quodam
859 2563 947 2605 loco
971 2567 1113 2618 aperta
1144 2567 1205 2605 est
1234 2561 1359 2604 semel
1390 2566 1500 2604 terra
1524 2566 1564 2603 et
1592 2561 1767 2616 hyancia
1792 2570 1836 2604 30

89 2637 197 2679 infra
213 2640 448 2692 patuerunt.
484 2635 616 2690 Super
633 2635 709 2676 hoc
728 2634 782 2676 dii
803 2640 899 2677 sunt
914 2634 1178 2688 interrogati3
1202 2633 1525 2688 responderunt:
1549 2632 1640 2674 Non
1656 2631 1767 2674 clau-

90 2707 209 2750 detur
240 2707 314 2750 heo
345 2720 511 2760 vorago,
543 2707 622 2748 nisi
656 2706 804 2760 aliquis
838 2705 1067 2747 voluntarie
1099 2718 1141 2746 se
1172 2705 1404 2758 immergat.
1455 2703 1533 2745 Sed
1567 2715 1658 2744 cum
1692 2702 1767 2745 hoc

89 2779 244 2821 nemini
283 2777 532 2834 persuadere
570 2781 757 2833 possent,
796 2776 901 2818 dixit
933 2775 1095 2818 Marcus
1126 2775 1310 2818 Anilius:
1361 2774 1404 2817 Si
1436 2788 1508 2830 per
1541 2787 1693 2815 annum
1725 2775 1766 2815 in

90 2848 220 2892 Roma
258 2863 333 2906 pro
373 2849 493 2892 libitu
533 2862 624 2890 meo
669 2861 734 2890 me
774 2848 911 2889 vivere
950 2847 1106 2901 sinitis,
1147 2861 1253 2889 anno
1300 2846 1438 2900 elapso
1471 2845 1696 2899 gaudenter
1728 2849 1767 2887 et

91 2919 319 2963 voluntarie
351 2933 417 2962 me
447 2921 704 2973 immergam.
754 2917 928 2960 Romani
959 2919 1036 2960 hoc
1068 2918 1280 2960 audientes
1307 2917 1438 2971 gavisi
1460 2920 1568 2969 sunt,
1600 2929 1766 2958 concor·
1791 2927 1836 2961 35

41 3011 44 3014 *
91 2990 197 3034 diter
235 2995 532 3034 consenserunt
570 2994 611 3033 et
648 2989 773 3032 nichil
812 2989 889 3032 sibi
928 2989 1173 3031 clauserunt.
1222 2988 1299 3038 Qui
1337 2988 1458 3030 rebus
1500 2991 1541 3029 et
1570 2987 1766 3030 uxoribus
