1919 3157
834 70 916 110 447

40 173 259 228 nesciebat,
291 174 363 217 sed
393 187 554 217 merens
586 187 632 216 ac
663 173 828 229 plorans
860 173 965 226 ibat,
996 174 1153 217 dicens:
1187 175 1276 218 Heu
1308 176 1452 229 miehi,
1486 176 1580 230 quia
1612 180 1705 218 ante

40 248 87 287 ut
116 244 237 287 arbor
268 245 484 301 pollebam,
517 244 587 287 sed
619 245 738 286 modo
770 245 932 300 penitus
965 245 1140 287 nudatus
1173 247 1281 288 sum!
1321 246 1409 288 Heu
1440 246 1576 298 michi,
1611 246 1705 300 quia

41 315 302 358 multitudine
333 315 508 358 militum
547 315 789 357 circumdari
832 314 1032 368 solebam,
1075 316 1144 358 sed
1184 316 1303 358 modo
1344 317 1452 358 solus
1491 330 1705 359 remanens

40 399 116 429 nec
145 385 249 429 filios
281 399 370 428 sum
393 399 608 428 concessus
640 386 807 428 habere!
842 386 1060 439 Memento,
1093 387 1269 439 domine,
1303 388 1494 441 quoniam
1517 392 1560 429 tu
1583 387 1705 429 michi

41 457 201 511 dixisti,
240 457 336 512 quia
374 461 535 512 oportet
575 470 638 498 me
669 457 884 512 temptari,
924 457 1029 498 sicut
1058 456 1157 509 J0b3
1199 470 1310 510 ecce,
1350 457 1441 512 plus
1474 472 1593 512 quam
1627 457 1704 500 Job

40 527 195 582 aliquid
216 528 258 570 in
280 541 346 570 me
367 527 454 570 fieri
486 527 617 579 vides3
650 527 717 569 ille
740 528 862 580 enim,
895 528 970 569 etsi
994 528 1182 569 omnibus
1204 528 1380 569 nudatus
1402 528 1537 582 fuerit,
1568 533 1705 570 tamen

39 602 195 642 stercus
235 597 397 652 habuit,
437 612 559 653 super
599 611 676 651 quo
708 598 849 640 sedere
887 599 1043 652 potuit余
1082 598 1206 639 michi
1239 602 1372 641 autem
1406 599 1529 640 nichil
1563 599 1705 640 horum

39 669 256 721 remansit3
296 668 365 711 ille
404 670 556 711 amicos
597 668 672 710 sibi
712 668 1012 723 compacientes
1052 668 1211 719 habuit余
1253 682 1326 722 ego
1365 670 1473 711 feras
1512 669 1633 711 habui
1664 670 1706 711 in

40 739 212 793 amicos,
252 739 322 795 qui
360 738 464 781 filios
498 753 607 781 meos
640 743 884 794 rapuerunt3
924 739 984 780 illi
1022 753 1125 781 uxor
1166 743 1229 781 est
1258 739 1420 793 relicta,
1461 753 1484 781 a
1515 754 1580 782 me
1613 753 1706 782 vero

40 810 189 854 ablata.
236 809 302 852 Da
332 810 528 864 requiem,
561 810 737 863 domine,
769 810 1107 852 tribulacionibus
1138 811 1240 852 meis
1272 815 1312 852 et
1343 824 1448 866 pone
1479 811 1706 853 custodiam

39 881 101 924 ori
132 895 236 935 meo,
267 894 318 924 ne
349 881 527 924 declinet
557 894 625 923 cor
647 894 781 923 meum
813 881 855 922 in
878 881 1002 923 verba
1033 880 1194 923 malicie
1226 885 1266 923 et
1294 882 1432 936 ejiciar
1455 895 1478 923 a
1497 882 1600 924 facie
1622 886 1704 924 tua.

42 949 132 1007 [91]
167 951 257 995 Hiis
278 952 399 994 dictis
430 965 520 995 cum
543 951 724 994 lacrimis
757 952 807 993 ad
830 953 1033 1006 quendam
1062 953 1195 995 vicum
1220 953 1321 995 abiit
1343 957 1382 994 et
1403 952 1497 994 data
1520 952 1707 995 mercede

39 1022 117 1066 sibi
157 1036 283 1077 agnos
320 1023 484 1065 illorum
523 1023 734 1064 hominum
773 1036 846 1078 per
884 1037 1011 1066 annos
1051 1024 1282 1078 quindecim
1325 1023 1557 1065 custodivit.
1612 1022 1707 1065 Filii

39 1097 175 1137 autem
207 1094 294 1149 ejus
324 1094 367 1136 in
399 1094 526 1136 altero
559 1094 646 1135 vico
679 1097 774 1136 sunt
804 1094 984 1148 educati,
1025 1107 1100 1136 nec
1137 1108 1179 1136 se
1210 1094 1357 1136 fratres
1391 1108 1479 1136 esse
1511 1094 1704 1136 sciebant.

38 1163 240 1208 Dominus
277 1168 414 1208 autem
452 1165 568 1207 navis
610 1178 777 1206 uxorem
818 1165 1031 1207 Eustachii
1070 1166 1347 1218 conservavit,
1394 1178 1469 1207 nec
1509 1179 1598 1207 eam
1637 1164 1707 1207 ille

39 1234 269 1290 alienigena
298 1236 502 1290 cognovit,
534 1235 604 1278 sed
636 1235 778 1290 pocius
810 1249 898 1278 eam
931 1236 1128 1278 intactam
1161 1236 1371 1278 dimittens
1403 1237 1528 1278 vitam
1560 1235 1704 1278 finivit.

38 1305 265 1363 Imperator
297 1311 433 1349 autem
465 1311 506 1349 et
536 1306 710 1362 populus
742 1320 935 1348 romanus
967 1307 1189 1362 plurimum
1223 1307 1272 1349 ab
1299 1307 1484 1349 hostibus
1516 1306 1708 1348 molesta-

39 1376 173 1431 batur,
206 1382 246 1420 et
274 1377 511 1420 recordatus
543 1376 717 1430 Placidi,
750 1391 871 1432 quam
904 1382 1069 1420 strenue
1099 1382 1241 1420 contra
1273 1391 1340 1420 eos
1373 1378 1627 1431 dimicasset,
1659 1377 1708 1419 de

39 1449 126 1503 ejus
165 1449 302 1492 subita
338 1449 571 1490 mutacione
601 1448 755 1503 pluries
793 1448 1057 1500 tristabatur3
1098 1449 1328 1503 direxitque
1369 1449 1518 1491 multos
1557 1448 1708 1490 milites

39 1532 114 1575 per
144 1519 327 1562 diversas
360 1519 499 1561 mundi
532 1523 690 1574 partes,
727 1520 972 1574 promittens
1004 1520 1205 1573 omnibus,
1239 1520 1307 1574 qui
1339 1533 1430 1562 eum
1462 1519 1707 1572 invenirent,

39 1589 190 1633 multas
212 1590 381 1632 divicias
404 1594 445 1632 et
474 1589 661 1632 honores.
709 1589 881 1640 Quidam
914 1594 1051 1633 autem
1073 1604 1121 1633 ex
1144 1590 1358 1644 militibus,
1392 1590 1461 1644 qui
1490 1589 1707 1644 aliquando

40 1659 207 1704 Placido
239 1661 595 1710 ministraverant,
638 1660 690 1702 ad
719 1661 853 1716 ipsum
886 1662 1042 1715 vicum,
1079 1662 1121 1703 in
1153 1675 1231 1716 quo
1263 1661 1455 1715 degebat,
1497 1664 1708 1724 venerunt,

40 1745 140 1788 quos
170 1731 361 1774 Placidus
393 1732 442 1774 de
465 1745 561 1784 agro
587 1732 754 1774 veniens
787 1736 827 1774 et
857 1732 1133 1786 considerans,
1167 1746 1235 1775 eos
1267 1746 1317 1774 ex
1339 1733 1499 1774 incessu
1522 1733 1708 1787 protinus

38 1803 277 1857 recognovit
297 1806 338 1846 et
358 1803 663 1856 ingemiscendo
684 1803 916 1858 perturbari
938 1804 1060 1859 cepit,
1092 1804 1276 1857 cogitans
1299 1804 1554 1857 dignitatem,
1585 1815 1706 1856 quam

40 1873 136 1917 olim
168 1873 324 1928 habuit,
355 1878 396 1916 et
426 1874 466 1916 in
490 1874 611 1916 corde
634 1887 706 1915 suo
739 1874 863 1916 dixit:
895 1874 1086 1927 Domine,
1118 1875 1224 1917 sicut
1250 1875 1364 1928 istos,
1398 1874 1467 1928 qui
1489 1873 1706 1927 aliquando

39 1958 198 1987 mecum
229 1944 408 1999 fuerunt,
440 1949 578 2000 preter
599 1958 713 2000 spem
745 1957 853 1987 nunc
885 1944 981 1997 vidi,
1014 1945 1078 1997 da,
1112 1950 1157 1987 ut
1178 1946 1389 2000 conjugem
1413 1958 1546 1987 meam
1569 1944 1707 1986 videre

40 2029 228 2072 possum,
266 2029 362 2058 nam
394 2015 444 2058 de
473 2014 568 2057 filiis
600 2016 702 2069 scio,
743 2015 850 2070 quod
888 2029 912 2058 a
941 2016 1038 2058 feris
1070 2017 1240 2059 comesti
1278 2020 1383 2058 sunt.
1438 2015 1561 2058 Venit
1599 2015 1706 2057 enim

41 2087 92 2130 ad
123 2100 215 2130 eum
246 2099 340 2140 vox,
372 2085 529 2128 dicens:
567 2085 747 2140 Confide,
778 2086 995 2141 Eustachi,
1029 2088 1124 2141 quia
1155 2088 1235 2130 cito
1267 2087 1461 2129 honorem
1494 2090 1610 2128 tuum
1641 2099 1706 2128 re-

40 2158 252 2214 cuperabis
284 2161 325 2200 et
353 2156 459 2198 filios
481 2161 521 2199 et
543 2170 710 2200 uxorem
742 2158 927 2213 recipies
981 2157 1084 2200 Cum
1113 2158 1238 2212 igitur
1267 2157 1465 2200 militibus
1487 2157 1705 2210 obviasset,

39 2228 120 2285 ipsi
151 2242 242 2271 eum
275 2227 443 2269 minime
475 2233 762 2281 cognoverunt.
816 2228 999 2284 Cumque
1031 2242 1124 2271 eum
1157 2229 1424 2282 salutassent,
1457 2228 1704 2283 quesierunt,

40 2299 75 2342 si
107 2299 284 2354 aliquem
315 2298 591 2354 peregrinum,
623 2299 788 2342 nomine
817 2299 1044 2353 Placidum,
1076 2313 1166 2342 cum
1199 2313 1326 2342 uxore
1357 2303 1398 2342 et
1428 2312 1520 2341 cum
1549 2298 1706 2341 duobus

40 2369 135 2413 filiis
165 2369 452 2424 cognosceret?
484 2368 555 2412 Ille
579 2373 712 2412 autem
736 2384 779 2413 se
802 2371 958 2412 nescire
979 2370 1188 2425 professus
1220 2375 1301 2423 est,
1334 2370 1385 2412 ad
1406 2383 1546 2425 preces
1568 2373 1704 2410 tamen

41 2441 127 2495 ejus
157 2441 200 2483 in
220 2441 449 2496 hospicium
481 2440 747 2494 diverterunt,
781 2446 821 2483 et
849 2440 1094 2483 Eustachius
1117 2442 1174 2483 eis
1205 2442 1422 2495 serviebat,
1455 2443 1495 2482 et
1522 2439 1705 2482 recolens

40 2512 261 2567 pristinum
283 2514 435 2553 statum
458 2524 574 2553 suum
597 2511 787 2554 lacrimas
809 2513 1018 2555 continere
1038 2525 1119 2554 non
1144 2515 1326 2567 poterat余
1360 2524 1546 2565 egressus
1569 2514 1704 2552 autem

39 2580 150 2624 foras
186 2581 332 2624 faciem
372 2595 488 2624 suam
525 2581 646 2635 lavit,
686 2586 726 2624 et
760 2583 909 2625 iterum
949 2583 1110 2625 rediens
1142 2583 1200 2624 eis
1239 2582 1453 2624 serviebat.
1510 2581 1574 2623 Illi
1609 2594 1704 2623 vero

41 2651 345 2695 considerantes
368 2652 594 2695 adinvicem
617 2652 826 2695 dixerunt:
858 2652 974 2703 Quod
996 2653 1141 2695 similis
1163 2657 1226 2696 est
1245 2653 1310 2694 hic
1331 2653 1451 2694 homo
1479 2651 1552 2705 illi,
1586 2665 1706 2706 quem

42 2722 263 2777 querimus.
303 2722 358 2766 Et
386 2723 638 2779 respondens
670 2723 773 2765 alter
803 2723 927 2765 dixit:
959 2723 1090 2766 Valde
1110 2723 1257 2766 similis
1288 2727 1369 2775 est余
1403 2721 1705 2765 consideremus

41 2791 180 2847 igitur,
211 2793 247 2834 si
278 2792 400 2836 habet
430 2794 590 2848 signum
622 2793 824 2836 cicatricis
854 2794 896 2836 in
918 2794 1066 2849 capite,
1099 2794 1206 2848 quod
1237 2794 1316 2836 sibi
1346 2795 1388 2836 in
1410 2792 1515 2835 bello
1544 2792 1704 2834 accidit.

41 2860 97 2905 Et
125 2863 391 2919 respicientes
422 2868 463 2907 et
493 2865 654 2919 signum
683 2864 865 2906 videntes
886 2865 1021 2920 ipsum
1054 2878 1156 2919 esse,
1188 2878 1307 2920 quem
1340 2864 1578 2919 querebant,
1612 2877 1705 2919 pro

135 2943 158 2978 5
181 2943 248 2988 me]
275 2949 360 2991 oriq.
375 2946 424 2979 te.
519 2945 540 2979 6
564 2943 741 2989 omnibus]
769 2951 853 2992 orry.
871 2944 1009 2980 oivbus.
1105 2946 1148 2980 27
1175 2945 1282 2990 quod]
1309 2951 1395 2992 oriy.
1412 2954 1530 2990 quam.

1734 817 1777 851 10

1734 1170 1777 1204 15

1733 1524 1777 1558 20

1732 1879 1776 1914 25

1730 2232 1776 2267 30

1730 2589 1776 2624 35
