1919 3157
854 62 937 102 389

59 181 147 209 sors
180 167 303 220 cadit,
337 169 422 221 ejus
456 167 593 209 oculos
627 182 817 210 eruamus
858 173 895 208 et
942 172 1037 208 tunc
1071 166 1136 208 ille
1171 167 1220 207 ad
1256 167 1457 221 palacium
1494 169 1645 223 poterit
1677 184 1742 209 ac-

61 238 205 280 cedere
246 244 286 280 et
326 244 485 280 centum
530 239 681 280 solidos
723 239 906 281 obtinere
946 243 985 280 et
1027 252 1098 279 nos
1132 251 1273 279 omnes
1307 240 1526 292 aequitare.
1572 240 1630 280 At
1661 239 1739 280 illi:

57 308 267 364 Optimum
301 315 363 352 est
394 309 622 351 consilium.
676 311 782 351 luter
815 324 856 351 se
890 310 1090 350 miserunt
1123 313 1289 356 sortem,
1323 315 1362 350 et
1385 324 1508 363 super
1532 310 1646 351 illum
1674 311 1740 364 qui

58 380 274 423 consilium
316 380 484 422 dederat
523 381 680 422 cecidit.
731 381 879 423 Statim
923 380 1172 422 excecabant
1206 393 1296 421 eum
1339 385 1378 421 et
1411 381 1616 422 duxerunt
1649 395 1738 422 eum

59 451 108 492 ad
142 450 345 506 palacium
381 456 420 493 et
452 451 644 506 pulsabat
676 452 724 493 ad
753 454 936 506 januam.
985 450 1149 492 Janitor
1181 464 1346 492 causam
1371 451 1741 507 pulsaci011isque-

57 522 172 573 sivit;
217 527 261 564 at
292 522 374 564 illi:
406 522 512 564 Ecce
546 528 607 564 est
641 537 743 564 unus
776 537 913 574 cecus,
955 523 1023 576 qui
1057 521 1297 563 beneficium
1332 521 1432 574 legis
1467 520 1590 576 [ouh]
1625 524 1739 578 petit.

57 593 131 634 Ait
155 593 334 647 janitor:
384 592 618 635 Senescallo
658 594 733 635 boc
771 594 916 636 dicam.
966 593 1154 634 Accessit
1193 592 1246 634 ad
1278 592 1547 634 senescallum
1591 598 1631 635 et
1664 594 1740 635 ait:

58 663 150 706 Stat
195 677 299 705 unus
351 677 470 706 cecus
511 665 562 706 ad
611 670 794 720 portam,
842 666 910 720 qui
962 663 1203 707 beneficium
1245 663 1348 716 legis
1387 664 1504 718 petit.
1559 665 1613 705 At
1651 664 1740 706 ille:

58 734 214 776 Vadam
249 735 299 776 ad
332 749 422 777 eum
457 742 497 777 et
529 749 619 777 eurn
656 736 812 777 videbo.
862 736 962 777 Cum
998 739 1132 776 autem
1167 747 1305 776 cecum
1341 735 1523 787 vidisset,
1557 748 1648 776 eum
1681 735 1742 776 in-

58 806 156 848 time
188 808 390 862 respexit:
424 821 544 862 quem
578 820 667 848 cum
701 807 1014 852 considerasset,
1048 807 1106 848 ait
1127 807 1183 848 ei:
1218 806 1454 859 Carissime,
1488 806 1586 860 quid
1608 806 1742 861 petis?

57 877 113 919 Et
144 875 233 920 ille:
282 877 455 919 Centum
491 878 644 919 solidos
678 878 903 919 secundum
939 878 1083 931 legem.
1132 877 1209 927 Qui
1243 878 1319 918 ait:
1362 878 1497 919 Amen
1531 877 1620 919 dico
1652 877 1741 930 tibi,

59 948 252 990 hesterna
284 949 349 990 die
383 949 466 990 vidi
500 953 539 990 te
573 950 614 990 in
647 949 818 990 taberna
850 954 890 991 et
921 949 1022 991 duos
1056 948 1193 990 oculos
1223 949 1323 990 satis
1346 948 1478 990 claros
1502 948 1740 1000 habentem3

58 1023 102 1061 tu
136 1019 242 1062 male
274 1019 405 1074 legem
440 1020 648 1074 intelligis.
697 1019 782 1062 Lex
816 1025 877 1062 est
910 1020 1020 1062 edita
1052 1020 1158 1074 quod
1193 1021 1425 1074 quicunque
1456 1019 1580 1061 fuerit
1609 1033 1658 1061 ex
1681 1020 1742 1061 in-

57 1089 252 1133 firmitate
285 1091 348 1133 vel
388 1105 436 1133 ex
470 1105 566 1133 casu
608 1091 743 1145 aliquo
776 1105 914 1143 cecus,
954 1096 1098 1133 contra
1130 1105 1250 1146 quem
1284 1104 1424 1133 casum
1466 1104 1546 1132 non
1580 1095 1744 1145 poterat

59 1175 102 1204 se
134 1162 375 1215 defendere,
409 1163 504 1204 talis
538 1162 778 1205 beneficium
812 1163 913 1216 legis
947 1162 1169 1214 obtinebit;
1213 1162 1284 1204 sed
1315 1166 1358 1203 tu
1393 1161 1621 1204 voluntarie
1655 1160 1742 1216 [de-

60 1231 215 1287 levisti]
248 1233 386 1276 oculos
420 1239 524 1286 tuos,
559 1235 598 1275 in
633 1234 804 1276 taberna
837 1234 976 1276 bibisti
1010 1238 1050 1276 et
1073 1233 1290 1275 consilium
1314 1233 1477 1286 dedisti,
1511 1237 1557 1275 ut
1577 1237 1742 1275 cecatus

59 1318 183 1358 esses²
218 1319 341 1359 quere
374 1319 470 1359 ergo
504 1305 653 1347 ibidem
689 1305 900 1357 solacium,
935 1305 1031 1359 quia.
1053 1305 1118 1347 hic
1140 1305 1297 1346 nullum
1322 1304 1488 1346 obulum
1524 1304 1740 1347 obtinebis.

59 1375 129 1418 llle
162 1390 257 1419 vero
290 1377 365 1418 hoc
397 1377 568 1418 audiens
601 1390 692 1418 cum
726 1377 963 1418 confusione
996 1377 1177 1418 recessit.

176 1449 464 1490 Moralizacio.
514 1448 751 1499 Carissimi7
793 1447 886 1489 talis
920 1452 981 1490 est
1012 1448 1077 1490 lex
1111 1448 1190 1502 dei,
1224 1448 1330 1502 quod
1364 1448 1596 1502 quicunque
1626 1448 1742 1501 igno-

59 1523 199 1561 ranter
231 1524 302 1561 aut
334 1533 382 1562 ex
406 1519 647 1561 infirmitate
671 1520 914 1574 peccaverit,
949 1523 1019 1560 aut
1039 1520 1317 1575 temptacione
1340 1518 1556 1572 diabolica,
1589 1519 1624 1560 si
1647 1532 1742 1561 con-

58 1591 181 1632 tritus
221 1595 262 1633 et
299 1590 510 1632 confessus
550 1591 694 1636 fuerit:
729 1591 851 1644 juxta
887 1590 1007 1632 illud:
1056 1590 1099 1632 In
1140 1604 1382 1645 quacunque
1420 1590 1521 1632 hora
1554 1594 1742 1645 peccator

59 1666 150 1714 etc„
190 1661 290 1704 deus
330 1661 407 1704 sibi
448 1662 641 1704 remittet.
695 1661 875 1712 Quilibet
916 1666 1107 1717 peccator
1146 1662 1188 1703 in
1228 1667 1426 1716 quantum
1458 1666 1649 1717 peccator
1680 1667 1743 1704 est

59 1745 190 1775 cecus.
240 1732 283 1775 Si
314 1747 408 1775 vero
433 1733 581 1787 aliquis
604 1747 653 1775 ex
687 1747 788 1787 pura
810 1733 975 1774 malicia
996 1733 1084 1774 sine
1106 1746 1229 1774 causa
1253 1734 1497 1788 peccaverit,
1530 1738 1571 1777 et
1599 1738 1743 1790 postea

59 1803 393 1859 desperacionem
425 1805 615 1846 inciderit
646 1804 714 1845 vix
748 1808 819 1846 aut
848 1817 1073 1858 numquam
1106 1804 1143 1846 ei
1164 1804 1410 1846 remittetur.
1465 1804 1740 1848 Tabernarius

59 1879 121 1916 est
152 1875 338 1918 diabolus
371 1876 441 1930 qui
473 1889 614 1917 omnes
645 1875 748 1917 tales
781 1875 832 1917 ad
864 1875 1077 1917 tabernam
1110 1875 1353 1917 infernalem
1394 1876 1542 1931 recipit
1580 1876 1649 1931 qui
1682 1877 1741 1919 sic

58 1946 324 2000 descendunt,
357 1951 397 1989 et
427 1947 517 1989 ideo
551 1947 789 1988 studeamus
820 1952 895 1989 etc..

741 2176 843 2219 CAP.
863 2178 930 2219 74.
951 2178 1054 2228 (66.)

477 2264 551 2309 De
593 2266 902 2324 prospectione
939 2269 980 2308 et
1005 2265 1314 2324 providencia.

175 2371 280 2414 Erat
318 2371 485 2426 quidam
526 2385 612 2426 rex,
646 2372 715 2427 qui
745 2372 873 2414 filium
907 2376 1068 2414 tantum
1100 2372 1263 2414 unicum
1298 2372 1488 2425 habebat,
1528 2386 1646 2427 quem
1680 2376 1739 2414 te-

59 2444 238 2486 nerrime
278 2443 434 2486 dilexit.
498 2442 583 2485 Rex
626 2443 703 2485 iste
740 2457 866 2485 unum
906 2457 1073 2498 pomum
1109 2457 1275 2485 aureum
1308 2443 1398 2486 fieri
1428 2444 1525 2486 fecit
1555 2444 1594 2484 in
1630 2457 1739 2485 sum-

60 2515 198 2570 ptibus
239 2515 419 2568 magnis;
459 2528 581 2570 pomo
622 2514 822 2556 fabricato
863 2528 937 2556 rex
975 2527 1102 2568 usque
1142 2514 1193 2556 ad
1231 2519 1404 2557 mortem
1437 2514 1737 2566 infirmabatur,

58 2587 221 2628 vocavit
249 2585 379 2628 filium
412 2599 530 2627 suum
565 2589 604 2627 et
636 2586 711 2628 ait:
746 2585 983 2639 Carissime,
1015 2599 1095 2626 non
1130 2590 1271 2641 potero
1304 2586 1353 2628 de
1385 2586 1464 2628 ista
1500 2585 1739 2628 infirmitate

61 2658 248 2711 evadere,
288 2656 362 2699 sub
396 2657 678 2699 benedictione
709 2671 800 2699 mea
834 2661 926 2712 post
956 2670 1090 2698 meum
1126 2656 1337 2698 decessum
1372 2657 1474 2698 vade
1508 2671 1579 2711 per
1611 2670 1739 2709 regna

60 2733 101 2771 et
138 2733 274 2771 castra
313 2732 353 2770 et
392 2742 557 2784 pomum
601 2741 766 2770 aureum
811 2728 916 2783 quod
957 2728 1034 2769 feci
1066 2727 1163 2769 tolle
1194 2733 1343 2780 tecum,
1382 2733 1422 2770 et
1454 2741 1572 2781 quem
1606 2727 1738 2781 magis

1770 816 1812 848 10

1770 1171 1812 1204 15

1768 1527 1813 1560 20

1766 1883 1810 1916 25

1764 2452 1809 2487 30

61 2800 231 2843 stultum
272 2800 498 2853 inveneris,
545 2813 710 2854 pomum
760 2801 868 2842 istud
909 2814 957 2841 ex
1000 2803 1117 2854 parte
1155 2813 1247 2842 mea
1287 2799 1415 2842 dabis.
1474 2798 1602 2840 Filius
1642 2812 1737 2840 vero
1763 2807 1808 2840 35

61 2869 237 2914 fideliter
277 2871 503 2926 adimplere
543 2870 755 2926 promisit,
806 2884 877 2913 rex
926 2884 1022 2912 vero
1065 2871 1249 2913 vertebat
1287 2884 1329 2912 se
1369 2870 1419 2911 ad
1460 2869 1658 2924 parietem
1698 2874 1739 2912 et

153 2954 197 2987 33
224 2952 346 2996 regna]
374 2958 458 2998 oriy.
476 2962 638 2996 regnum.
735 2952 779 2985 34
805 2951 924 2996 quem]
951 2957 1036 2998 oriy.
1055 2951 1161 2995 quod.
