1929 3162
979 53 1065 93 314

181 171 273 200 cum
313 157 563 213 pertransito
602 156 771 200 flumine
810 158 993 200 stetisset
1029 171 1080 199 ex
1118 158 1199 200 alia
1229 162 1367 212 parte,
1407 171 1502 200 mox
1534 159 1610 201 ait:
1648 159 1726 201 Hic
1756 172 1857 215 pace

181 230 394 281 temerata,
429 228 525 282 quia
550 228 648 281 jura
677 228 878 282 relinquo.
925 228 982 270 Et
1013 229 1063 271 ab
1094 228 1164 270 illo
1197 229 1262 271 die
1291 242 1373 271 non
1395 230 1584 284 cessavit,
1616 229 1856 286 Pompejum

182 299 386 354 persequi,
420 302 472 352 et,
505 299 548 340 in
581 302 779 352 quantum
811 299 960 354 potuit,
993 299 1217 341 destruere.

300 367 622 423 [illm-alicacia]
679 369 917 424 Carissimi,
958 383 1031 425 per
1068 371 1192 412 istum
1230 383 1368 412 senem
1399 369 1639 425 Pompejum
1671 371 1856 426 intelligo

134 446 155 480 5
181 440 301 483 deum
334 444 561 483 creatorem
595 442 792 494 omnium,
827 441 896 495 qui
929 454 1091 497 semper
1122 441 1201 483 fuit
1232 441 1281 483 ab
1313 441 1434 482 inicio
1466 445 1507 483 et
1538 442 1616 484 erit
1646 443 1734 485 sine
1761 442 1854 486 fine.

180 511 259 552 Per
280 510 473 553 Cesarem
495 511 679 566 intelligo
702 512 852 565 Adam,
886 512 954 566 qui
975 512 1054 554 fuit
1075 512 1267 567 princeps
1290 513 1473 553 omnium
1494 513 1721 567 hominum,
1743 514 1856 568 cujus

179 581 306 623 filiam
347 582 374 623 i.
399 595 432 624 e.
464 583 643 625 animam
678 583 777 625 deus
809 582 1076 637 desponsavit
1107 583 1149 624 in
1181 583 1280 637 fide,
1319 583 1423 625 Osee
1451 597 1501 625 11:
1546 582 1634 638 [22]
1668 583 1856 640 Despon-

181 652 278 694 sabo
311 656 351 695 te
382 653 508 695 michi
539 654 582 695 in
613 653 704 695 fide.
754 653 865 695 Deus
896 653 1022 707 igitur
1054 654 1194 696 volens
1226 654 1401 709 probare
1426 655 1575 708 Adam,
1606 655 1744 710 posuit
1764 669 1856 697 eum

179 724 221 765 in
255 724 515 779 paradisum,
548 728 593 766 ut
624 728 864 780 operaretur
897 728 937 766 et
968 725 1194 768 custodiret
1223 725 1338 768 illud.
1386 725 1462 776 Qui
1494 726 1634 768 statim
1667 726 1716 768 de
1747 729 1857 768 statu

111 799 155 833 10
181 808 254 837 suo
288 795 544 850 superbiens,
577 795 717 837 volens
750 809 821 838 sue
852 796 973 837 uxori
1004 797 1168 851 placere
1200 801 1240 839 et
1271 797 1432 839 diabolo
1463 797 1734 852 acquiescere,
1766 797 1856 839 uni-

181 879 271 907 cum
306 870 567 922 preceptum,
608 867 715 922 quod
747 867 846 909 deus
878 867 915 908 ei
948 867 1138 922 dederat,
1178 868 1378 921 violabat;
1419 871 1588 924 propter
1619 868 1727 923 quod
1757 867 1857 910 deus

182 951 273 979 eum
316 937 476 992 expulit
513 951 596 979 non
635 938 765 980 solum
807 939 857 980 de
895 939 1089 994 paradiso
1128 939 1199 981 sed
1238 939 1366 981 eciam
1399 939 1449 981 de
1480 939 1667 995 imperio.
1721 939 1856 981 Adam

179 1011 320 1050 tamen
353 1021 523 1063 sperans
556 1023 598 1051 se
630 1023 750 1064 posse
782 1023 1046 1065 recuperare,
1085 1010 1192 1064 quod
1222 1010 1479 1066 perdiderat,
1512 1010 1562 1052 ad
1593 1010 1670 1052 hoc
1700 1013 1856 1066 postea,

180 1080 222 1120 in
256 1083 454 1133 quantum
486 1081 640 1135 potuit,
680 1080 917 1131 laborabat,
960 1081 1031 1123 sed
1062 1095 1157 1124 vere
1190 1082 1391 1135 attingere
1422 1095 1504 1123 non
1534 1081 1698 1123 valebat
1727 1094 1857 1136 usque

112 1157 154 1191 15
182 1150 233 1192 ad
265 1151 486 1193 adventum
521 1152 676 1193 domini
709 1152 840 1193 nostri
873 1152 991 1194 lhesu
1022 1152 1195 1207 Christi,
1229 1153 1421 1206 imaginis
1452 1152 1597 1205 nostri,
1630 1151 1696 1207 qui
1731 1165 1857 1207 appa-

179 1222 263 1263 ruit
301 1222 536 1277 baptizatus
578 1223 620 1264 in
663 1223 778 1277 aquis
810 1222 1017 1265 JordaniS.
1075 1224 1276 1266 Dominus
1311 1237 1404 1266 vero
1437 1227 1477 1266 et
1508 1223 1688 1265 salvator
1718 1226 1857 1265 noster

181 1293 287 1334 dixit
318 1293 507 1335 omnibus
530 1293 647 1335 nobis
671 1294 721 1335 ad
744 1294 876 1336 celum
899 1294 1066 1337 tendere
1089 1295 1332 1349 volentibus,
1365 1295 1565 1337 Johannis
1586 1294 1734 1336 tercio:
1767 1293 1858 1336 Nisi

181 1365 272 1418 quis
310 1368 478 1407 renatus
510 1365 635 1406 fuerit
667 1379 716 1407 ex
750 1379 857 1420 aqua
890 1369 930 1407 et
961 1366 1109 1421 spiritu
1141 1370 1282 1409 sancto
1315 1369 1389 1408 etc.
1445 1365 1565 1407 Multi
1597 1368 1734 1408 autem
1766 1377 1858 1407 cum

182 1436 350 1478 veniunt
391 1436 441 1477 ad
480 1435 586 1478 hanc
627 1450 796 1491 aquam,
838 1437 1086 1492 promittunt
1124 1451 1261 1480 coram
1293 1437 1487 1490 testibus,
1527 1437 1602 1478 deo
1634 1436 1788 1479 servire
1819 1440 1860 1478 et

110 1514 154 1548 20
180 1511 350 1562 peccata
381 1507 525 1560 vitare,
558 1508 734 1549 viriliter
765 1512 910 1550 contra
941 1508 1148 1551 diabolum
1182 1522 1376 1564 pugnare.
1427 1507 1507 1550 Sed
1537 1507 1630 1562 heu,
1662 1508 1764 1563 proh
1787 1508 1858 1550 do-

179 1577 255 1631 lor,
289 1582 329 1620 et
361 1578 485 1620 timeo
519 1582 559 1620 et
590 1579 818 1621 timendum
853 1584 915 1621 est
947 1580 996 1622 de
1017 1580 1171 1633 multis,
1205 1580 1427 1634 quodcum
1448 1579 1634 1621 fecerunt
1652 1582 1749 1621 vota
1771 1592 1857 1634 sua,

181 1649 480 1692 obliviscuntur
520 1653 560 1691 et
590 1654 787 1706 precepta
817 1654 1125 1706 contempnunt.
1182 1650 1297 1693 Sicut
1326 1651 1512 1693 Absolon
1542 1651 1668 1693 tercio
1699 1663 1857 1705 regum,

180 1724 400 1775 postquam
429 1721 565 1763 fuerat
589 1722 876 1764 reconciliatus
898 1723 1008 1777 patri
1030 1736 1101 1764 suo
1125 1722 1273 1775 David,
1306 1722 1512 1765 occiderat
1530 1722 1702 1764 fratrem
1724 1735 1856 1763 suum.

178 1791 348 1846 Videns,
383 1792 491 1846 quod
521 1793 698 1848 populus
730 1807 885 1848 pronus
918 1797 1007 1835 erat
1028 1794 1079 1835 ad
1101 1793 1433 1845 constituendum
1454 1806 1546 1835 eum
1568 1807 1721 1847 regem,
1754 1793 1859 1835 dixit

109 1870 153 1904 25
180 1863 291 1918 patri
324 1877 418 1905 suo:
451 1863 609 1905 Vadam
643 1868 682 1905 et
712 1864 882 1905 reddam
915 1868 1010 1906 vot-a
1040 1878 1131 1907 mea
1163 1865 1347 1918 domino,
1385 1877 1462 1918 que
1494 1864 1587 1906 vovi
1619 1864 1785 1906 domino
1814 1864 1858 1906 in

178 1933 331 1976 Ebron.
379 1934 435 1976 Et
466 1934 573 1976 dixit
605 1935 641 1976 ei
672 1938 791 1989 pater
823 1949 940 1977 suus:
976 1936 1088 1978 Vade
1119 1937 1162 1978 in
1187 1949 1301 1991 pace.
1348 1935 1618 1989 perrexitque
1637 1935 1682 1976 in
1701 1934 1856 1989 Ebron,

180 2009 221 2047 et
259 2005 435 2061 populus
469 2006 682 2048 constituit
713 2020 805 2048 eum
838 2020 990 2060 regem.
1046 2007 1110 2049 Ab
1141 2007 1211 2048 illo
1245 2007 1308 2049 die
1340 2020 1469 2061 usque
1498 2006 1541 2047 in
1574 2006 1682 2048 diem
1713 2006 1857 2048 mortis

179 2090 261 2118 non
293 2077 469 2118 cessavit
499 2078 692 2132 persequi
724 2082 885 2132 patrem
919 2092 1050 2120 suum.
1100 2077 1181 2120 Sed
1212 2077 1337 2120 Cesar
1369 2081 1410 2120 et
1438 2076 1622 2119 Absolon
1652 2076 1858 2119 interfecti

180 2151 276 2189 sunt
307 2162 330 2189 a
362 2148 490 2190 servis
524 2148 620 2189 suis.
669 2148 828 2191 Eodem
860 2150 980 2191 modo
1013 2149 1112 2191 mali
1143 2149 1358 2191 christiani
1381 2162 1464 2191 non
1487 2149 1703 2202 desistunt,
1736 2148 1857 2190 deum

110 2227 154 2261 30
178 2223 340 2274 patrem
373 2219 566 2274 persequi
599 2233 672 2274 per
704 2220 812 2262 mala
845 2234 969 2276 opera
1002 2234 1163 2273 eorum3
1195 2220 1286 2262 ideo
1318 2220 1534 2262 tradentur
1564 2219 1766 2261 ministris
1788 2232 1857 2273 ge-

178 2291 428 2344 hennarum,
462 2303 562 2344 quos
594 2290 796 2333 timebant
828 2295 868 2334 et
899 2291 1098 2334 colebant.
1155 2291 1235 2334 Sed
1268 2291 1487 2345 attendite,
1520 2296 1741 2346 postquam
1771 2289 1856 2332 Ab-

180 2361 296 2404 solon
329 2362 534 2404 occiderat
564 2361 732 2404 fratrem
768 2376 900 2415 suum,
933 2363 1012 2404 fuit
1044 2362 1261 2416 exaltatus,
1294 2366 1334 2404 et
1355 2362 1494 2416 Cesar,
1527 2366 1744 2417 postquam
1774 2361 1856 2404 fre-

179 2437 296 2487 gerat
334 2436 575 2488 preceptum
614 2432 812 2488 Pompeji.
879 2433 957 2476 Sed
989 2433 1094 2476 Joab
1131 2434 1285 2476 faciens
1323 2447 1466 2489 pacem
1506 2433 1613 2476 inter
1648 2434 1785 2488 ipsum
1816 2437 1857 2475 et

179 2507 362 2560 patrem,
395 2504 560 2545 reduxit
592 2517 705 2557 eum,
748 2508 787 2546 et
818 2505 960 2548 videns
992 2505 1188 2547 honorem
1220 2518 1359 2558 suum,
1391 2505 1651 2560 impugnavit
1681 2508 1855 2560 patrem,

110 2582 155 2616 35
181 2579 221 2618 et
252 2574 447 2628 colligens
480 2574 557 2616 sibi
589 2578 766 2629 gentem,
801 2577 1013 2618 constituit
1045 2590 1088 2619 se
1119 2590 1269 2630 regem.
1320 2575 1401 2618 Sed
1431 2576 1474 2617 in
1506 2575 1610 2618 bello
1642 2576 1857 2631 suspendit
1888 2581 1894 2585 “

181 2647 363 2702 seipsum
395 2660 468 2701 per
501 2646 645 2688 crines.
700 2646 754 2688 Et
785 2646 911 2702 Joab,
944 2648 1013 2702 qui
1046 2647 1200 2690 fecerat
1230 2660 1374 2702 pacem
1405 2647 1514 2689 inter
1542 2647 1680 2703 ipsum
1712 2651 1753 2690 et
1782 2661 1854 2703 pa-

180 2721 298 2771 trem,
332 2716 467 2759 infixit
498 2720 582 2759 tres
614 2717 777 2760 lanceas
810 2719 852 2760 in
885 2732 954 2761 cor
985 2719 1083 2773 ejus.
1131 2718 1211 2760 Iste
1235 2718 1420 2760 Absolon
1452 2719 1588 2772 signat
1617 2722 1854 2774 peccantem

181 2788 424 2842 mortaliter,
449 2789 518 2843 qui
542 2788 690 2830 occidit
710 2789 880 2832 fratrem
903 2804 1022 2832 suum
1044 2790 1069 2832 i.
1088 2804 1120 2832 e.
1140 2790 1320 2832 animam
1342 2802 1472 2831 suam.
1508 2789 1695 2832 Christus
1718 2794 1854 2833 autem

180 2859 278 2901 fecit
308 2872 467 2914 pacem,
501 2859 573 2901 sed
603 2859 723 2901 multi
756 2862 1007 2904 reconciliati
1040 2862 1247 2918 accipiunt
1277 2861 1427 2904 bellum
1456 2866 1598 2904 contra
1619 2862 1753 2904 deum.
1799 2861 1855 2904 Et

276 2940 318 2974 13
345 2951 493 2985 sperans
518 2940 567 2984 se]
596 2946 680 2987 oriy.
698 2950 736 2975 se
762 2951 919 2986 sperans.
