1919 3157
849 43 933 84 405

55 148 269 190 constituit
308 147 356 189 ad
405 147 745 202 respondendum.
809 149 939 190 Adest
980 163 1073 190 vero
1114 149 1221 199 dies,
1270 150 1426 190 cunctis
1469 149 1728 190 audientibus

55 218 221 260 domina
252 218 376 259 dixit:
425 218 485 259 Ex
521 232 599 272 quo
632 219 819 260 (lominus
852 218 1074 272 Gregorius
1107 219 1239 261 valide
1273 232 1345 260 nos
1379 225 1419 260 et
1452 233 1621 273 regnum
1656 233 1727 260 no-

55 295 185 331 strum
233 289 282 331 de
330 289 518 330 manibus
569 289 825 331 inimicorum
866 290 1073 343 liberavit,
1124 304 1214 332 eum
1258 290 1298 331 in
1340 290 1470 331 virum
1514 291 1725 344 accipiam.

57 360 140 402 Hec
173 360 384 402 audientes
426 360 556 411 gavisi
602 366 695 401 sunt
739 361 877 414 valde,
919 361 1025 402 diem
1060 361 1301 416 nupciarum
1335 361 1568 412 constituit,
1609 361 1728 402 ambo

55 444 146 473 cum
180 444 329 483 magno
355 430 486 483 jubilo
519 436 559 472 et
590 444 789 473 consensu
821 432 951 473 tocius
984 432 1145 486 imperii
1169 432 1209 473 in
1234 432 1495 472 matrimonio
1519 436 1613 472 sunt
1635 445 1728 473 con-

50 502 197 555 juncti,
230 501 337 543 filius
360 515 450 543 cum
476 506 605 543 matre
628 503 814 557 propria3
848 502 917 544 sed
942 503 1081 556 quales
1104 507 1254 554 essent,
1287 502 1448 555 utrique
1471 502 1727 554 ignorabant.

57 571 183 614 Facta
222 577 284 614 est
325 573 432 614 inter
470 585 538 614 eos
579 572 743 615 dilectio
783 587 942 624 magna.
999 573 1162 615 Accidit
1193 573 1369 626 quadam
1403 573 1487 624 die,
1522 572 1627 626 quod
1661 573 1730 614 do-

55 644 191 685 minus
223 641 445 697 Gregorius
478 643 528 684 ad
562 644 790 686 venandum
825 645 1026 699 perrexit;
1070 645 1127 686 ait
1159 643 1331 698 quedam
1368 643 1515 684 ancilla
1547 643 1729 685 domine:

55 713 89 756 Ο
129 714 297 756 domina
335 715 569 767 carissima,
620 715 815 769 numquid
857 715 1066 757 dominum
1108 719 1294 756 nostrum
1333 727 1468 767 regem
1512 715 1554 755 in
1596 714 1730 768 aliquo

56 784 308 828 offendistis?
340 785 425 836 Que
459 786 535 827 ait:
572 785 614 827 ln
648 785 777 836 nullm
812 786 931 828 credo
965 786 1071 840 quod
1105 787 1145 827 in
1178 785 1330 827 mundo
1363 798 1442 826 non
1467 785 1732 826 inveniuntur

55 856 134 898 duo
167 856 396 898 adinvicem
439 856 555 909 ligati
593 857 634 898 in
668 857 950 909 matrimonio,
992 857 1060 911 qui
1093 861 1251 899 tantum
1294 870 1337 898 se
1369 856 1545 909 diligunt
1576 861 1731 909 mutuo,

55 928 162 969 sicut
192 927 382 969 dominus
416 941 530 969 meus
563 933 603 969 et
635 941 728 981 eg03
762 928 831 969 sed
856 928 920 970 dic
942 929 1080 983 michi,
1113 928 1341 980 carissima,
1375 940 1500 981 quare
1524 927 1733 982 protulisti

55 998 155 1040 talia
187 999 336 1040 verba?
368 1000 425 1041 At
455 999 546 1040 illa:
581 998 702 1041 Omni
735 999 812 1051 die,
847 999 1010 1053 quando
1042 1000 1209 1055 ponitur
1241 1012 1405 1052 mensa,
1440 998 1628 1040 dominus
1662 1012 1733 1039 no-

56 1075 140 1112 ster
170 1083 244 1112 rex
275 1070 387 1112 illam
422 1083 626 1112 cameram
660 1070 864 1125 privatam
897 1071 1026 1112 intrat
1056 1071 1181 1121 letus3
1221 1070 1292 1112 sed
1324 1083 1414 1111 cum
1448 1070 1545 1122 exit,
1578 1069 1734 1111 lamen-

54 1141 237 1183 taciones
269 1146 309 1183 et
339 1140 457 1183 fletus
490 1141 660 1185 emittit:
694 1141 840 1182 deinde
871 1141 1015 1183 faciem
1050 1141 1181 1194 lavat;
1215 1141 1285 1183 sed
1319 1154 1443 1195 quare
1476 1140 1551 1181 hoe
1574 1139 1631 1191 fit,
1665 1153 1734 1194 pe-

54 1213 166 1254 nitus
198 1213 355 1266 ignoro.
390 1212 567 1254 Domina
599 1225 688 1253 cum
725 1212 798 1253 hoc
832 1213 1027 1266 audisset,
1060 1226 1265 1254 cameram
1295 1211 1409 1253 illam
1442 1211 1529 1253 sola
1550 1211 1733 1264 intravit,

55 1283 104 1325 de
142 1283 343 1325 foramine
390 1284 429 1325 in
470 1284 654 1325 foramen
703 1284 847 1325 intime
886 1284 1091 1339 respexit,
1142 1283 1271 1325 donee
1317 1282 1366 1324 ad
1409 1281 1510 1323 illud
1550 1282 1734 1323 foramen

56 1355 180 1407 venit,
212 1355 255 1396 in
288 1368 366 1409 quo
399 1354 548 1396 tabelle
581 1360 710 1408 erant,
745 1368 845 1409 quas
877 1355 1048 1408 singulis
1083 1354 1225 1396 diebus
1258 1354 1416 1395 solebat
1446 1353 1602 1406 legere,
1637 1366 1735 1406 quo-

56 1426 177 1467 modo
210 1426 317 1467 inter
348 1425 517 1468 fratrem
558 1431 597 1467 et
630 1439 810 1468 sororem
853 1427 1014 1479 genitus
1058 1430 1183 1476 esset3
1227 1430 1266 1467 et
1303 1429 1401 1466 tuno
1433 1437 1571 1466 amare
1601 1423 1733 1476 flevit;

55 1496 123 1539 ille
161 1497 268 1538 enim
312 1501 430 1539 erant
469 1497 639 1550 tabelle,
686 1496 806 1552 [68b]
849 1511 926 1552 que
967 1498 1008 1538 in
1051 1495 1253 1539 cunabulo
1295 1508 1367 1537 suo
1407 1500 1525 1537 erant
1555 1496 1732 1537 invente.

57 1567 234 1610 Domina
267 1581 361 1610 vero
394 1581 484 1609 cum
510 1568 682 1610 tabellas
705 1569 942 1620 invenisset,
977 1569 1114 1610 statim
1140 1567 1334 1609 noticiam
1357 1566 1520 1608 illarum
1545 1566 1733 1620 habebat,

56 1639 230 1694 aperuit,
263 1639 509 1694 scripturam
545 1639 644 1692 legit
676 1639 725 1681 de
757 1653 882 1682 manu
914 1640 1095 1695 propria,
1129 1639 1240 1680 intra
1272 1651 1314 1680 se
1347 1638 1572 1692 cogitabat:
1607 1637 1734 1679 Num-

57 1723 178 1765 quam
214 1709 333 1752 bomo
365 1711 442 1752 iste
484 1710 533 1752 ad
566 1710 738 1752 tabellas
772 1712 972 1764 venisset,
1012 1711 1091 1752 nisi
1123 1710 1230 1752 filius
1264 1723 1378 1751 meus
1411 1714 1530 1751 esset.
1579 1708 1735 1764 Incepit

57 1781 139 1823 alta
171 1794 268 1823 voce
299 1780 477 1823 clamare
508 1794 555 1823 ac
588 1782 742 1824 dicere:
776 1782 866 1824 Heu
898 1781 1035 1835 michi,
1069 1781 1177 1836 quod
1208 1794 1298 1822 sum
1332 1785 1428 1822 nata
1451 1780 1558 1822 acin
1582 1780 1733 1821 mundo

57 1853 247 1895 educata!
282 1852 446 1894 Utinam
481 1853 523 1894 in
557 1853 621 1894 die
655 1853 934 1908 conceptionis
968 1867 1055 1895 mee
1078 1856 1209 1894 mater
1230 1865 1322 1893 mea
1341 1851 1488 1893 fuisset
1509 1851 1731 1893 exstincta!

57 1924 240 1980 Cumque
273 1930 380 1966 esset
411 1925 452 1965 in
487 1923 580 1965 aula
613 1924 780 1977 clamor,
813 1924 1025 1966 audientes
1059 1924 1208 1966 milites
1246 1923 1409 1964 domine
1441 1922 1490 1964 ad
1524 1922 1731 1964 dominam

56 2001 325 2039 cucurrerunt
356 2009 446 2037 cum
481 1995 627 2037 ceteris
660 2001 700 2037 et
731 1995 842 2037 illam
873 1996 1077 2049 jacentem
1110 1995 1152 2036 in
1181 1999 1293 2036 terra
1325 1994 1570 2035 invenerunt
1601 1997 1641 2035 et
1662 2007 1734 2048 per

56 2067 220 2122 longum
254 2072 418 2122 tempus
451 2066 558 2107 circa
590 2079 680 2107 eam
713 2071 935 2119 steterunt,
968 2071 1186 2120 antequam
1223 2054 1389 2106 verbum
1424 2064 1474 2106 ab
1507 2078 1553 2106 ea
1584 2064 1733 2106 habere

57 2143 298 2195 potuerunt3
332 2138 478 2180 deinde
511 2150 554 2179 os
587 2138 750 2192 aperuit
781 2142 822 2180 et
853 2138 928 2179 ait:
965 2136 1008 2180 Si
1041 2136 1212 2190 diligitis
1245 2137 1371 2177 vitam
1404 2149 1558 2188 meam,
1592 2136 1732 2177 statim

57 2210 267 2252 dominum
299 2223 434 2251 meum
470 2208 639 2262 querite.
689 2208 840 2251 Milites
873 2209 947 2250 hec
979 2208 1189 2249 audientes
1223 2208 1361 2248 statim
1393 2219 1517 2260 equos
1539 2206 1732 2248 aseende-

57 2286 153 2323 runt
190 2285 231 2322 et
263 2280 313 2322 ad
344 2281 635 2334 imperatorem
679 2279 919 2334 equitabant
958 2284 998 2321 et
1036 2279 1072 2321 ei
1104 2279 1315 2320 dixerunt:
1362 2277 1559 2330 Domine,
1590 2277 1734 2330 regina

57 2352 98 2394 in
139 2351 320 2408 periculo
364 2351 507 2392 mortis
541 2351 663 2403 jacet.
713 2350 783 2392 Ille
822 2351 896 2392 hoc
939 2350 1109 2392 audiens
1150 2349 1284 2390 lusum
1318 2348 1477 2390 dimisit
1512 2353 1554 2390 et
1584 2348 1633 2389 ad
1666 2361 1733 2389 ca-

58 2427 186 2465 strum
229 2423 431 2478 perrexit,
474 2434 699 2474 cameram,
742 2422 783 2463 in
823 2435 903 2476 qua
943 2422 1108 2462 domina
1134 2420 1284 2474 jacuit,
1325 2420 1506 2461 intravit.
1556 2417 1734 2460 Domina

58 2507 149 2536 cum
183 2493 296 2535 illum
327 2493 510 2545 vidisset,
543 2492 619 2533 ait:
652 2491 685 2534 O
709 2492 886 2546 domine,
920 2506 1061 2534 omnes
1084 2495 1234 2534 exeant
1256 2495 1393 2546 preter
1414 2504 1499 2542 vos,
1532 2494 1575 2530 ut
1596 2489 1732 2530 nullus

58 2565 199 2607 audiat
230 2578 307 2619 que
347 2563 460 2606 vobis
502 2563 656 2605 dixero.
705 2563 806 2605 Cum
841 2568 978 2606 autem
1011 2576 1152 2604 omnes
1185 2566 1321 2604 essent
1353 2561 1534 2617 expulsi,
1574 2561 1632 2602 ait
1661 2560 1732 2602 do-

59 2637 191 2678 mina:
236 2635 269 2678 Ο
309 2635 538 2688 carissime,
580 2634 629 2676 de
662 2648 742 2690 qua
774 2635 969 2690 progenie
1008 2647 1050 2675 es
1090 2639 1153 2686 tu,
1194 2633 1316 2675 dicite
1355 2632 1498 2675 michi!
1546 2630 1622 2682 Qui
1653 2632 1730 2674 ait:

57 2707 139 2750 Ista
172 2711 233 2750 est
263 2706 464 2748 mirabilis
497 2706 675 2760 questi03
714 2706 820 2747 scias
852 2706 939 2747 sine
971 2704 1117 2757 dubio,
1151 2705 1257 2759 quod
1290 2704 1339 2746 de
1370 2704 1592 2757 longinqua
1622 2707 1734 2745 terra

60 2791 148 2820 sum
182 2791 268 2832 ego.
317 2777 372 2820 Et
401 2776 492 2819 illa:
526 2775 612 2818 Deo
647 2789 786 2829 voveo,
820 2776 926 2831 quod
960 2776 1040 2817 nisi
1073 2775 1228 2817 dixeris
1261 2775 1384 2817 michi
1407 2775 1634 2827 veritatem,
1667 2787 1732 2816 me

59 2849 139 2891 cito
171 2849 411 2891 morientem
445 2847 575 2890 video.
625 2846 702 2896 Qui
735 2847 811 2889 ait:
845 2847 898 2888 Et
929 2860 1002 2900 ego
1035 2846 1124 2888 dico
1156 2846 1244 2899 tibi,
1277 2846 1382 2900 quod
1416 2858 1573 2900 pauper
1605 2858 1731 2899 eram,

1761 789 1802 823 10

1762 1147 1802 1180 15

1761 1500 1805 1534 20

1759 1856 1804 1890 25

1759 2213 1804 2247 30

1759 2568 1803 2601 35

59 2919 184 2963 nichil
215 2919 371 2963 habens
403 2923 541 2976 preter
572 2931 688 2960 arma
718 2931 830 2972 mea,
863 2930 955 2960 cum
989 2916 1135 2972 quibus
1167 2930 1238 2959 vos
1270 2921 1311 2959 et
1341 2921 1471 2958 totum
1505 2929 1675 2970 regnum
1709 2929 1734 2958 a
1757 2925 1804 2960 40
