1929 3157
78 139 145 180 99.

76 280 145 321 00.

75 422 144 463 91.

75 492 144 534 92.

75 563 144 604 93.

75 705 143 746 94.

75 847 143 888 95.

75 917 144 959 96.

75 1059 143 1100 97.

74 1129 143 1171 98.

77 1271 148 1336 99.-
197 1341 375 1393 (Freude
407 1342 513 1385 ohne
546 1342 680 1394 ende.)
728 1342 799 1384 lat.
828 1344 923 1384 101.

53 1413 148 1456 100.

52 1555 147 1596 101.

51 1696 148 1739 102.

52 1839 148 1882 103.

53 1980 148 2023 104.

53 2122 149 2165 105.

53 2265 148 2307 106.

55 2406 150 2448 107.

55 2546 150 2589 108.

55 2686 150 2730 109.

860 36 941 76 173

195 138 256 180 De
292 139 450 192 virgine
484 153 561 194 que
594 140 690 182 fecit
724 144 799 182 etc.
850 139 1058 181 Antonius
1081 140 1283 192 regnavit.
1335 140 1500 193 (Heme,
1526 140 1611 182 (1νοί
1638 140 1746 191 zoll.)

194 208 265 251 lat.
291 210 359 250 64.

195 279 257 322 De
290 279 458 322 domina
491 284 532 322 et
562 280 694 323 milite
727 285 767 323 et
798 280 970 323 falcone.
1022 280 1242 336 Pompejus
1274 281 1313 322 in
1338 281 1519 323 civitate.
1570 280 1746 332 (Falke.)

194 350 266 392 lat.
293 352 361 392 84.

195 420 256 463 De
288 421 422 463 tribus
455 421 590 463 sociis.
640 421 749 464 Olim
780 425 899 464 erant
920 426 1004 464 tres
1027 421 1140 464 socii.
1190 422 1500 474 (Traumbrod.)
1549 421 1620 464 lat.
1651 423 1744 463 106.

193 491 257 535 De
290 505 418 548 puero
452 496 492 535 et
524 492 621 547 lupo
656 496 731 534 etc.
781 492 934 535 Lucius
967 493 1169 547 regnavit.
1220 491 1413 545 (Gnade.)
1461 506 1589 547 germ.
1617 493 1686 534 34.

194 561 256 605 De
288 562 461 606 muliere
495 563 742 606 adulterata.
791 564 1003 606 Adrianus
1033 563 1073 605 in
1100 563 1282 605 civitate.
1332 562 1746 618 (Kerkergespriich.)

193 633 264 675 lat.
291 634 359 675 86.

193 703 256 747 De
278 709 454 758 quatuor
477 705 554 747 viis
578 706 703 757 (etc.).
745 705 884 748 Celius
906 706 949 746 in
971 705 1151 747 civitate.
1195 703 1348 757 (Kreuz
1372 704 1449 746 mit
1471 703 1746 757 inschriften.)

192 775 264 817 lat.
290 776 359 817 65.

193 846 257 889 De
279 846 397 900 nigro
422 859 526 900 equo
550 850 590 888 et
612 860 725 889 cane.
767 846 984 889 Simachus
1002 846 1204 900 regnavit.
1245 845 1490 896 (Schwarz.)
1529 858 1657 899 germ.
1676 846 1744 887 35.

193 916 255 959 De
295 916 473 971 quodam
515 917 679 959 tiranno
721 918 790 972 qui
830 918 971 972 rapuit
1009 917 1227 971 virginem.
1293 915 1500 960 Sewerius
1541 916 1744 970 regnavit.

193 986 370 1037 (Waffen
405 987 676 1041 aufhangen.)
724 988 796 1030 lat.
824 990 892 1029 66.

193 1058 256 1101 De
288 1058 462 1100 muliere
494 1063 534 1101 et
567 1059 756 1101 dracone.
805 1059 1015 1100 Antonius
1047 1058 1250 1112 regnavit.
1302 1056 1495 1109 (Wiiste.)
1546 1071 1642 1112 app.
1667 1058 1706 1099 3.

191 1128 254 1172 De
300 1129 451 1172 ancilla
497 1144 575 1184 que
623 1134 767 1172 cantus
808 1130 947 1171 avium
986 1129 1206 1172 intellexit.
1269 1128 1496 1171 Jordianus
1543 1128 1746 1182 regnavit.

194 1199 391 1252 (Hahne.)
436 1200 508 1242 lat.
534 1201 603 1242 68.

194 1270 257 1314 De
289 1270 469 1326 quodam
503 1271 573 1326 qui
606 1271 806 1326 querebat
837 1270 1184 1314 habundanciam.
1234 1270 1440 1312 Narratur
1473 1269 1523 1312 de
1554 1269 1746 1324 quodam.

196 1412 258 1455 De
281 1413 512 1468 sagittario.
558 1413 809 1467 Sagittarius
833 1413 1001 1468 quidam
1025 1411 1320 1468 philomenam.
1368 1411 1485 1463 (Di-ei
1507 1410 1749 1454 weisheiten

194 1483 369 1536 lehren.)
417 1484 489 1527 lat.
521 1486 614 1527 167.

195 1553 260 1597 De
291 1554 377 1597 filia
407 1556 518 1609 regis
552 1569 631 1611 que
665 1555 796 1597 voluit
827 1558 903 1598 etc.
952 1554 1057 1597 Erat
1089 1554 1260 1609 quidam
1292 1567 1380 1596 rex.
1429 1552 1547 1605 (Drei
1570 1552 1748 1606 fragen.)

195 1625 267 1668 lat.
292 1626 361 1668 70.

195 1695 258 1739 De
290 1695 375 1739 filio
409 1697 478 1752 qui
511 1701 596 1740 tres
630 1697 785 1740 amicos
818 1697 989 1740 invenit.
1038 1695 1215 1748 Quidam
1245 1709 1318 1739 rex
1348 1699 1450 1738 erat.
1499 1693 1749 1746 (Freundes-

194 1767 356 1824 probe.)
402 1768 474 1810 lat.
506 1769 598 1810 120.

196 1838 260 1882 De
291 1839 485 1882 thesauro
519 1840 562 1881 in
595 1843 740 1881 trunco
775 1843 816 1882 et
846 1839 977 1882 fabro.
1031 1838 1135 1881 Erat
1166 1838 1336 1894 quidam
1367 1851 1531 1880 avarus.
1580 1835 1748 1888 (Schatz

196 1910 252 1952 im
286 1909 466 1962 haume.)
512 1910 584 1952 lat.
615 1911 708 1953 109.
1299 1961 1304 1968 ι

196 1980 260 2026 De
298 1980 649 2024 buccinatoribus.
705 1981 883 2032 Quidam
920 1994 993 2024 rex
1026 1983 1116 2023 erat
1148 1979 1219 2034 qui
1251 1979 1410 2022 statuit.
1468 1978 1750 2030 (Todestrom-

197 2052 323 2107 pete.)
370 2051 442 2094 lat.
472 2052 565 2093 143.

196 2121 260 2165 De
298 2121 369 2165 illo
412 2122 483 2177 qui
523 2122 631 2165 eruit
667 2121 806 2165 oculos
838 2135 946 2165 suos.
1010 2121 1241 2173 Quincillus
1273 2120 1477 2175 regnavit.
1542 2118 1751 2171 (Hundert

196 2193 431 2248 groschen.)
478 2192 550 2235 lat.
576 2194 644 2234 73.

197 2263 261 2307 De
300 2277 426 2307 aureo
465 2274 589 2320 pomo
629 2267 670 2307 et
708 2263 847 2306 stulto.
913 2263 1108 2306 Aurelius
1146 2262 1348 2317 regnavit.
1412 2259 1748 2316 (Narrenapfel.)

196 2335 269 2377 lat.
294 2336 362 2377 74.

197 2405 261 2448 De
298 2405 457 2448 duobus
496 2404 681 2447 medicis.
745 2403 923 2454 Quidam
961 2418 1036 2447 rex
1075 2407 1165 2447 erat
1200 2406 1362 2459 potens.
1427 2399 1747 2456 (Ziegenauge.)

197 2476 270 2518 lat.
294 2477 363 2518 76.

199 2545 262 2589 De
290 2546 482 2602 passione
511 2544 681 2587 domini.
731 2543 917 2596 Quedam
939 2544 1086 2588 civitas
1109 2548 1211 2588 erat.
1261 2543 1442 2597 (Drache
1463 2541 1592 2584 durch
1614 2540 1748 2583 lowen

200 2616 412 2668 entfernt.)
461 2629 556 2672 app.
580 2617 621 2657 4.

198 2685 263 2729 De
299 2686 433 2729 milite
470 2690 512 2729 et
549 2698 668 2729 servo
707 2699 780 2728 suo
818 2685 943 2728 fideli.
998 2685 1119 2729 Miles
1158 2685 1326 2741 quidam
1359 2687 1460 2728 erat.
1515 2680 1631 2730 (Fuss
1664 2680 1748 2733 ab.)

197 2756 270 2800 lat.
299 2757 393 2800 127.
1227 2761 1231 2766 “
