1919 3157
835 72 919 112 429

41 176 171 218 mitto.
215 174 397 218 Clericus
431 190 524 218 vero
558 177 762 231 quandam
796 177 1015 228 imaginem
1048 177 1212 217 nomine
1244 176 1386 219 militis
1419 178 1569 218 fecerat
1601 180 1640 218 et
1672 177 1710 217 in

40 247 196 302 pariete
227 251 322 288 ante
354 247 490 289 oculos
524 263 617 289 suos
658 248 758 290 tixit.
815 247 979 289 Interim
1021 247 1138 289 miles
1175 261 1264 288 cum
1301 261 1371 302 per
1404 247 1579 302 plateam
1614 247 1712 287 civi-

40 318 137 359 tatis
168 317 294 359 Rome
326 319 541 371 transiret,
584 320 778 371 magister
819 318 982 372 quidam
1017 318 1172 372 peritus
1206 319 1241 359 ei
1275 318 1467 359 obviabat.
1499 322 1538 359 et
1569 318 1712 359 intime

41 402 131 431 eum
171 389 353 444 respexit
390 394 429 431 et
463 391 517 431 ait
558 391 617 432 ei:
661 389 902 439 Carissime,
944 394 1145 430 secretum
1188 388 1314 429 habeo
1347 389 1420 430 tibi
1455 389 1601 431 dicere.
1657 389 1713 430 At

40 459 129 502 ille:
172 459 387 513 Magister,
420 460 516 513 quid
550 461 662 501 vobis
697 461 842 515 placet,
876 459 1009 501 dicite.
1066 458 1141 508 Qui
1175 460 1251 500 ait:
1295 459 1424 501 Hodie
1457 464 1498 501 tu
1533 474 1573 501 es
1606 459 1713 501 tilius

41 531 207 584 mortis,
247 531 325 573 nisi
365 531 562 572 auxilium
604 532 794 574 habueris
835 545 856 572 a
890 544 972 576 me:
1018 544 1121 571 uxor
1163 535 1232 571 tua
1272 534 1333 572 est
1365 531 1559 572 meretrix
1593 531 1713 572 etde

40 607 171 644 morte
210 606 280 644 tua
319 602 536 643 ordinavit.
593 602 709 644 Miles
751 602 941 654 audiens,
982 601 1087 655 quod
1131 615 1267 642 verum
1303 601 1474 642 dixisset
1507 601 1554 642 de
1588 615 1713 643 uxore

41 686 134 726 sua,
167 673 203 715 ei
237 673 418 725 adhesit,
450 674 620 715 credidit
654 679 777 728 atque
809 673 934 714 dixit:
977 672 1009 713 Ο
1043 672 1145 714 bone
1177 673 1387 725 magister,
1421 673 1545 713 vitam
1580 686 1711 714 meam

40 743 154 786 salva
192 750 232 786 et
269 744 497 786 mercedem
539 745 783 798 condignam
825 744 899 785 tibi
948 743 1129 785 reddam.
1192 742 1268 792 Qui
1312 744 1389 784 ait:
1442 742 1636 785 Libenter
1675 748 1714 785 te

41 814 221 868 salvabo,
253 815 288 857 si
319 815 477 868 feceris,
512 829 589 869 que
621 816 694 857 tibi
727 816 881 857 dixero.
931 815 1003 855 Ait
1035 814 1171 855 miles:
1203 813 1345 856 Presto
1372 827 1475 855 sum.
1520 813 1716 867 Magister
1742 823 1784 856 10

41 885 230 928 balneum
265 886 350 928 fieri
382 887 479 928 fecit
511 890 550 928 et
582 886 752 928 militem
788 886 1042 927 vestimentis
1073 885 1240 939 spoliari
1275 890 1314 926 et
1346 885 1534 926 balneum
1562 885 1715 926 intrare

41 957 271 1009 mandavit;
312 957 459 999 deinde
491 957 699 1012 speculum
735 957 906 1012 politum
940 957 981 998 in
1014 970 1181 998 manum
1214 970 1328 997 suam
1363 956 1534 997 tradidit
1566 960 1604 997 et
1637 956 1713 997 ait:

41 1028 86 1071 ln
108 1029 272 1084 speculo
295 1029 453 1084 respice
485 1028 716 1081 diligenter,
751 1034 790 1070 et
822 1027 1028 1069 mirabilia
1060 1027 1229 1069 videbis
1278 1026 1349 1068 Ille
1382 1040 1472 1068 cum
1504 1026 1714 1081 speculum

40 1101 291 1156 respexisset
323 1104 363 1141 et
394 1100 590 1152 magister
616 1100 737 1152 juxta
761 1113 852 1141 eum
878 1099 918 1140 in
942 1098 1046 1140 libro
1078 1098 1256 1151 legisset,
1290 1098 1347 1139 ait
1379 1098 1435 1139 ei:
1469 1097 1545 1139 Dic
1578 1097 1714 1151 michi,

41 1171 139 1226 quid
177 1176 221 1214 tu
260 1171 399 1213 vides?
447 1169 537 1224 [Ait
568 1169 726 1224 milesz]
773 1168 859 1223 [81]
900 1169 1111 1219 Quendam
1152 1169 1344 1211 clericum
1384 1169 1425 1210 in
1465 1168 1585 1210 domo
1626 1183 1716 1211 mea
1743 1176 1785 1209 15

41 1243 172 1296 video,
205 1243 274 1297 qui
307 1256 431 1284 unam
463 1243 683 1295 imaginem
718 1241 766 1283 de
789 1254 880 1283 cera
913 1241 962 1282 ad
987 1241 1296 1282 similitudinem
1328 1254 1460 1281 meam
1494 1240 1536 1281 111
1559 1240 1716 1295 pariete

41 1313 144 1356 fixit.
192 1314 265 1356 Ait
295 1314 511 1367 magister:
545 1312 649 1363 Quid
681 1312 801 1354 modo
835 1312 973 1354 vides?
1005 1312 1062 1353 At
1092 1311 1181 1353 ille:
1215 1311 1307 1353 Jam
1343 1324 1480 1353 arcum
1507 1312 1655 1366 accipit
1677 1314 1717 1353 et

41 1386 233 1439 sagittam
266 1390 427 1427 acutam
460 1385 500 1426 in
534 1398 580 1426 eo
612 1384 728 1439 ponit
759 1388 800 1426 et
830 1383 1049 1436 imaginem
1082 1383 1227 1437 incipit
1263 1383 1471 1435 sagittare.
1527 1383 1599 1424 Ait
1629 1396 1716 1424 ma-

42 1457 189 1509 gister:
231 1455 346 1498 Sicut
381 1457 506 1498 vitam
540 1460 653 1496 tuam
692 1454 850 1508 diligis,
890 1467 981 1495 cum
1014 1455 1205 1507 sagittam
1240 1453 1289 1495 ad
1323 1453 1544 1505 imaginem
1578 1453 1716 1495 volare

43 1527 212 1580 videbis,
245 1531 376 1569 totum
406 1540 554 1582 corpus
577 1530 691 1568 tuum
714 1526 756 1567 in
780 1525 924 1568 balneo
947 1525 1064 1567 volve
1085 1525 1128 1566 in
1152 1539 1270 1579 aqua,
1303 1524 1431 1566 donec
1461 1524 1537 1566 tibi
1559 1524 1714 1566 dixero.
1741 1529 1785 1563 20

41 1597 159 1641 Miles
190 1611 281 1641 cum
314 1598 391 1640 1106
422 1598 604 1640 audisset
626 1602 665 1639 et
687 1597 859 1639 vidisset
879 1596 1073 1650 sagittam
1105 1596 1275 1648 moveri,
1307 1608 1456 1650 corpus
1489 1608 1608 1636 suum
1641 1594 1715 1636 sub

43 1683 149 1724 aqua
189 1669 317 1712 volvit
354 1668 547 1711 totaliter.
605 1668 692 1710 Hoc
730 1668 837 1710 facto
869 1667 929 1709 ait
959 1667 1176 1720 magister:
1219 1666 1353 1721 Caput
1383 1670 1498 1707 tuum
1531 1665 1646 1708 eleva
1677 1669 1718 1708 et

39 1741 82 1782 in
114 1741 278 1796 speculo
310 1740 481 1796 respice.
537 1740 613 1790 Qui
645 1754 738 1782 cum
770 1740 955 1792 fecisset,
987 1739 1094 1780 dixit
1125 1738 1180 1780 ei:
1224 1737 1329 1787 Quid
1355 1737 1442 1791 jam
1476 1737 1518 1778 in
1550 1735 1715 1792 speculo

41 1811 180 1854 vides?
217 1812 276 1854 At
305 1811 395 1854 ille:
436 1812 660 1865 Imaginem
692 1825 772 1853 non
807 1824 1063 1866 percussam,
1101 1809 1173 1850 sed
1205 1823 1229 1850 a
1259 1809 1386 1850 latere
1418 1808 1569 1861 sagitta
1601 1808 1714 1861 abiit,

41 1886 81 1925 et
111 1882 161 1925 de
193 1883 268 1924 hoc
298 1882 470 1925 clericus
501 1883 675 1924 multum
709 1882 831 1924 dolet.
880 1882 952 1923 Ait
981 1881 1197 1934 magister:
1230 1879 1323 1922 Jam
1356 1880 1397 1921 in
1430 1879 1595 1934 speculo
1619 1879 1715 1934 quid
1741 1885 1786 1919 25

40 1953 163 1996 facit?
195 1953 388 2010 Respice!
421 1954 476 1996 Et
507 1954 594 1996 ille:
627 1953 720 1996 Jam
754 1953 885 2007 magis
918 1966 1046 2008 prope
1079 1951 1214 2007 pergit
1245 1950 1296 1992 ad
1324 1951 1547 2004 imaginem
1579 1954 1620 1992 et
1650 1963 1715 1992 sa-

40 2025 186 2079 gittam
217 2025 260 2067 in
292 2038 431 2067 arcum
464 2025 515 2066 ad
538 2024 854 2080 percuciendum
888 2024 1016 2079 ponit,
1051 2027 1095 2065 ut
1124 2022 1347 2075 imaginem
1370 2023 1590 2076 percuciat.
1638 2020 1715 2071 Qui

42 2096 117 2139 ait:
152 2096 266 2139 Sicut
297 2097 411 2152 prius
444 2096 590 2149 fecisti,
625 2100 664 2137 et
694 2096 815 2137 modo
847 2095 990 2148 facias,
1023 2094 1057 2135 si
1089 2094 1216 2135 vitam
1249 2097 1361 2135 tuam
1395 2093 1544 2147 diligis.
1596 2091 1714 2134 Miles

40 2181 136 2210 vero
168 2181 260 2210 oum
282 2181 356 2223 per
380 2167 590 2223 speculum
625 2167 808 2221 vidisset,
841 2166 949 2221 quod
980 2165 1150 2208 clericus
1180 2178 1318 2206 arcum
1351 2165 1551 2217 tenderet,
1583 2167 1714 2205 totum

41 2251 188 2295 corpus
220 2252 339 2281 suum
371 2238 498 2280 volvit
529 2239 570 2280 in
604 2251 720 2292 aqua.
777 2237 864 2279 Hoc
901 2237 1008 2279 facto
1042 2236 1100 2278 ait
1130 2236 1344 2289 magister:
1384 2235 1577 2291 Respice,
1618 2234 1714 2288 quid
1741 2239 1786 2273 30

41 2310 161 2352 modo
195 2309 280 2352 est?
319 2308 433 2359 Quod
467 2322 558 2350 cum
590 2309 767 2362 fecisset,
799 2308 922 2350 dixit:
963 2308 1066 2350 Miro
1098 2307 1218 2349 modo
1251 2307 1361 2348 dolet
1391 2306 1575 2359 clericus,
1608 2304 1715 2360 quod

42 2380 263 2435 imaginem
295 2394 376 2422 non
409 2380 626 2435 percussit,
659 2384 699 2422 et
728 2380 847 2422 uxori
881 2394 968 2422 mee
1000 2379 1118 2421 dicit:
1152 2377 1195 2419 Si
1226 2378 1355 2420 tercia
1375 2378 1463 2420 vice
1494 2377 1714 2430 imaginem

41 2465 123 2494 non
163 2452 418 2508 percuciam,
458 2450 584 2506 perdo
625 2451 750 2492 vitam
793 2464 923 2492 meam
966 2463 1093 2505 prope
1132 2449 1366 2502 imaginem.
1423 2448 1542 2490 Modo
1580 2448 1716 2503 pergit

41 2523 113 2577 ita,
146 2523 254 2577 quod
285 2521 409 2564 michi
442 2521 615 2574 videtur,
649 2521 755 2575 quod
786 2535 867 2563 non
896 2521 1048 2577 poterit
1079 2520 1226 2575 decipi,
1259 2520 1357 2574 quin
1378 2519 1598 2573 imaginem
1622 2531 1714 2573 per-

43 2593 186 2636 cuciat.
245 2593 320 2635 Ait
350 2593 567 2645 magister:
610 2591 723 2634 Sicut
762 2593 888 2634 vitam
921 2596 1034 2633 tuam
1067 2591 1225 2644 diligis,
1258 2591 1346 2644 jam
1378 2603 1518 2632 curam
1550 2589 1714 2642 habeas,
1740 2596 1785 2631 35

43 2667 88 2706 ut
118 2677 210 2706 cum
243 2677 382 2706 arcum
415 2663 566 2706 videris
605 2663 734 2716 trahi,
775 2666 906 2705 totum
945 2675 1093 2716 corpus
1124 2665 1239 2703 tuum
1272 2661 1347 2704 sub
1380 2674 1486 2715 aqua
1517 2659 1714 2713 involvaS,

43 2733 171 2777 donec
210 2735 287 2778 tibi
333 2734 488 2777 dixero.
550 2732 669 2776 Miles
717 2747 879 2789 semper
924 2733 968 2774 in
1009 2732 1174 2787 speculo
1221 2732 1488 2788 respiciebat,
1536 2734 1577 2773 et
1622 2743 1714 2772 cum

43 2803 233 2848 clericum
266 2818 407 2848 arcum
439 2804 658 2847 extendere
691 2804 741 2846 ad
772 2803 1088 2860 percuciendum
1124 2803 1311 2856 vidisset,
1343 2815 1490 2857 corpus
1522 2815 1640 2843 suum
1673 2801 1716 2843 in

45 2887 150 2930 aqua
178 2876 364 2930 involvit,
397 2876 525 2918 donec
557 2875 754 2929 magister
785 2875 821 2917 ei
854 2874 978 2916 dixit:
1017 2873 1147 2928 Surge
1178 2874 1372 2916 velociter
1404 2876 1445 2915 et
1474 2873 1516 2914 in
1548 2871 1714 2928 speculo

42 2947 212 3002 respice.
267 2946 382 2997 Quod
414 2960 505 2989 eum
538 2946 709 2989 vidisset
740 2946 871 2999 miles,
904 2945 1077 2988 ridebat.
1123 2945 1197 2988 Ait
1229 2945 1446 2998 magister:
1479 2942 1714 2996 Carissime,
1740 2950 1786 2985 40

1739 469 1759 501 <51
