1929 3157
875 86 954 127 165

63 194 133 236 53.
182 193 359 236 Severus
391 192 582 247 regnavit
613 192 680 246 qui
713 205 835 234 unam
861 191 1077 247 pulchram
1099 190 1241 232 filiam.
1293 189 1471 245 (Waffen
1494 190 1763 244 aufhiingen.)

181 264 252 307 lat.
278 265 346 306 66.

65 335 134 377 54.
185 334 328 377 Gallus
361 333 552 388 regnavit
584 333 764 389 prudens
799 337 839 375 et
862 336 1022 389 potens.
1070 331 1523 379 (Keuschheitshemd.)
1568 333 1639 374 lat.
1665 334 1732 373 69.

66 406 135 448 55.
185 405 289 448 Erat
321 405 490 462 quidam
522 418 595 447 rex
630 405 697 459 qui
732 405 873 447 filiam.
923 404 1041 455 (Drei
1074 402 1252 457 fragenss)
1299 403 1370 445 lat.
1396 405 1463 445 70.

64 477 133 519 56.
182 476 286 519 Erat
329 476 495 532 quidam
539 490 687 519 avarus
728 477 875 519 sedens
910 477 1032 530 juxta
1071 488 1198 517 mare.
1263 473 1439 528 (sSehatz
1482 475 1534 515 im
1577 474 1765 527 haume.)

182 547 253 590 lat.
284 548 376 589 109.

65 620 133 661 57.
183 618 412 669 Quincillus
445 618 635 672 regnavit
667 618 735 672 qui
770 618 930 659 statuit.
980 616 994 670 (
1003 618 1086 659 100
1118 616 1354 671 grosehelm
1402 615 1471 657 lat.
1498 616 1565 656 7:³³1.

64 690 133 731 58.
182 689 435 732 Aurelianus
467 689 658 742 regnavit
689 690 730 730 in
765 689 945 731 civitate.
995 687 1322 743 (Narrenapfel.)
1371 687 1441 729 lat.
1468 687 1536 728 74.

65 760 134 802 59.
181 759 374 803 Justinus
407 760 448 801 in
482 761 651 802 civitate
683 759 869 802 Romana
903 760 1104 813 regnavit.
1160 759 1363 807 (Untreue
1395 770 1523 811 gegen
1559 755 1768 811 orretter.)

181 830 254 874 lat.
282 832 378 873 117.

65 903 134 945 60.
182 901 407 958 Pompejus
440 902 586 944 statuit
617 915 692 957 pro
725 901 827 955 lege.
877 900 892 956 (
896 901 940 943 111
974 899 1122 943 waffen
1155 898 1396 954 begraben.)
1443 900 1514 941 lat.
1545 899 1638 940 134.

65 974 135 1016 61.
183 972 390 1016 Beuneius
422 973 614 1027 regnavit
644 976 791 1028 potens
824 972 956 1014 valde.
1005 970 1217 1025 (Ingratus
1248 971 1333 1013 und
1363 969 1532 1024 Guido.)
1579 970 1649 1012 lat.
1674 970 1766 1011 119.

68 1045 137 1087 62.
187 1043 295 1087 Olim
330 1048 450 1087 erant
481 1048 565 1086 tres
599 1044 713 1085 socii.
761 1040 1075 1097 (Traumbrod.)
1121 1042 1192 1084 lat.
1223 1043 1318 1084 106.

68 1115 136 1158 63.
186 1115 422 1158 Gardianus
454 1115 646 1169 regnavit
677 1115 717 1156 in
751 1115 868 1168 eujus
901 1127 1041 1168 regno.
1091 1111 1291 1168 (Hahnffl
1337 1113 1409 1155 lat.
1434 1113 1502 1156 68.

521 1265 625 1301 LXI.
663 1264 755 1301 (1011.
775 1266 929 1301 Monac.
948 1264 1023 1300 lat.
1042 1264 1159 1310 8968,
1185 1264 1320 1307 quart.

467 1337 520 1371 Bl.
543 1338 753 1371 193—202.
796 1337 877 1372 XV.
900 1335 953 1381 jh.
999 1337 1039 1370 11
1068 1345 1166 1380 cap.,
1193 1334 1366 1369 auswahl.

185 1428 427 1485 Applicatio
460 1440 535 1483 per
567 1427 900 1469 incarnacionem
935 1426 1107 1479 domini,
1143 1438 1199 1468 se.
1225 1425 1431 1480 quomodo
1463 1438 1592 1478 genus
1625 1425 1771 1467 huma-

65 1514 164 1543 num
197 1500 262 1543 vel
302 1500 486 1542 animam
519 1512 594 1554 pei·
626 1503 840 1554 peceatum
876 1497 1153 1539 deformatam
1186 1500 1355 1538 revocat
1387 1500 1428 1538 et
1458 1496 1638 1539 reduxit.
1692 1495 1771 1538 Die

65 1572 239 1626 fibrigen
272 1570 575 1614 iibersohriften
609 1569 788 1612 ahnlich.
841 1568 978 1611 Blosse
1011 1567 1210 1610 auswahl.

91 1658 136 1715 ’1.
185 1654 409 1710 Pompejus
457 1653 648 1707 regnavit
695 1652 810 1694 dives
854 1655 894 1693 et
932 1654 1079 1706 potens
1121 1650 1254 1692 valde.
1319 1649 1539 1696 (Entfiihrt
1577 1649 1660 1691 und
1701 1649 1771 1692 be-

184 1724 394 1778 schenkt.)
439 1724 511 1766 lat.
540 1728 576 1765 1.

97 1798 136 1839 2.
185 1796 314 1839 Cesar
346 1795 538 1849 regnavit
569 1798 717 1850 potens
751 1798 791 1836 et
824 1793 982 1836 statuit.
1032 1791 1162 1838 (Zwei
1194 1793 1340 1834 frauen
1373 1792 1581 1846 geraubt.)
1633 1792 1703 1833 lat.
1727 1793 1768 1833 4.

187 1868 341 1911 Darius
373 1880 447 1910 rex
479 1867 671 1919 regnavit
693 1866 808 1907 dives
832 1869 872 1906 et
894 1863 1078 1920 prudens
1102 1863 1234 1905 valde.
1276 1862 1532 1917 (Jonathas.)
1579 1862 1649 1904 lat.
1673 1863 1768 1904 120.

185 1938 457 1981 Domicianus
487 1937 680 1991 regnavit
702 1935 821 1977 valde
845 1940 885 1977 et
901 1936 1054 1989 justus
1103 1933 1223 1989 (Drei
1246 1934 1488 1976 weisheiten
1511 1933 1771 1987 verkaufen.)

186 2010 258 2052 lat.
286 2010 382 2052 103.

187 2081 307 2124 Miles
341 2080 509 2135 quidam
544 2078 689 2120 habuit
719 2090 906 2119 uxorem.
954 2075 1223 2131 (Weinendes
1256 2074 1489 2125 hiindlein.)
1535 2075 1607 2118 lat.
1632 2075 1700 2117 28.

187 2151 361 2205 Legitur
393 2151 443 2193 de
476 2148 730 2192 allexandro.
781 2147 1060 2199 (Aristoteles'
1086 2146 1264 2202 lehren.)
1310 2147 1381 2189 lat.
1406 2148 1475 2188 34.

187 2222 361 2276 Legitur
391 2222 435 2263 in
468 2220 596 2274 gestis
629 2232 911 2262 romanorum.
961 2218 1344 2270 (Friedenslamm.)
1392 2218 1463 2259 lat.
1489 2217 1558 2258 35.

187 2294 318 2350 Tytus
350 2305 466 2335 rome
497 2290 690 2344 regnavit
720 2293 882 2345 potens.
932 2288 1117 2340 (Foous.)
1164 2290 1236 2331 lat,
1261 2290 1330 2330 57.

188 2364 277 2407 Rex
309 2363 476 2419 quidam
510 2361 658 2404 statuit
688 2365 735 2403 ut
763 2362 896 2403 omnis
920 2361 1175 2403 malefactor.
1225 2360 1343 2414 (Drei
1367 2358 1638 2412 wahrheiten,
1659 2357 1770 2412 frei.)

186 2435 257 2478 lat.
281 2435 351 2477 58.

74 2507 141 2549 10.
190 2506 278 2549 Rex
311 2505 501 2548 echozias
534 2503 725 2556 regnavit
756 2507 797 2545 et
828 2507 913 2545 tres
945 2502 1064 2544 filios.
1098 2500 1383 2555 (Baumerbe.)
1429 2514 1557 2554 germ.
1584 2501 1652 2542 81.

75 2578 142 2619 11.
191 2576 396 2620 Leoneius
428 2575 621 2629 regnavit
651 2578 812 2629 potens.
861 2573 1072 2627 (ingratus
1104 2573 1187 2614 und
1222 2570 1390 2626 Guido.)
1435 2571 1506 2613 lat.
1534 2571 1628 2611 119.

96 1869 138 1981 3³9³

97 2082 140 2407 SOSDNSDSW

516 2725 641 2761 LXII.
678 2724 770 2760 Cod.
789 2724 942 2760 Monac.
960 2723 1034 2759 lat.
1053 2723 1173 2770 9094,
1199 2724 1329 2760 oetav-

638 2796 691 2831 Bl.
714 2796 870 2830 1—270.
914 2796 1014 2830 1628.
1053 2796 1098 2829 90
1123 2805 1202 2840 cap.

191 2888 255 2931 Ex
288 2887 427 2947 Gestis
455 2887 735 2930 Romanorum
770 2885 968 2927 historiae
999 2885 1214 2928 Notabiles
1247 2884 1443 2928 collectae
1475 2887 1517 2926 et
1547 2883 1769 2939 descripta.

82 2959 204 3002 1628.
264 2957 440 3002 Enth‘alt
478 2972 557 3000 nur
597 2958 688 3000 dem
731 2956 872 3000 latein.
903 2956 1166 3010 vulgartexte
1205 2955 1455 3010 angehorige
1492 2954 1770 3009 geschichten,
