1919 3157
899 113 984 153 413

102 231 193 261 eum
227 219 365 274 sepius
398 233 470 274 per
503 232 625 274 opera
657 218 867 260 meritoria
900 218 1081 271 visitare,
1117 217 1221 259 falco
1255 223 1350 260 sunt
1381 219 1489 261 bona
1520 218 1778 275 temporalia,

103 302 180 344 que
220 289 318 331 deus
352 290 421 331 (lat
454 290 630 337 homini,
671 294 715 331 ut
757 303 847 331 eum
890 288 1054 344 probet:
1096 288 1164 330 sed
1206 303 1296 330 cum
1338 290 1462 331 miser
1503 290 1623 331 homo
1663 290 1776 331 (lives

100 360 231 403 sactus
263 361 406 414 suerit,
439 361 585 402 similis
618 362 748 402 factus
781 365 843 402 est
867 360 1081 413 jumentis,
1121 360 1216 413 quia
1247 374 1326 401 non
1361 361 1599 402 recordatur
1631 361 1680 402 de
1712 361 1775 402 (lei

100 430 321 484 beneficiis,
355 446 427 474 nec
460 446 550 474 eum
587 433 739 484 visitat,
773 432 878 472 sicut
909 431 1078 473 solebat.
1143 430 1253 472 Deus
1287 431 1361 472 hoc
1387 432 1528 473 videns
1561 432 1694 473 aufert
1725 431 1776 473 ab

99 501 263 544 homine
295 503 367 545 hec
394 504 650 558 temporalia,
685 503 917 553 sanitatem,
951 501 1283 556 prosperitatem,
1318 507 1361 543 ut
1394 503 1569 556 priorem
1595 516 1774 544 amorem
1826 509 1846 542 5

100 573 268 626 habeat,
301 587 379 616 non
414 575 519 629 quod
554 575 653 616 deus
686 573 771 615 odit
803 573 938 626 illum,
973 586 1090 627 quem
1125 573 1183 614 sic
1214 573 1409 626 castigat,
1451 574 1519 614 sed
1554 575 1650 628 quia
1682 587 1772 616 eum

98 643 234 698 diligit
259 646 380 699 juxta
412 645 535 686 illud:
570 645 771 698 Flagellat
802 645 901 686 deus
935 657 1096 685 omnem
1131 642 1351 696 hominem,
1385 658 1504 698 quem
1539 644 1685 698 diligit.

764 874 1094 924 CAP.85.(77)

352 960 487 1021 Quod
521 963 668 1007 oratio
706 966 862 1006 nostra
898 959 1091 1005 melodia
1131 966 1194 1005 est
1228 975 1381 1006 coram
1420 962 1513 1005 deo.

211 1068 398 1111 Tiberius
430 1070 629 1123 regnavit,
662 1070 729 1124 qui
764 1070 866 1110 miro
899 1068 1019 1110 modo
1050 1068 1266 1110 melodiam
1299 1068 1445 1110 dilexit
1476 1069 1631 1123 audire,
1664 1070 1771 1113 unde
1801 1079 1842 1113 10

93 1139 218 1182 semel
252 1140 412 1194 accidit,
447 1141 553 1195 quod
586 1141 636 1182 ad
659 1140 890 1182 venandum
917 1140 1112 1194 perrexit,
1145 1139 1350 1194 quandam
1373 1139 1591 1181 melodiam
1615 1140 1771 1183 cithare

93 1224 116 1252 a
138 1215 254 1266 parte
287 1211 457 1254 dextera
488 1212 646 1254 audivit
677 1216 718 1253 et
748 1212 927 1252 intanta
950 1211 1164 1253 dulcedine
1197 1210 1490 1264 delectabatur,
1525 1212 1630 1266 quod
1654 1213 1769 1266 quasi

92 1286 209 1324 extra
240 1295 283 1324 se
314 1289 457 1339 raptus
490 1289 564 1337 est,
597 1296 744 1337 equum
779 1284 1041 1337 pervertebat
1066 1295 1207 1324 versus
1229 1281 1360 1323 locum
1396 1282 1583 1335 melodie,
1617 1283 1769 1326 ibidem

91 1353 302 1407 equitavit.
373 1353 474 1396 Cum
509 1358 646 1396 autem
679 1353 729 1395 ad
761 1352 895 1394 locum
927 1353 1126 1405 venisset,
1166 1353 1371 1407 quandam
1406 1367 1553 1408 aquam
1586 1354 1712 1396 latam
1747 1369 1770 1396 a

89 1422 209 1477 longe
240 1426 455 1480 prospexit
488 1429 528 1468 et
552 1427 674 1479 juxta
701 1438 847 1479 aquam
873 1424 1037 1479 quidam
1063 1437 1220 1480 pauper
1251 1424 1432 1478 sedebat,
1467 1425 1536 1479 qui
1567 1425 1765 1468 citharam
1798 1435 1840 1470 15

89 1495 131 1536 in
164 1508 287 1537 manu
319 1496 504 1547 tenebat3
552 1497 601 1538 de
632 1497 713 1538 ista
744 1495 902 1538 cithara
934 1496 1133 1550 processit
1163 1499 1278 1537 tanta
1314 1495 1511 1548 melodia,
1550 1496 1658 1550 quod
1690 1497 1768 1538 im-

87 1570 255 1621 perator
285 1580 376 1609 cum
400 1567 549 1621 gaudio
573 1571 635 1609 est
665 1566 930 1609 refocillatus.
994 1567 1066 1608 Ait
1087 1566 1123 1608 ei
1145 1580 1238 1609 rex:
1272 1565 1507 1620 Carissime,
1540 1566 1605 1609 dic
1626 1568 1765 1621 michi,

89 1638 290 1691 quomodo
312 1638 469 1680 cithara
491 1642 563 1680 tua
584 1644 669 1681 tam
692 1638 866 1680 dulciter
897 1637 1042 1680 sonat?
1090 1637 1146 1679 At
1166 1637 1254 1680 ille:
1288 1637 1478 1691 Domine,
1501 1652 1574 1693 per
1595 1639 1766 1693 triginta

87 1721 215 1750 annos
247 1713 288 1751 et
319 1709 428 1752 ultra
453 1710 575 1764 juxta
605 1710 725 1752 istam
761 1723 908 1763 aquam
949 1709 1103 1760 mansi;
1144 1708 1257 1750 dedit
1296 1709 1418 1750 michi
1452 1709 1551 1751 deus
1583 1711 1764 1763 graciam

84 1778 209 1821 talem
240 1780 282 1822 in
314 1780 491 1834 cithara,
531 1781 638 1835 quod
672 1794 792 1835 quam
825 1781 906 1823 cito
938 1780 1082 1822 cordas
1115 1780 1201 1834 ejus
1233 1785 1377 1834 tango,
1417 1781 1502 1822 exit
1532 1785 1648 1823 tanta
1679 1796 1765 1824 me·
1790 1791 1835 1826 20

82 1848 213 1904 lodia,
254 1851 361 1906 quod
399 1853 533 1908 pisces
573 1852 691 1894 istius
732 1864 835 1906 aque
867 1851 917 1893 ad
949 1865 1117 1893 manum
1150 1864 1282 1893 meam
1325 1852 1516 1905 veniunt,
1557 1866 1629 1908 per
1661 1867 1762 1908 quos

82 1921 286 1977 meipsum
327 1927 368 1965 et
405 1936 575 1965 uxorem
617 1936 749 1964 meam
788 1926 973 1964 sustento
1006 1936 1096 1964 cum
1136 1922 1315 1973 familia3
1355 1922 1426 1964 sed
1467 1922 1565 1976 heu,
1606 1924 1684 1966 heu
1723 1929 1763 1967 et

82 2005 157 2047 pro
197 1992 326 2047 dolor,
361 1994 447 2048 jam
492 1994 600 2036 infra
639 2006 790 2048 paucos
830 1993 916 2035 dies
955 2007 1005 2035 ex
1037 1993 1119 2035 alia
1149 1997 1410 2049 partessaque
1450 1995 1562 2036 venit
1593 1995 1760 2050 quidam

81 2062 288 2118 sibilator,
321 2066 390 2119 qui
422 2065 462 2106 in
496 2069 612 2108 tanta
643 2065 858 2107 dulcedine
889 2064 1040 2118 sibilat,
1074 2064 1181 2119 quod
1213 2065 1346 2120 pisces
1379 2078 1444 2107 me
1476 2065 1690 2108 dimittunt
1721 2071 1762 2109 et

82 2133 133 2175 ad
165 2147 256 2176 eum
297 2135 471 2187 vadunt;
515 2136 627 2189 ideo,
669 2136 853 2189 domine,
893 2136 999 2177 sicut
1029 2149 1100 2177 vos
1134 2135 1231 2177 estis
1265 2140 1410 2191 potens
1443 2137 1538 2191 quia
1569 2137 1759 2179 dominus
1787 2147 1831 2181 25

80 2205 212 2248 tocius
244 2206 422 2262 imperii,
455 2212 598 2249 contra
629 2207 882 2249 sibilatorem
917 2206 1122 2262 prebeatis
1158 2205 1248 2261 [73]
1271 2207 1395 2249 michi
1429 2211 1609 2250 vestrum
1643 2209 1759 2250 auxi-

79 2275 193 2318 lium.
262 2277 335 2319 Ait
366 2291 461 2320 rex:
502 2277 738 2332 Carissime,
770 2279 811 2320 in
843 2277 955 2320 nullo
987 2283 1129 2333 potero
1163 2281 1202 2320 te
1235 2278 1443 2333 adjuvare,
1476 2279 1556 2321 nisi
1588 2279 1630 2320 in
1662 2292 1756 2332 uno,

80 2350 121 2389 ct
151 2346 226 2390 hoc
257 2347 332 2391 tibi
364 2348 552 2391 sufficiat.
617 2348 661 2391 In
683 2349 815 2392 loculo
838 2363 928 2392 meo
956 2349 1121 2391 hamum
1156 2363 1324 2392 aureum
1357 2349 1501 2403 habeo,
1534 2349 1649 2391 illum
1683 2350 1755 2392 tibi

80 2417 197 2472 dabo,
231 2422 271 2461 et
301 2419 343 2461 in
366 2420 602 2462 summitate
625 2421 738 2474 virge
758 2420 878 2474 ligari
909 2421 1052 2474 facias,
1085 2420 1232 2462 deinde
1253 2421 1397 2463 cordas
1420 2421 1576 2463 cithare
1598 2425 1756 2475 tangas,

79 2488 131 2530 ad
169 2489 283 2544 cujus
328 2495 481 2533 tactum
532 2492 664 2546 pisces
705 2491 980 2534 movebuntur
1019 2495 1060 2534 et
1099 2492 1238 2533 statim
1279 2505 1352 2547 per
1390 2492 1553 2534 hamum
1597 2505 1664 2535 eos
1706 2493 1757 2535 ad
1782 2500 1828 2534 30

78 2563 230 2602 terram
264 2561 393 2616 trahe,
427 2566 467 2604 et
498 2562 558 2604 sic
589 2561 775 2604 sibilator
798 2563 848 2604 de
868 2562 957 2604 loco
980 2563 1143 2605 recedet
1165 2576 1256 2605 cum
1279 2563 1531 2606 confusione.
1593 2562 1756 2619 Pauper

78 2643 174 2672 vero
214 2631 352 2674 omnia
390 2632 632 2688 adimplevit
663 2637 703 2676 et
740 2634 893 2688 pisces,
936 2637 1156 2688 antequam
1197 2633 1248 2676 ad
1279 2634 1532 2676 sibilatorem
1566 2638 1757 2689 poterant

79 2701 283 2756 accedere,
314 2716 389 2758 per
410 2702 577 2745 hamum
609 2704 660 2746 ad
682 2708 835 2747 terram
865 2718 934 2747 eos
966 2705 1106 2746 traxit.
1170 2704 1368 2748 Sibilator
1398 2705 1475 2747 hoc
1498 2705 1639 2747 videns
1661 2718 1754 2747 cum

77 2772 315 2815 confusione
345 2774 526 2816 recessit.

194 2842 428 2898 Carissimi,
474 2845 553 2888 iste
597 2845 823 2900 imperator
863 2850 925 2888 est
962 2846 1151 2888 dominus
1191 2851 1330 2889 noster
1369 2846 1508 2888 Ihesus
1550 2846 1752 2901 Christus,
1778 2852 1824 2886 35

77 2914 143 2968 qui
168 2915 271 2957 miro
293 2915 414 2958 modo
446 2915 681 2970 melodiam,
713 2916 870 2959 scilicet
900 2920 1083 2958 sanctam
1108 2918 1355 2971 oracionem,
1389 2917 1504 2959 audit
1534 2921 1575 2959 et
1597 2917 1751 2972 diligit;

76 2984 146 3039 qui
185 2990 358 3028 venatur
395 2999 469 3041 per
508 3000 582 3029 sua
620 2991 732 3029 certa
771 2987 986 3041 animalia,
1025 2987 1066 3029 id
1106 2992 1168 3030 est
1205 2989 1385 3042 animas,
1426 3002 1527 3043 quas
1566 2988 1752 3031 diabolus
