1949 3162
1003 79 1089 120 402

207 186 394 241 spacium
436 186 636 239 surrexit,
675 186 808 227 crines
848 185 996 239 capitis
1035 185 1184 237 traxit,
1223 185 1368 226 faciem
1412 198 1540 239 usque
1580 185 1631 226 ad
1672 185 1884 239 sanguinis

207 256 446 300 effusionem
480 256 722 298 dilaceravit
753 260 792 298 et
824 255 907 297 alta
939 268 1036 297 voce
1069 255 1281 297 clamavit:
1316 255 1404 298 Heu
1438 256 1575 309 michi,
1610 260 1752 311 pereat
1783 256 1884 310 dies,

205 328 247 369 in
280 341 359 382 qua
391 331 588 382 concepta
620 341 745 380 eram,
778 340 860 368 non
891 326 963 368 illa
989 331 1242 378 numeretur,
1275 327 1315 368 in
1339 340 1419 381 qua
1441 340 1529 368 sum
1553 328 1669 368 nata!
1703 326 1885 377 Quantas

206 398 335 439 habeo
369 398 606 452 iniquitates
640 402 715 440 etc.
764 397 806 439 In
841 411 906 439 me
939 401 1035 439 sunt
1066 397 1290 452 completa:
1338 397 1467 439 Periit
1499 412 1592 453 spes
1624 411 1736 450 mea,
1768 398 1886 439 forti-

158 474 180 508 5
205 469 303 511 tudo
344 482 454 521 mea,
497 470 624 511 frater
663 482 778 510 meus
816 469 978 519 unicus,
1020 468 1235 510 dimidium
1278 469 1413 510 anime
1446 482 1547 511 mee.
1601 468 1705 518 Quid
1737 468 1885 510 faciam

137 829 178 862 10

136 1183 178 1217 15

134 1540 178 1574 20

135 1895 179 1929 25

135 2252 179 2285 30

136 2608 180 2642 35

136 2963 182 2996 40

205 553 278 593 ego
312 540 362 581 de
393 545 542 592 cetero,
579 538 650 593 [66
664 538 702 594 b]
740 540 902 595 penitus
934 540 1089 593 ignoro.
1140 539 1330 581 Surrexit
1351 540 1469 582 miles
1493 544 1532 582 et
1554 540 1630 581 ait:
1664 539 1696 582 Ο
1721 539 1888 581 domina

204 611 431 664 carissima,
467 611 604 652 audite
637 612 721 652 me!
771 610 813 652 Si
848 615 1016 665 propter
1047 609 1229 652 dolorem
1262 615 1301 652 te
1334 611 1464 665 ipsam
1497 611 1721 664 necaveris,
1755 614 1887 653 totum

203 695 374 734 regnum
409 682 572 737 peribit.
621 682 681 723 Tu
715 681 801 723 sola
834 695 875 723 es
909 681 1103 723 derelicta
1136 686 1176 723 et
1201 681 1294 735 jure
1327 681 1575 723 hereditario
1607 695 1776 735 reguum
1811 681 1886 723 tibi

205 753 394 803 debetur3
445 753 478 794 si
512 766 607 806 ergo
641 753 817 807 teipsam
850 753 1066 806 occideris,
1099 765 1273 805 regnum
1306 752 1354 794 ad
1389 757 1606 795 extraneos
1639 752 1885 795 convolabit.

205 822 432 877 Surgamus
465 837 560 876 ergo
594 828 635 866 et
667 824 715 865 ad
749 824 883 865 locum
918 823 985 865 ubi
1019 837 1166 878 corpus
1193 824 1305 877 jacet
1336 824 1578 866 accedamus
1606 828 1647 866 et
1667 822 1887 866 honorifice

205 909 294 937 eum
320 895 581 950 sepeliemUS,
615 895 761 936 deinde
785 895 1022 937 studeamus
1047 895 1249 948 quomodo
1272 895 1492 950 imperium
1514 909 1656 949 regere
1679 894 1885 937 debemus.

205 966 278 1008 Illa
310 980 405 1007 vero
440 980 489 1008 ex
522 966 657 1008 verbis
690 966 832 1008 militis
866 966 1111 1007 comfortata
1143 966 1324 1007 surrexit
1363 970 1403 1008 et
1433 979 1525 1008 cum
1558 966 1730 1009 honesta
1763 966 1888 1008 comi-

203 1037 290 1078 tiva
330 1037 379 1078 ad
421 1041 602 1078 castrum
646 1037 786 1078 fratris
825 1037 888 1078 sui
928 1038 1111 1078 accessit.
1167 1036 1268 1079 Cum
1310 1042 1445 1079 autem
1485 1037 1700 1090 intrasset,
1740 1050 1888 1092 corpus

202 1109 310 1161 regis
335 1122 459 1163 super
480 1108 675 1149 feretrum
701 1108 871 1161 invenit,
905 1122 1028 1163 super
1051 1122 1198 1163 corpus
1221 1109 1380 1161 cecidit,
1412 1123 1435 1149 a
1457 1108 1600 1163 planta
1621 1108 1737 1164 pedis
1759 1121 1888 1162 usque
1946 1120 1949 1123 ·

205 1179 256 1220 ad
295 1180 489 1221 verticem
530 1179 715 1221 osculata
754 1184 816 1221 est
855 1193 959 1221 eum.
1014 1179 1167 1221 Milites
1208 1180 1393 1222 videntes
1426 1180 1598 1221 nimium
1632 1179 1812 1221 dolorem
1845 1178 1888 1220 in

203 1251 295 1306 ipsa
327 1251 376 1292 de
408 1251 551 1292 funere
584 1251 791 1292 dominam
827 1255 1097 1293 extraxerunt
1128 1255 1168 1293 et
1200 1251 1239 1292 in
1273 1264 1479 1293 cameram
1502 1250 1820 1292 introduxerunt
1849 1254 1890 1292 et

203 1335 351 1376 corpus
393 1321 493 1364 satis
535 1321 757 1364 honorifice
796 1322 1007 1377 sepulture
1047 1322 1319 1364 tradiderunt.
1368 1321 1468 1363 Post
1498 1321 1574 1363 hoc
1605 1321 1772 1376 quidam
1805 1321 1888 1363 dux

202 1392 440 1446 Burgundie
473 1393 706 1447 solempnes
739 1393 910 1434 nuncios
943 1393 994 1435 ad
1026 1407 1115 1435 eam
1149 1394 1274 1447 misit,
1307 1398 1353 1434 ut
1384 1393 1422 1435 ei
1453 1393 1496 1434 in
1523 1406 1695 1435 uxorem
1717 1405 1888 1434 consen-

203 1466 323 1515 tiret3
357 1463 428 1505 illa
462 1478 556 1506 vero
590 1465 728 1506 statim
762 1465 997 1519 respondit:
1031 1464 1235 1514 Quamdiu
1268 1465 1423 1517 vixero,
1457 1464 1591 1505 virum
1612 1477 1695 1505 non
1714 1462 1886 1505 habebo.

203 1534 352 1576 Nuncii
394 1535 467 1576 hec
507 1535 721 1577 audientes
761 1535 1013 1578 voluntatem
1050 1536 1136 1589 ejus
1178 1536 1344 1577 domino
1385 1535 1659 1587 nunciabant3
1699 1534 1783 1576 dux
1813 1533 1888 1576 hec

205 1606 375 1648 audiens
414 1606 651 1660 indignatus
693 1610 756 1648 est
793 1611 938 1649 contra
975 1621 1064 1649 eam
1106 1611 1146 1649 et
1185 1608 1261 1649 ait:
1303 1607 1345 1649 Si
1385 1620 1475 1649 eam
1516 1606 1773 1657 habuissem,
1812 1618 1886 1647 rex

204 1678 316 1720 illius
349 1679 465 1732 regni
497 1678 681 1731 fuissem,
715 1678 787 1719 sed
816 1692 866 1720 ex
889 1692 967 1733 quo
990 1692 1055 1720 me
1077 1679 1149 1720 vili
1173 1679 1392 1734 pendebat,
1425 1678 1476 1720 de
1496 1691 1623 1731 regno
1646 1690 1718 1719 suo
1741 1689 1886 1732 parum

204 1750 412 1803 gaudebit.
462 1749 703 1791 Exercitum
737 1749 913 1802 collegit,
946 1764 1118 1803 regnum
1151 1750 1336 1803 intravit,
1369 1749 1637 1791 comburebat
1668 1752 1709 1790 et
1739 1747 1888 1790 occidit

205 1826 246 1863 et
284 1820 446 1862 infinita
488 1818 630 1874 [mala]
679 1820 964 1876 perpetrabat,
1006 1825 1046 1863 et
1084 1822 1298 1864 victoriam
1339 1821 1381 1862 in
1415 1821 1524 1862 omni
1558 1820 1664 1862 bello
1696 1819 1885 1861 obtinuit.

204 1891 384 1934 Domina
417 1891 467 1933 ad
501 1892 707 1946 quandam
741 1892 950 1933 civitatem
993 1892 1095 1935 bene
1127 1897 1331 1934 muratam
1375 1892 1513 1946 fugam
1549 1891 1692 1947 peciit,
1732 1891 1774 1932 in
1808 1904 1888 1944 qua

206 1968 294 2005 erat
326 1967 503 2004 castrum
537 1963 807 2004 fortissimum
841 1972 881 2006 et
912 1965 955 2005 in
988 1977 1036 2005 ea
1068 1978 1141 2019 per
1173 1963 1324 2006 multos
1358 1976 1486 2005 annos
1519 1962 1759 2018 permansit.
1791 1960 1888 2004 Jam

206 2034 256 2075 ad
297 2047 469 2088 puerum
521 2034 747 2088 projectum
794 2035 835 2076 in
879 2035 983 2076 mari
1023 2035 1252 2077 redeamus.
1309 2035 1476 2076 Dolium
1517 2047 1607 2076 cum
1647 2047 1774 2089 puero
1814 2046 1887 2088 per

206 2105 336 2147 multa
368 2119 495 2157 regna
527 2106 704 2158 transiit,
739 2119 949 2159 quousque
975 2106 1097 2160 juxta
1129 2106 1342 2148 cenobium
1375 2105 1667 2147 monachorum
1700 2103 1889 2160 pervenit

206 2181 246 2218 et
279 2176 353 2217 hoc
385 2176 490 2218 feria
522 2181 650 2218 sexta.
699 2176 855 2218 Eodem
889 2177 954 2218 die
987 2177 1113 2219 abbas
1145 2177 1256 2218 illius
1288 2177 1531 2219 monasterii
1563 2176 1613 2218 ad
1641 2176 1738 2218 litus
1760 2175 1886 2216 maris

207 2248 389 2302 perrexit
421 2252 461 2289 et
493 2247 766 2302 piscatoribus
800 2248 885 2289 suis
919 2249 996 2290 ait:
1045 2248 1280 2302 Carissimi,
1313 2251 1443 2290 estote
1475 2248 1610 2303 parati
1643 2246 1694 2288 ad
1724 2246 1886 2302 piscan-

205 2319 322 2360 dum!
364 2319 426 2360 llli
467 2332 561 2360 vero
600 2318 733 2360 rethia
771 2333 845 2360 sua
878 2319 1099 2374 parabant3
1139 2319 1234 2360 dum
1269 2333 1364 2361 vero
1400 2322 1690 2374 prepararent,
1731 2317 1887 2359 dolium

205 2403 294 2432 cum
328 2389 518 2432 fluctibus
551 2389 678 2430 maris
712 2390 761 2431 ad
795 2394 948 2432 terram
981 2391 1180 2445 pervenit.
1229 2390 1302 2432 Ait
1334 2390 1459 2432 abbas
1492 2391 1620 2433 servis
1643 2389 1748 2431 suis:
1780 2388 1886 2431 Ecce

205 2461 379 2502 dolium!
413 2461 623 2515 Aperiatis
657 2465 696 2501 et
727 2461 915 2513 videatis,
949 2461 1046 2515 quid
1075 2461 1131 2503 ibi
1154 2461 1300 2503 lateat!
1334 2461 1397 2503 Illi
1420 2475 1515 2503 vero
1538 2461 1689 2502 dolium
1715 2473 1886 2515 aperue-

205 2537 303 2573 runt
334 2537 374 2573 et
405 2544 498 2573 ecce
532 2545 632 2586 puer
664 2545 816 2586 parvus
852 2532 997 2587 pannis
1031 2532 1228 2587 preciosis
1260 2532 1468 2575 involutus
1492 2532 1682 2574 abbatem
1703 2531 1888 2586 respexit
1916 2557 1920 2560 «

207 2607 247 2644 et
276 2603 381 2655 risit,
416 2602 542 2644 abbas
573 2615 669 2643 vero
703 2603 884 2644 totaliter
917 2603 966 2644 de
999 2604 1090 2645 visu
1121 2604 1409 2645 contristratus
1443 2604 1518 2645 ait:
1561 2603 1593 2645 O
1626 2603 1724 2644 deus
1757 2615 1885 2655 meus,

207 2674 303 2727 quid
337 2678 399 2714 est
431 2673 518 2726 hoc,
552 2673 659 2727 quod
691 2673 924 2715 invenimus
958 2688 1131 2729 puerum
1163 2675 1206 2715 in
1229 2674 1456 2716 cunabulo?
1488 2673 1674 2729 Propriis
1698 2673 1885 2714 manibus

207 2757 297 2785 eum
333 2744 497 2797 levavit,
532 2743 702 2785 tabellas
736 2744 810 2786 sub
842 2744 971 2786 latere
1004 2745 1090 2799 ejus
1122 2745 1293 2798 invenit,
1333 2758 1433 2799 quas
1466 2748 1598 2787 mater
1627 2743 1780 2786 ibidem
1813 2756 1886 2798 po-

207 2815 309 2865 suit;
345 2815 508 2869 aperuit
540 2819 581 2856 et
611 2814 728 2868 legit,
771 2815 877 2868 quod
911 2829 1012 2870 puer
1044 2815 1114 2857 ille
1150 2816 1258 2857 inter
1289 2816 1458 2857 fratrem
1493 2819 1533 2857 et
1564 2828 1747 2857 sororem
1779 2817 1888 2856 esset

210 2883 297 2938 [67]
340 2886 503 2938 genitus
543 2899 618 2927 nec
659 2885 912 2940 baptizatus,
953 2886 1022 2927 sed
1063 2891 1231 2941 propter
1270 2886 1334 2928 dei
1374 2899 1556 2928 amorem
1597 2883 1808 2941 [petitur,]
1841 2887 1887 2926 ut

207 2961 508 2998 sacramentum
551 2957 745 3012 baptismi
785 2956 821 2997 ei
861 2957 1048 3010 daretur,
1091 2957 1237 2999 deinde
1277 2970 1367 2999 cum
1408 2970 1507 2998 auro
1541 2956 1648 3011 quod
1679 2956 1732 2998 ad
1762 2959 1887 3011 caput
