1949 3162
223 764 497 838 Incipiunt
538 767 683 821 tituli
725 784 1088 823 numerorum
1133 769 1388 823 omnium
1433 769 1802 842 capitulorum
1849 776 1902 826 et

484 878 872 951 exemplorum
917 881 1328 952 precedentium
1375 886 1427 936 et
1468 883 1646 954 primo

222 1082 290 1123 De
322 1081 537 1122 dilectione
573 1082 608 1122 1.

222 1153 290 1195 De
319 1153 606 1193 misericordia
638 1159 674 1193 et
703 1153 752 1193 de
783 1155 966 1209 coynatis
998 1154 1283 1196 subveniendis
1315 1155 1355 1196 2.

222 1224 391 1266 Justum
411 1223 622 1277 judicium
654 1224 692 1264 3.

223 1295 290 1337 De
310 1296 486 1349 justicia
507 1295 796 1348 judieaneium
824 1295 864 1336 4.

222 1367 290 1408 De
320 1367 514 1408 sectanda
533 1366 736 1419 fidelitate
767 1366 806 1406 5.

223 1438 290 1480 De
321 1438 528 1493 sequenda
557 1439 725 1478 racione
757 1437 794 1478 6.

223 1509 290 1550 De
318 1509 483 1549 invidia
511 1509 716 1549 malorum
746 1510 965 1550 adversum
995 1508 1121 1550 bonos
1153 1508 1191 1549 7.

223 1580 291 1621 De
320 1595 432 1620 vana
459 1580 599 1635 ¹qloria
632 1580 669 1620 8.

222 1651 291 1693 De
320 1651 508 1692 naturali
536 1651 706 1691 malicia
729 1665 810 1706 per
839 1651 1193 1691 mansuetudinem
1223 1651 1462 1706 superanda
1493 1649 1532 1691 9.

224 1722 293 1764 De
324 1721 526 1763 oblivione
559 1721 624 1762 10.

224 1793 292 1835 De
322 1808 473 1834 veneno
499 1793 664 1848 peceati
694 1807 773 1847 quo
807 1793 989 1846 quotidie
1018 1793 1228 1833 nutrimur
1262 1793 1327 1833 11.

225 1864 293 1905 De
324 1864 495 1905 luxuria
527 1863 593 1903 12.

224 1935 293 1976 De
323 1950 462 1976 amor-e
492 1935 730 1975 inordinato
766 1934 832 1975 13.

225 2005 292 2048 De
324 2006 578 2046 honorandis
603 2005 848 2061 parentibus
884 2004 949 2044 14.

224 2077 292 2118 De
321 2079 408 2118 vita
437 2078 572 2117 saneti
601 2076 760 2116 Alleoeii
779 2076 866 2129 filii
895 2075 1140 2129 Eus'emiani
1167 2077 1433 2131 imperatoris
1467 2075 1533 2116 15.

225 2148 292 2189 De
322 2150 409 2189 vita
440 2147 668 2202 eaeemplari
700 2147 763 2187 16.

225 2219 293 2260 De
320 2219 572 2274 perfectione
601 2219 681 2258 vite
716 2217 780 2257 17.

229 2288 352 2341 Quod
382 2304 497 2330 omne
522 2296 737 2344 peceatum
769 2289 956 2343 quamvis
980 2288 1326 2343 predestinatorie
1361 2288 1674 2342 yravissimum,
1713 2288 1800 2328 nisi
1827 2287 1897 2328 de-

314 2361 568 2415 speracionis
599 2359 768 2399 baratro
800 2358 1026 2412 subjaceat,
1058 2360 1113 2399 sit
1140 2357 1383 2399 remissibile
1419 2357 1482 2399 18.

226 2431 293 2472 De
317 2438 487 2486 peccato
520 2429 709 2485 superbie
746 2429 809 2470 19.

227 2501 294 2542 De
324 2503 493 2542 miseria
524 2509 560 2541 et
589 2500 859 2542 tribulacione
890 2500 958 2541 20.

227 2571 294 2613 De
325 2572 418 2612 dolo
450 2579 487 2612 et
516 2573 827 2626 conspiracione
858 2579 894 2612 et
924 2571 1083 2612 cautela
1113 2572 1217 2627 ipsis
1249 2571 1459 2612 contraria
1493 2570 1561 2611 21.

227 2642 295 2683 De
326 2644 470 2683 timore
499 2643 708 2683 ‘niundano
742 2642 808 2683 22.

228 2712 295 2754 De
326 2713 542 2768 spirituali
569 2714 776 2754 ‘medicina
807 2713 873 2753 23.

231 2780 349 2836 [160]
384 2784 450 2825 De
481 2785 736 2839 suyyestione
767 2783 926 2825 diaboli
949 2798 1029 2839 per
1060 2783 1308 2838 temporalia
1338 2782 1406 2822 24.

229 2853 296 2895 De
327 2853 610 2905 beneficiorum
641 2854 843 2896 oblivione
873 2862 910 2896 et
938 2854 1237 2909 inyratitudine
1268 2852 1336 2894 25.

230 2924 298 2966 De
328 2926 556 2968 humilitate
589 2925 655 2967 26.
