1949 3162
1003 80 1088 121 512

217 187 390 228 Juvenis
422 185 609 227 turbatus
641 195 805 242 accepto
829 188 1023 228 comitatu
1043 201 1188 227 navem
1209 187 1429 227 ascendens
1459 187 1625 228 tendens
1650 187 1694 226 in
1714 187 1898 242 patriam

223 257 399 313 Tyrum,
446 257 516 297 sed
562 265 656 311 post
698 272 899 298 recessum
945 257 1210 298 adolescentis
1254 259 1415 298 vocavit
1459 272 1532 298 rex
1577 258 1899 312 dispensatorem

217 343 356 378 suum,
406 326 702 368 Tltal'iarclzum
742 325 895 381 [12032]
937 330 1121 379 nomine,
1164 330 1232 369 cui
1269 330 1348 369 ait:
1399 327 1618 369 Taliarclie
1656 336 1898 369 secretorum

216 414 398 440 meorum
428 401 625 454 onayistet·
643 399 906 452 fidelissime,
949 400 1078 450 scias,
1118 400 1229 454 quod
1266 398 1401 454 Tyrus
1434 399 1715 454 Appollonius
1746 400 1899 440 invenit

170 478 192 512 5
218 471 441 525 questionis
482 485 568 511 mee
605 470 880 512 solucionem!
915 470 1100 511 Ascende
1140 485 1234 525 erqo
1275 470 1488 523 confestim
1525 484 1670 511 navem
1711 471 1767 511 ad
1801 485 1897 525 per-

217 542 465 596 sequendum
497 556 609 592 eum,
645 550 681 583 et
713 557 802 582 cum
828 543 1065 596 perveneris
1103 540 1281 595 Tyrum,
1326 555 1446 596 quere
1479 555 1568 581 eum
1600 549 1635 582 et
1667 556 1755 582 cum
1775 541 1897 596 ferro

216 612 280 653 vel
315 626 464 652 veneno
506 613 682 665 interfice
721 613 837 653 eum!
876 612 1078 653 Rei-ersus
1126 613 1224 653 dum
1249 613 1411 666 fueris,
1456 614 1664 667 premium
1704 627 1899 667 maqnum

217 684 406 737 accipies.
468 682 740 724 Thaliarclius
775 691 933 724 scutum
965 685 1170 739 accipiens
1195 685 1498 739 pecuniamque
1531 698 1703 738 petyens
1735 683 1791 724 ad
1819 698 1898 738 pa-

218 755 342 795 triam
363 753 530 806 juvenis
566 757 681 796 venit.
731 754 1014 810 Appollonius
1045 769 1139 795 vero
1170 757 1289 810 prius
1321 756 1431 795 venit
1462 763 1497 795 et
1519 755 1575 795 ad
1597 755 1762 795 domum
1782 768 1900 794 suam

149 831 193 866 10
217 827 418 876 introivit,
454 834 676 880 apertoque
706 827 859 867 scrinio
894 840 1029 866 omnes
1052 826 1177 867 libros
1209 827 1388 881 respexit
1409 835 1445 867 et
1466 825 1572 866 niliil
1593 825 1710 866 aliud
1730 826 1896 876 invenit,

217 898 302 936 nisi
333 897 445 951 quod
474 898 563 951 reqi
593 898 775 948 dixerat,
821 906 858 938 et
896 898 1002 938 dimit
1032 899 1144 939 intra
1177 912 1238 938 se:
1278 897 1340 938 Ni
1363 897 1524 951 fallor,
1569 896 1796 938 Antiochus
1827 911 1900 937 rea·

217 969 347 1022 impio
384 982 522 1008 amore
561 968 699 1023 cltltyz't
725 969 864 1021 filiam
895 983 1025 1009 suam.
1086 969 1141 1010 Et
1179 971 1408 1023 recoqitans
1447 983 1581 1009 secum
1620 969 1747 1009 dizit:
1788 967 1902 1019 Quid

218 1040 329 1094 aqis,
373 1039 631 1094 Appolloni'?
677 1039 986 1080 Conclusionem
1026 1039 1109 1092 ejus
1149 1040 1308 1081 solvisti
1346 1049 1382 1081 et
1408 1039 1548 1093 filiam
1578 1054 1662 1080 non
1693 1040 1897 1094 accepisti.

218 1110 316 1151 Ideo
350 1110 507 1151 delatus
540 1125 577 1150 es
610 1126 635 1150 a
657 1111 745 1161 deo,
779 1119 824 1152 ut
854 1125 937 1151 non
971 1113 1169 1152 morieris.
1219 1110 1500 1166 Continuoque
1521 1109 1650 1163 jussit
1676 1110 1759 1151 sibi
1776 1124 1899 1151 naves

150 1186 193 1221 15
211 1196 446 1237 preparare
478 1190 515 1222 et
545 1196 612 1222 eas
645 1190 800 1222 centum
832 1183 1014 1223 millibus
1045 1184 1277 1223 modiorum
1297 1182 1510 1236 frumenti
1530 1183 1697 1223 onerari
1717 1190 1753 1222 et
1772 1181 1899 1223 multo

212 1254 397 1308 pondere
435 1255 532 1294 auri
570 1261 607 1294 et
643 1255 807 1308 arqenti
839 1262 875 1295 et
904 1263 1008 1295 veste
1044 1255 1231 1309 copiosa,
1273 1262 1307 1294 et
1339 1269 1430 1294 cum
1460 1254 1606 1308 paucis
1637 1268 1771 1294 secum
1791 1253 1899 1306 fide-

220 1324 386 1365 lissimis
419 1324 520 1364 liora
553 1325 682 1365 noctis
715 1326 840 1366 tercia
877 1327 1016 1366 navim
1054 1327 1237 1366 ascendit
1268 1326 1524 1380 tradiditque
1554 1340 1595 1366 se
1625 1325 1708 1366 alto
1737 1324 1898 1380 pelayo.

220 1395 319 1436 Alia
351 1410 444 1436 vero
477 1396 543 1436 die
576 1397 761 1450 queritur
793 1413 817 1437 a
841 1397 995 1437 civibus
1027 1398 1112 1437 suis
1145 1405 1181 1437 et
1211 1411 1292 1437 non
1324 1398 1544 1438 invenitur.
1591 1397 1734 1437 Meror
1758 1398 1900 1451 inqens

219 1468 423 1518 nascitur,
480 1468 592 1522 quod
637 1469 944 1509 amantissimus
988 1469 1182 1523 princeps
1224 1469 1362 1523 patrie
1405 1482 1610 1522 nusquam
1655 1469 1898 1523 comparuit,

150 1544 196 1578 20
218 1538 409 1593 planctus
441 1552 615 1593 maqnus
649 1547 735 1580 crat
765 1540 810 1579 in
842 1540 1016 1589 civitate,
1051 1547 1186 1579 tantus
1218 1553 1311 1580 vero
1343 1553 1460 1580 amor
1492 1540 1642 1579 civium
1673 1540 1783 1579 circa
1812 1553 1902 1579 eum

221 1617 327 1659 erat,
371 1617 414 1649 ut
452 1609 578 1650 multo
612 1618 791 1665 tempore
832 1618 1014 1651 tonsores
1055 1618 1276 1660 cessarent,
1315 1609 1484 1665 publica
1515 1610 1747 1665 spectacula
1786 1609 1900 1651 tolle-

221 1688 381 1731 rentur,
424 1680 570 1721 balnea
608 1681 915 1732 clauderentur,
959 1696 1041 1722 non
1080 1681 1231 1736 templa
1268 1696 1341 1722 nec
1380 1683 1570 1722 tabernas
1608 1682 1794 1736 quisquis
1834 1682 1900 1721 in-

219 1753 426 1806 qreditur,
468 1759 504 1792 et
536 1767 626 1792 cum
657 1753 760 1794 talia
792 1762 1024 1808 aqerentur,
1058 1754 1291 1809 supervenit
1327 1751 1614 1803 Thaliarchus,
1649 1754 1724 1807 qui
1753 1768 1778 1793 a
1808 1766 1902 1807 reqe

222 1823 426 1864 Antiocho
467 1823 524 1863 ad
553 1825 782 1864 necandum
819 1827 967 1866 missus
1004 1833 1111 1875 erat,
1153 1832 1189 1865 et
1227 1825 1369 1864 videns
1410 1826 1548 1865 omnia
1589 1824 1750 1874 clausa,
1795 1824 1902 1864 dimit

151 1898 197 1933 25
223 1895 393 1949 quidam
429 1909 580 1949 puero:
621 1894 770 1936 Indica
809 1897 932 1947 milii,
975 1897 1014 1937 si
1051 1897 1183 1937 vivere
1222 1895 1340 1946 velis,
1385 1910 1432 1937 em
1473 1910 1555 1951 qua
1593 1910 1718 1936 causa
1757 1896 1900 1936 civitas

221 1967 301 2006 ista
332 1967 376 2006 in
409 1965 518 2006 luctu
548 1967 760 2008 moratur?
793 1968 866 2008 Ait
894 1982 1020 2023 puer:
1057 1966 1091 2008 O
1124 1968 1347 2018 carissime,
1381 1968 1510 2007 nescis
1542 1975 1585 2008 tu
1615 1966 1722 2007 illud
1733 1966 1750 2006 ,9
1790 1965 1903 2018 Quid

222 2036 478 2091 intem-oyas?
516 2035 668 2078 Civitas
700 2038 770 2079 liec
800 2040 844 2079 in
878 2039 987 2080 luctu
1018 2046 1224 2089 moratur,
1267 2040 1366 2093 quia
1397 2038 1678 2093 Appollonius
1705 2039 1901 2093 princeps

220 2109 357 2163 patrie
394 2107 512 2160 liujus
552 2108 602 2149 ab
635 2109 838 2151 Antiocho
862 2124 971 2165 ¹reye
1008 2124 1213 2164 reqressus
1250 2124 1455 2164 nusquam
1487 2110 1729 2164 comparuit.
1789 2107 1900 2150 Tha-

224 2179 403 2219 liarclius
436 2194 526 2220 cum
558 2179 632 2220 lioc
663 2182 864 2232 audisset,
900 2181 1057 2236 qaudio
1093 2181 1238 2236 plenus
1270 2182 1326 2221 ad
1356 2194 1500 2221 navem
1531 2181 1654 2221 rediit
1685 2187 1721 2221 et
1750 2179 1900 2220 Antio-

153 2256 198 2290 30
224 2250 357 2291 cliiam
388 2251 580 2302 intravit,
620 2253 908 2307 inqressusque
944 2253 1000 2293 ad
1030 2267 1164 2306 reqem
1196 2253 1276 2293 ait:
1316 2251 1498 2293 Domine
1534 2253 1594 2292 mi
1629 2266 1722 2302 rex,
1763 2251 1899 2302 letare,

224 2323 325 2377 quia
359 2321 634 2376 Appollonius
666 2338 735 2364 vos
767 2325 910 2365 timens
941 2338 1147 2379 nusquam
1187 2325 1431 2378 comparuit.
1490 2323 1581 2364 Rem
1621 2324 1701 2364 ait:
1741 2322 1902 2378 Fuqere

225 2394 389 2448 quidem
425 2401 575 2447 potest,
624 2395 695 2435 sed
734 2395 908 2450 effuqere
943 2410 1026 2436 non
1061 2403 1206 2450 potest.
1264 2393 1416 2436 Statim
1454 2393 1691 2447 hujusmodi
1729 2395 1902 2435 edictum

222 2465 382 2519 posuit:
423 2463 666 2519 Quicunque
697 2465 999 2521 Appollonium
1036 2465 1194 2521 Tyrum
1232 2474 1545 2521 contemptorem
1574 2467 1695 2520 reqni
1722 2467 1804 2506 mei
1833 2480 1901 2506 ex-

224 2535 421 2586 hibuerit,
470 2538 643 2591 accipiet
681 2538 985 2592 quinquaqinta
1024 2537 1177 2579 talenta
1224 2538 1343 2586 auri,·
1389 2538 1464 2592 qui
1508 2551 1602 2577 vero
1641 2545 1765 2592 caput
1802 2526 1930 2589 ej'us,·

156 2610 201 2644 35
226 2615 384 2647 centum
422 2608 606 2662 accipiet.
665 2607 756 2648 Hoc
774 2608 897 2662 facto
929 2623 1012 2649 non
1044 2616 1201 2650 tantum
1231 2609 1394 2648 inimici
1422 2608 1493 2649 sed
1523 2608 1649 2648 amici
1679 2608 1901 2663 cupiditate

225 2678 382 2719 seducti
411 2678 467 2718 ad
494 2679 819 2732 persequendum
850 2679 1153 2735 Appollonium
1181 2678 1474 2734 properabant.
1525 2677 1779 2730 Querebatur
1808 2691 1900 2719 vero

226 2748 509 2804 Appollonius
538 2763 615 2804 per
645 2763 770 2800 mare,
799 2765 879 2805 per
900 2759 1042 2799 terras,
1071 2765 1148 2806 per
1168 2750 1307 2801 silvas,
1339 2764 1415 2805 per
1435 2750 1647 2790 universas
1668 2750 1899 2804 indaqines,

228 2828 264 2861 et
302 2835 385 2861 non
423 2819 716 2860 inveniebatur.
778 2819 894 2862 Tunc
931 2836 1004 2862 rex
1025 2820 1155 2874 jussit
1193 2821 1274 2862 sibi
1303 2821 1450 2861 classes
1480 2821 1648 2860 navium
1677 2819 1904 2876 preparari

228 2891 284 2931 ad
316 2891 645 2946 persequendum
682 2889 896 2943 juvenem,
946 2893 1018 2933 sed
1065 2900 1101 2934 et
1136 2907 1296 2934 moram
1320 2891 1598 2946 facientibus,
1647 2892 1721 2946 qui
1757 2891 1901 2932 classes

156 2965 203 2999 40
226 2961 308 3002 sibi
334 2963 504 3003 navium
532 2962 829 3017 preparabant,
863 2963 1144 3018 Appollonius
1170 2962 1363 3005 Tharsim
1394 2964 1553 3004 devenit
1581 2971 1616 3004 et
1637 2962 1901 3004 deambulans
