1919 3157
830 48 913 89 049

52 148 262 202 coadjutor
294 150 403 191 intus
436 156 475 193 et.
507 156 642 203 extra,
683 158 722 195 et
763 167 852 195 cum
887 154 1067 207 redier0,
1105 156 1239 197 omnia
1272 170 1347 211 que
1379 158 1461 200 sint
1491 158 1603 201 licita
1634 159 1716 202 sint

52 220 254 274 expedita.
304 220 391 262 lliis
423 222 542 264 dictis
576 223 818 266 valefecerat
850 225 884 266 ei
918 229 958 267 et
989 226 1166 268 recessit.
1215 226 1457 283 Imperatrix
1490 243 1583 272 vero
1615 231 1715 273 satis

51 291 274 345 prudenter
314 292 532 347 Imperium
574 296 761 348 regebat,
800 296 926 338 frater
965 301 1099 339 autem
1136 297 1395 353 Imperatoris
1435 304 1594 343 tantum
1628 307 1716 344 erat

50 366 192 416 captus
226 362 265 403 in
299 376 436 405 amore
470 364 766 420 imperatricis,
805 367 910 420 quod
950 367 1162 410 videbatur
1194 370 1270 411 sibi
1303 372 1427 424 mori,
1470 373 1547 414 nisi
1580 372 1715 415 libidi-

50 445 139 474 nem
175 446 289 475 suam
324 434 551 489 adinpleret
590 437 629 478 in
664 451 722 478 ea.
781 439 880 479 Cum
921 443 1058 481 autem
1092 440 1216 482 semel
1250 454 1337 483 eam
1371 442 1497 484 solam
1533 444 1714 498 vidisset,

49 503 98 545 de
129 517 266 546 amore
299 505 530 547 inordinato
571 508 605 548 ei
645 508 899 562 loquebatur.
955 509 1009 552 Et
1046 511 1126 553 ista
1166 512 1252 554 sine
1290 513 1472 555 ulteriori
1515 514 1714 558 dilacione

49 587 139 616 eum
179 575 375 628 arguebat
413 577 614 630 graviter,
655 579 761 633 quod
804 593 891 621 eam
932 581 983 622 ad
1023 586 1231 636 peccatum
1274 584 1493 627 sollicitare
1532 586 1713 641 auderet,

49 645 240 700 precipue
271 659 361 687 cum
396 647 485 702 ipsa
518 662 620 691 uxor
649 650 788 692 fratris
811 651 872 692 sui
905 656 1023 694 esset.
1072 653 1151 696 Iste
1184 668 1278 696 vero
1311 656 1501 698 confusus
1534 659 1713 712 recessit,

48 720 182 758 tamen
215 716 265 758 de
297 717 361 759 die
394 718 434 759 in
467 719 573 761 diem
607 735 694 762 eam
728 722 964 764 sollicitavit
1003 724 1043 765 in
1077 729 1273 779 quantum
1315 728 1458 782 potuit.
1513 728 1587 770 Illa
1618 743 1713 772 vero

46 786 188 829 videns
221 787 436 830 stultitiam
471 791 556 844 ejus
590 792 696 846 quod
728 793 924 835 desistere
956 794 1100 848 nollet,
1142 809 1233 838 eum
1266 797 1536 841 incarceravit
1568 804 1607 841 et
1637 800 1712 842 ibi-

46 857 137 899 dem
177 871 304 912 usque
344 860 395 901 ad
427 861 644 904 adventurn
680 863 943 918 Imperatoris
982 868 1189 909 remansit.
1247 867 1348 910 Cum
1382 883 1477 911 vero
1518 871 1712 926 audisset,

46 929 153 983 quod
176 929 402 985 Imperator
433 932 602 986 veniret,
636 934 745 976 intra
776 948 818 977 se
851 936 1075 989 cogitabat:
1110 937 1152 980 Si
1185 939 1311 982 frater
1342 953 1455 983 meus
1488 942 1527 983 in
1551 955 1712 986 carcere

46 1013 111 1042 me
132 1000 325 1054 inveniet,
348 1015 511 1044 causam
534 1003 653 1058 hujus
677 1005 725 1047 ab
748 1005 1012 1061 Imperatrice
1034 1013 1188 1063 queret.
1222 1010 1296 1052 llla
1318 1025 1398 1053 non
1420 1013 1588 1066 negabit
1608 1014 1712 1056 veri-

46 1074 171 1113 tatem
204 1076 245 1114 et
275 1073 333 1114 sic
363 1072 470 1116 filius
491 1076 635 1117 mortis
668 1090 757 1118 sum
791 1091 877 1131 ego.
926 1077 1073 1121 Statim
1107 1082 1220 1124 misit
1248 1082 1298 1124 ad
1319 1083 1635 1139 imperatricem,
1668 1089 1713 1128 ut

44 1147 212 1198 propter
249 1144 369 1186 deum
417 1145 467 1187 ad
506 1147 653 1189 ostium
693 1149 867 1191 carceris
915 1150 1091 1205 veniret,
1136 1156 1182 1195 ut
1220 1154 1345 1196 semel
1384 1168 1475 1197 cum
1515 1169 1563 1197 ea
1599 1156 1712 1212 loqui

45 1219 194 1269 posset.
241 1214 315 1256 Illa
346 1218 548 1259 concessit
578 1222 618 1260 et
649 1218 700 1260 ad
722 1232 812 1261 eum
846 1221 969 1263 venit.
1017 1222 1092 1273 Qui
1125 1224 1203 1266 ait:
1237 1224 1269 1266 O
1292 1225 1457 1268 domina
1478 1227 1710 1281 karissima,

44 1285 108 1327 fac
144 1285 463 1329 misericordiam
505 1293 674 1344 propter
706 1290 838 1333 deum.
893 1291 936 1334 Si
973 1293 1100 1336 frater
1132 1309 1246 1338 meus
1286 1297 1328 1338 in
1359 1310 1520 1340 carc-ere
1555 1312 1619 1341 me
1649 1299 1710 1341 in-

44 1356 213 1409 veniret,
244 1356 350 1400 filius
383 1360 526 1401 mortis
559 1374 647 1402 sum
683 1375 778 1416 ego,
811 1366 851 1404 et
881 1363 972 1406 ideo
1004 1365 1054 1408 de
1085 1379 1246 1409 carcere
1276 1381 1342 1410 me
1372 1368 1538 1412 liberari
1568 1370 1708 1413 facias.

43 1427 105 1469 Ac
133 1427 224 1470 illa:
259 1428 301 1470 Si
333 1431 629 1474 correccionem
653 1433 895 1487 condignam
928 1435 1028 1477 mihi
1057 1438 1287 1494 promittas,
1320 1440 1393 1482 tibi
1424 1441 1529 1484 facio
1551 1442 1710 1485 miseri-

43 1498 237 1541 cordiam.
285 1500 356 1543 Ille
387 1515 482 1544 vero
514 1502 592 1545 fide
625 1504 722 1546 data
753 1518 797 1547 se
829 1507 1045 1550 emendare
1078 1510 1279 1564 promisit.
1323 1510 1377 1554 Et
1407 1511 1478 1554 illa
1510 1526 1602 1555 eum
1627 1517 1709 1556 sta-

42 1570 115 1611 tim
151 1570 200 1613 de
233 1585 395 1616 carcere
425 1574 600 1617 liberare
630 1575 746 1630 fecit,
779 1576 961 1619 balneari
995 1583 1034 1621 et
1064 1579 1233 1623 barbam
1265 1583 1354 1624 radi
1384 1583 1481 1626 fecit
1512 1598 1558 1627 ac
1586 1585 1709 1628 vesti-

42 1642 190 1684 mentis
234 1645 350 1686 novis
396 1645 509 1687 indui
557 1650 597 1688 et
642 1647 720 1688 ait:
772 1647 864 1689 Jam
913 1649 1165 1693 dextrarium
1211 1657 1325 1695 tuum
1374 1655 1566 1709 accende,
1614 1657 1710 1712 quia

41 1712 201 1755 obviam
248 1715 413 1757 domino
459 1730 550 1759 meo
598 1718 688 1760 ibis.
750 1719 807 1762 At
852 1720 949 1763 iste:
999 1721 1142 1764 Presto
1190 1737 1292 1766 sum.
1361 1724 1460 1767 Cum
1502 1741 1596 1769 vero
1635 1742 1708 1784 per

40 1784 245 1838 quandam
292 1787 487 1829 forestam
535 1789 805 1844 equitassent,
852 1805 995 1834 cervus
1042 1794 1206 1848 quidam
1256 1800 1349 1838 ante
1397 1811 1464 1839 eos
1515 1800 1706 1842 cucurrit.

40 1854 190 1898 Omnes
223 1861 358 1899 autem
393 1863 592 1913 quotquot
623 1865 751 1915 erant,
787 1863 860 1904 viri
894 1876 941 1905 ac
971 1865 1185 1920 mulieres,
1228 1880 1392 1910 cervum
1432 1871 1707 1924 sequebantur

39 1926 135 1980 agili
174 1939 308 1982 cursu,
355 1929 414 1971 ita
460 1931 565 1984 quod
611 1932 746 1974 nullus
793 1936 989 1978 remansit
1035 1950 1125 1979 cum
1169 1938 1431 1994 imperatrice
1476 1942 1556 1984 nisi
1595 1943 1706 1986 solus

37 1997 164 2040 frater
209 2000 329 2052 regis.
391 2000 492 2043 Cum
537 2002 612 2044 hoc
650 2004 821 2047 vidisset
859 2006 917 2048 ait
956 2007 1014 2049 ei:
1061 2008 1093 2050 Ο
1133 2009 1298 2052 domina
1335 2011 1574 2067 karissima,
1614 2028 1705 2058 ecce

38 2082 178 2112 omnes
208 2077 466 2114 recesserunt
496 2074 547 2115 ad
579 2087 769 2128 magnam
799 2076 1057 2133 distanciam,
1087 2093 1169 2123 non
1201 2086 1263 2124 est
1293 2082 1358 2124 hic
1389 2083 1536 2138 aliquis
1568 2086 1704 2129 nobis-

37 2153 128 2183 cum
159 2141 339 2196 relictuS,
365 2143 452 2196 Jam
486 2145 585 2186 mihi
617 2148 873 2202 consencias,
899 2149 986 2203 jam
1019 2154 1153 2194 tecum
1186 2153 1365 2197 dormire
1395 2169 1592 2211 propono.
1647 2157 1705 2200 At

37 2212 136 2254 ista:
178 2217 315 2255 votum
354 2214 427 2256 deo
467 2217 580 2270 vovi,
621 2218 728 2271 quod
767 2232 991 2275 numquam
1029 2223 1226 2278 polluitur
1263 2239 1410 2282 corpus
1450 2240 1585 2269 meum
1623 2228 1703 2271 nisi

37 2297 109 2339 per
148 2284 293 2338 istum,
340 2286 404 2327 cui
442 2288 663 2330 secundum
703 2289 822 2332 deum
864 2305 956 2334 sum
995 2293 1252 2350 desponsata.
1316 2296 1388 2340 Ille
1418 2297 1494 2340 hoc
1533 2299 1702 2342 audiens

36 2368 125 2397 eam
164 2355 351 2398 omnibus
384 2359 637 2402 vestimentis
676 2366 848 2417 excepta
883 2363 970 2406 sola
1000 2366 1170 2408 camisia
1207 2367 1400 2423 spoliavit
1436 2373 1477 2411 et
1507 2383 1596 2412 eam
1629 2384 1703 2426 per

35 2426 168 2469 crines
214 2427 255 2468 in
293 2427 479 2470 arborem
519 2432 733 2486 suspendit
778 2438 818 2476 et
856 2448 944 2477 eam
984 2437 1043 2478 sic
1081 2451 1323 2493 suspensam
1362 2453 1453 2482 cum
1493 2441 1700 2483 dextrario

36 2510 108 2539 suo
146 2497 302 2540 dimisit
339 2503 379 2541 et
416 2513 603 2543 reversus
643 2508 704 2545 est
742 2518 816 2560 per
854 2505 959 2547 viam
1001 2520 1081 2561 qua
1118 2510 1348 2552 veniebant.
1410 2511 1565 2554 Eodem
1605 2526 1700 2555 vero

35 2567 101 2610 die
133 2568 215 2610 dux
245 2569 287 2611 in
321 2570 461 2612 eadem
494 2572 648 2616 foresta
679 2580 849 2618 venatus
883 2581 954 2619 est.
1014 2577 1144 2621 Canes
1177 2594 1272 2622 vero
1302 2581 1484 2637 leporem
1517 2583 1700 2626 videntes

35 2652 126 2682 eum
173 2640 458 2695 sequebantur.
526 2643 581 2686 Et
629 2657 718 2687 cum
765 2647 888 2700 juxta
932 2648 1119 2692 arborem
1166 2652 1375 2695 venissent
1419 2653 1488 2695 ubi
1534 2654 1700 2697 domina

35 2711 257 2766 pendebat,
297 2713 460 2755 odorem
495 2715 581 2768 ejus
614 2716 837 2771 habebant,
870 2719 911 2761 in
944 2733 1044 2775 pace
1080 2722 1245 2765 stabant
1274 2724 1402 2766 donec
1433 2724 1513 2766 dux
1547 2725 1596 2767 ad
1630 2740 1698 2768 eos

35 2782 235 2825 veniebat.
298 2783 391 2826 Dux
432 2798 525 2827 vero
564 2799 655 2828 cum
694 2788 898 2831 dominam
939 2794 1020 2833 tam
1065 2792 1275 2847 pulchram
1317 2795 1492 2850 pendere
1530 2796 1699 2840 vidisset

35 2853 329 2897 ammirabatur
361 2859 401 2898 et
432 2856 509 2898 ait:
542 2857 772 2901 Karissima
792 2860 970 2915 domina,
1002 2863 1110 2906 unde
1141 2877 1182 2907 es
1217 2870 1257 2908 et
1287 2880 1412 2921 quare
1434 2866 1499 2909 hic
1519 2868 1698 2923 pendes?

10 2923 90 2966 .At
119 2924 210 2968 illa:
243 2925 382 2976 Qualis
415 2941 503 2970 sum
537 2928 635 2971 deus
666 2931 781 2973 novit
811 2935 851 2975 et
883 2946 1006 2987 quare
1037 2934 1103 2977 hic
1133 2936 1265 2992 pendo
1293 2937 1389 2979 fecit
1410 2938 1540 2981 malus
1562 2939 1696 2995 homo,
