1949 3162
979 66 1065 107 422

300 173 587 215 Moralizacio.
651 172 887 226 Carissimi,
927 172 1006 215 iste
1043 172 1231 214 tirannus
1270 176 1333 214 est
1370 171 1576 225 diabolus,
1615 172 1684 226 qui
1719 172 1858 225 generi

184 244 362 286 humano
394 243 518 285 nimis
549 243 628 285 fuit
659 244 836 286 crudelis
869 243 940 296 sic,
974 243 1080 297 quod
1113 256 1240 295 genus
1272 243 1495 284 humanum
1528 243 1667 285 celesti
1699 241 1858 284 heredi-

183 318 268 357 tate
301 315 490 370 privavit.
554 314 668 364 Quod
704 315 843 357 videns
875 328 1002 368 genus
1035 314 1258 356 humanum
1293 314 1342 356 ad
1375 328 1511 367 regem
1543 314 1859 356 Constantinum

184 385 340 428 scilicet
372 385 422 427 ad
455 385 572 426 deum
606 385 732 439 fugit,
765 389 908 440 petens
941 385 1139 426 auxilium
1173 385 1222 427 ab
1255 399 1315 438 eo,
1348 385 1454 427 unde
1486 384 1726 426 Psalmista:
1773 385 1860 439 Ap-

136 464 157 499 5
184 456 390 512 prehende
430 469 545 498 arma
585 460 625 498 et
665 460 824 498 scutum
859 460 900 498 et
930 469 1105 509 exsurge
1136 456 1177 496 in
1211 456 1459 509 adjutorium
1499 455 1642 508 michi,
1681 455 1778 509 quia
1814 459 1859 497 tu

184 541 239 581 es,
273 527 342 581 qui
373 527 566 569 restitues
598 526 866 569 hereditatem
901 540 1034 569 meam
1068 527 1203 568 michi.
1268 526 1358 568 Hiis
1389 526 1524 568 verbis
1551 530 1776 568 commotus
1799 530 1861 568 est

184 598 282 640 deus
321 611 394 640 rex
434 601 475 640 et
506 598 683 640 armavit
715 611 757 640 se
789 597 1047 639 divinitatem
1080 611 1194 639 suam
1229 597 1406 639 humane
1440 601 1584 639 nature
1616 596 1859 652 copulando,

184 673 225 711 et
247 682 396 722 equum
419 682 538 711 suum
565 668 761 722 ascendit,
794 669 889 710 dum
913 669 955 710 in
977 681 1094 711 cruce
1118 668 1314 723 suspendi
1337 668 1477 720 voluit,
1511 671 1551 709 et
1572 667 1629 709 sic
1650 668 1858 709 tirannum

184 740 411 795 prostravit
442 743 482 782 et
513 739 631 781 nobis
662 739 934 782 hereditatem
966 739 1159 781 restituit.

114 982 159 1017 10
858 968 960 1010 CAP.
984 970 1052 1010 96.
1086 970 1189 1021 (ss.)

388 1054 523 1114 Quod
555 1057 646 1101 vita
676 1070 862 1116 presens
899 1062 960 1100 est
994 1058 1082 1101 vita
1121 1058 1397 1102 remissionis
1435 1062 1474 1101 et
1505 1057 1670 1115 yracie.

301 1164 388 1206 Rex
420 1163 657 1206 Alexander
696 1164 834 1219 posuit
871 1164 1082 1206 candelam
1124 1165 1334 1207 ardentem
1373 1165 1414 1206 in
1447 1164 1542 1206 aula
1572 1178 1646 1207 sua
1677 1169 1718 1207 et
1748 1165 1862 1207 misit

185 1249 379 1290 precones
413 1249 485 1291 per
516 1238 647 1277 totum
680 1249 852 1289 regnum
892 1249 1031 1289 suum,
1071 1237 1138 1290 qui
1178 1237 1459 1278 clamaverunt
1498 1240 1539 1278 et
1575 1236 1787 1290 dixerunt,
1827 1236 1862 1278 si

185 1306 333 1361 aliquis
371 1306 615 1349 forefecerat
652 1310 795 1348 contra
840 1320 998 1360 regem,
1047 1308 1153 1361 quod
1201 1308 1394 1349 audacter
1441 1307 1617 1359 veniret3
1666 1307 1861 1361 quamdiu

118 1383 160 1418 15
185 1378 356 1420 candela
388 1378 562 1430 arderet,
596 1391 669 1420 rex
700 1378 940 1420 forefactum
976 1378 1221 1430 dimitteret3
1255 1384 1296 1421 et
1326 1379 1360 1420 si
1394 1379 1484 1433 quis
1515 1378 1758 1420 forefactum
1791 1378 1861 1420 ha-

188 1449 301 1491 beret
341 1453 382 1491 et
411 1463 494 1491 non
534 1449 711 1502 veniret,
751 1449 922 1491 candela
961 1450 1164 1491 exstincta
1203 1454 1334 1492 morte
1365 1450 1474 1492 mala
1511 1450 1678 1505 periret.
1749 1449 1861 1492 Istud

186 1520 446 1562 audientibus
486 1520 671 1575 populis,
711 1521 754 1561 in
793 1534 918 1574 regno
960 1521 1079 1563 multi
1119 1526 1320 1564 venerunt
1357 1522 1409 1563 ad
1447 1535 1584 1575 regem
1625 1524 1666 1563 et
1701 1521 1861 1563 miseri-

185 1591 367 1634 cordiam
401 1592 625 1647 pecierunt.
696 1591 783 1634 Rex
824 1591 997 1645 benigne
1028 1593 1185 1648 recepit
1216 1606 1304 1646 θος,
1338 1597 1378 1635 et
1407 1592 1527 1633 multi
1565 1592 1752 1645 fuerunt,
1793 1592 1861 1646 qui

184 1663 405 1705 noluerunt
443 1663 581 1705 venire
621 1666 661 1704 et
698 1662 985 1716 neglexerunt;
1027 1664 1097 1706 sed
1139 1664 1300 1718 quando
1336 1662 1505 1705 candela
1535 1663 1614 1705 fuit
1644 1663 1861 1717 exstincta,

116 1742 161 1776 20
185 1748 259 1776 rex
290 1734 389 1776 fecit
420 1747 488 1776 eos
521 1747 594 1788 per
626 1733 867 1776 violenciam
902 1734 1038 1776 afferri
1070 1739 1111 1777 et
1141 1736 1251 1776 mala
1283 1739 1412 1776 morte
1445 1734 1585 1776 occidi.

303 1806 591 1847 Moralizacio.
666 1804 900 1858 Carissimi,
940 1819 1012 1860 per
1052 1819 1192 1859 regem
1224 1805 1505 1847 Alexandrum
1547 1818 1764 1860 possumus
1799 1805 1862 1847 in-

188 1876 372 1930 telligere
420 1875 649 1929 Christum,
699 1876 766 1929 qui
813 1880 874 1917 est
919 1889 991 1918 rex
1038 1891 1179 1931 regum
1221 1881 1262 1918 et
1307 1876 1496 1918 dominus
1543 1876 1859 1918 dominancium.

185 1947 329 1989 Posuit
369 1947 582 1989 candelam
622 1948 831 1989 ardentem
875 1948 899 1989 i.
925 1962 958 1990 e.
991 1952 1223 2003 presentem
1264 1949 1412 2000 vitam,
1453 1960 1531 2001 que
1568 1948 1718 1990 transit
1757 1951 1862 1989 tam-

187 2032 310 2073 quam
344 2018 514 2060 candela
547 2018 707 2060 ardens.
779 2018 981 2061 Precones
1013 2020 1130 2061 missi
1162 2023 1258 2061 sunt
1288 2019 1580 2074 predicatores,
1614 2019 1681 2072 qui
1714 2018 1862 2060 cotidie

116 2098 161 2131 25
186 2089 381 2143 clamant,
413 2090 447 2131 si
481 2089 629 2143 aliquis
650 2089 884 2131 forefecerit
905 2095 1046 2132 contra
1068 2104 1204 2144 regem
1229 2091 1254 2131 i.
1279 2104 1311 2132 e.
1336 2084 1478 2131 contra
1500 2089 1722 2143 Christum,
1755 2089 1862 2144 quod

187 2161 381 2202 audacter
414 2161 551 2202 veniat
582 2161 777 2215 quamdiu
809 2161 980 2203 candela
1013 2162 1129 2203 ardet
1159 2163 1184 2203 i.
1211 2175 1242 2203 e.
1278 2175 1446 2216 presens
1479 2161 1563 2202 vita
1595 2161 1734 2213 durat,
1767 2161 1862 2216 quia

187 2232 375 2274 Christus
409 2237 471 2274 est
500 2232 624 2273 nimis
663 2232 919 2286 misericors,
960 2233 1066 2274 unde
1098 2233 1251 2274 David:
1302 2231 1422 2286 [Πὸ]
1458 2232 1740 2274 Misericordia
1775 2233 1861 2287 ejus

188 2317 311 2358 super
349 2303 486 2344 omnia
524 2316 649 2357 opera
688 2304 795 2357 ejus,
837 2304 943 2345 sicut
985 2308 1096 2358 patet
1135 2304 1178 2345 in
1216 2303 1374 2345 latrone
1415 2307 1489 2345 etc.
1565 2303 1686 2345 Modo
1736 2304 1861 2359 aliqui

189 2374 361 2416 audiunt
392 2378 432 2416 et
463 2374 632 2416 veniunt
664 2374 714 2415 ad
746 2388 884 2427 regem
917 2379 956 2417 et
988 2375 1313 2417 misericordiam
1350 2379 1513 2430 petunt,
1554 2375 1630 2417 hoc
1660 2378 1757 2416 sunt
1787 2375 1860 2429 illi,

118 2452 163 2487 30
189 2446 257 2500 qui
290 2449 459 2500 peecata
491 2459 565 2486 sua
605 2445 838 2499 dimittunt,
881 2446 1075 2487 mandata
1116 2446 1180 2487 dei
1211 2450 1353 2488 tenent
1384 2450 1425 2488 et
1455 2446 1600 2487 vivunt
1630 2446 1735 2488 sicut
1766 2446 1861 2488 boni

188 2516 425 2558 Christiani.
498 2516 593 2557 Illos
633 2516 806 2569 benigne
845 2517 1014 2571 recipit,
1056 2521 1096 2559 et
1134 2531 1207 2572 per
1246 2517 1339 2559 illos
1371 2517 1439 2571 qui
1472 2517 1691 2558 noluerunt
1721 2517 1861 2559 venire
1893 2548 1899 2551 κ

190 2601 406 2642 possumus
438 2587 666 2640 intelligere
698 2587 827 2628 malos
860 2587 1129 2641 Christianos,
1163 2588 1318 2630 scilicet
1349 2592 1549 2643 raptoreS,
1581 2589 1790 2630 usurarios
1822 2593 1862 2630 et

189 2662 345 2700 ceteros
382 2661 630 2712 peccatores.
703 2658 872 2708 Quando
914 2659 1084 2701 candela
1124 2663 1185 2701 est
1222 2660 1443 2712 exstincta,
1481 2660 1507 2700 i.
1532 2673 1565 2701 e.
1607 2663 1702 2714 post
1736 2659 1859 2701 istam

190 2730 316 2771 vitam
358 2729 545 2771 Christus
584 2728 708 2771 faciet
746 2743 813 2771 eos
853 2731 992 2772 venire
1032 2744 1167 2772 coram
1209 2744 1252 2772 se
1290 2731 1333 2772 in
1371 2731 1436 2772 die
1475 2716 1620 2784 judicii
1667 2734 1707 2772 et
1753 2731 1862 2772 mala

119 2807 164 2842 35
190 2805 320 2842 morte
352 2800 480 2843 occidi
512 2800 538 2841 i.
564 2814 595 2842 e.
631 2804 813 2842 eternam
846 2806 1019 2843 mortem
1053 2802 1160 2856 pati,
1196 2802 1357 2855 quando
1389 2801 1497 2843 dicet
1527 2802 1605 2844 eis:
1645 2802 1704 2844 Ite
1734 2802 1860 2844 male-

190 2871 288 2914 dicti
320 2872 361 2913 in
395 2872 530 2925 ignem
564 2875 763 2913 eternum.
