1929 3157
106 167 175 209 38.

105 309 174 351 39.

103 450 174 493 40.

101 592 172 634 41.

97 1161 169 1203 45.

96 1303 168 1345 46.·

96 1374 167 1416 47.

96 1517 166 1558 48.

95 1659 165 1701 49.

95 1802 164 1844 50.

94 1943 162 1986 51.

93 2085 162 2128 52.

92 2227 161 2269 53.

91 2369 160 2412 54.

151 2473 160 2482 .
209 2441 273 2483 De
312 2441 575 2497 carpentario
616 2445 657 2483 et
695 2441 868 2484 camisia
906 2445 981 2484 eto.
1039 2441 1182 2484 Gallus
1221 2443 1425 2496 regnavit.
1483 2441 1796 2495 (Keusehheits-

90 2582 159 2625 56.

89 2723 159 2765 57.

35 2913 38 2915 Α
88 2865 158 2907 58.

931 66 986 108 99

225 167 287 209 De
327 167 410 209 filio
449 169 660 211 forestarii
701 184 824 225 quem
866 171 1095 226 imperator
1127 170 1260 212 voluit
1292 172 1490 214 occidere.
1548 172 1807 216 Hambribal.

224 238 416 290 (Redde.)
464 239 535 281 lat.
562 240 630 281 20.

222 309 285 352 De
325 310 434 352 dulci
474 310 655 353 melodia
695 315 736 354 et
775 316 942 368 pastore
983 316 1023 355 et
1055 312 1310 368 sybillatore.
1368 313 1571 369 Tyberius
1604 316 1807 368 regnavit.

224 379 402 433 (Goldne
435 382 588 435 angel.)
636 382 707 424 lat.
734 384 802 425 85.

220 451 285 494 De
317 451 489 494 Claudio
529 453 783 508 imperatore
823 458 898 497 ete.
963 454 1161 497 Claudius
1201 455 1404 508 regnavit.
1471 454 1682 510 (Soc-rates
1723 457 1809 499 hei-

221 521 392 575 rathet.)
440 523 512 565 lat.
538 525 607 565 61.

220 592 284 635 De
324 592 546 636 florentina
578 609 657 650 que
690 596 874 638 animam
908 595 1126 649 signifieat.
1183 595 1324 651 Gayus
1357 597 1561 650 regnavit.
1619 597 1808 651 (Floren-

220 663 342 717 tina.)
390 665 462 707 lat.
489 667 556 707 62.

162 767 170 776 .
220 735 283 777 De
315 749 519 792 campana
551 741 744 793 serpente
775 742 816 781 et
831 738 1002 791 judicio.
1052 737 1308 780 Theodosius
1331 738 1374 779 in
1396 738 1577 781 civitate.
1627 739 1809 794 (Riigen-

219 806 398 860 gloeke.)
444 807 516 850 lat.
547 809 641 850 105.

162 910 170 918 .
218 877 282 920 De
321 878 440 921 leone
482 883 523 921 et
552 879 673 921 leena
705 879 939 922 adulterata
971 893 1064 922 eum
1096 879 1308 936 leopardo.
1365 880 1552 934 Legitur.
1609 880 1806 936 (wain.)

218 948 290 990 lat.
320 950 414 992 181.

217 1019 281 1061 De
320 1024 410 1063 orto
450 1035 571 1076 quem
613 1035 714 1077 aper
751 1021 970 1064 destruxit.
1029 1022 1246 1076 Trayanus
1279 1022 1482 1075 regnavit.
1538 1022 1668 1078 (Eber
1700 1024 1807 1067 ohne

218 1089 350 1144 herz.)
397 1091 469 1134 lat.
496 1093 564 1134 83.

217 1161 281 1204 De
313 1163 473 1216 virgine
511 1177 589 1218 que
621 1163 720 1206 feeit
751 1164 967 1206 camisiam
999 1167 1075 1206 eto.
1131 1163 1341 1206 Antonius
1374 1165 1579 1219 regnavit.
1636 1164 1804 1220 (Hemd,

218 1233 307 1275 drei
339 1234 453 1286 zoll.)
499 1234 570 1276 lat.
598 1235 666 1276 64.

215 1303 279 1346 De
311 1305 480 1347 domina
512 1309 553 1348 et
584 1306 717 1348 milite
750 1310 825 1348 etc.
874 1305 1096 1360 Pompeius
1119 1306 1162 1347 in
1184 1306 1366 1349 civitate.
1415 1306 1593 1361 (Falke.)
1641 1307 1712 1350 lat.
1734 1308 1803 1350 84.

215 1374 280 1417 De
325 1376 459 1419 tribus
507 1377 629 1419 sociis
669 1381 709 1419 et
749 1377 798 1419 de
839 1391 919 1418 uno
963 1390 1072 1432 pane
1111 1380 1187 1419 eto.
1253 1376 1361 1419 Olim
1403 1382 1522 1421 erant
1561 1382 1646 1421 tres
1688 1379 1803 1421 sooii.

216 1445 529 1502 (Traumbrod.)
577 1448 648 1490 lat.
678 1449 772 1490 106.

215 1517 279 1560 De
317 1533 445 1574 puero
485 1519 707 1562 nutriendo
748 1522 823 1561 ete.
877 1518 1030 1561 Lucius
1063 1519 1254 1572 regnavit
1285 1519 1355 1574 qui
1388 1521 1549 1563 statuit.
1606 1518 1804 1575 (Gnade.)

244 1603 343 1631 erm.
369 1591 438 1632 34.

213 1603 277 1702 {e
314 1661 489 1704 muliere
528 1661 764 1704 adulterata
802 1664 843 1704 et
874 1661 997 1703 beata
1028 1661 1201 1715 virgine.
1255 1662 1494 1717 Adryanus.
1551 1661 1802 1717 (Kerkerge-

214 1731 398 1787 sprach.)
447 1732 520 1774 lat.
544 1733 612 1775 86.

213 1802 277 1845 De
310 1807 487 1858 quatuor
519 1804 598 1845 viis
632 1806 672 1846 et
704 1803 791 1845 vita
822 1803 1016 1845 hominis.
1065 1803 1220 1846 Decius
1252 1804 1493 1860 imperator.
1544 1804 1699 1859 (Kreuz
1723 1804 1802 1846 mit

212 1874 493 1928 insohriften.)
539 1874 611 1917 lat.
637 1874 705 1916 65.

211 1944 275 1987 De
306 1945 426 1999 nigro
459 1959 564 2001 equo
588 1950 629 1988 et
650 1959 752 1988 eane
775 1948 815 1988 et
835 1945 1010 1988 falcone.
1052 1945 1282 1989 Dimaehus
1304 1946 1508 2000 regnavit.
1551 1945 1800 2000 (Schwarz.)

241 2029 340 2058 erm.
368 2017 437 2058 35.

211 2029 275 2128 lg)e
307 2086 392 2129 filia
423 2087 533 2139 regis
562 2100 636 2142 pro
667 2100 748 2141 qua
770 2087 889 2130 miles
912 2087 1128 2143 pugnavit.
1171 2086 1394 2130 Severinus
1417 2088 1620 2142 regnavit.
1667 2086 1800 2142 (waf-

210 2157 279 2200 sen
313 2157 584 2212 aufh’angen.)
632 2158 704 2200 lat.
731 2159 798 2200 66.

209 2227 273 2270 De
304 2228 437 2271 milite
470 2229 647 2271 dracone
679 2232 719 2271 et
739 2229 858 2271 leone
882 2232 923 2272 et
944 2229 1064 2270 mari.
1112 2229 1323 2272 Antonius
1346 2229 1549 2284 regnavit.
1600 2227 1797 2283 (Wiiste.)

211 2312 235 2341 a
299 2331 308 2341 .
333 2300 372 2341 3.

209 2313 293 2412 DZp
306 2369 456 2413 ancilla
489 2384 567 2424 que
599 2374 766 2412 eantum
797 2374 873 2413 eto.
915 2370 1127 2413 Adrianus
1150 2372 1354 2425 regnavit.
1397 2368 1594 2424 (H'ahne.)
1634 2370 1706 2412 lat.
1726 2370 1795 2412 68.

208 2511 345 2554 hemd.
413 2512 485 2554 lat.
511 2513 579 2553 69.

207 2582 271 2625 De
303 2511 520 2637 sagittario
554 2586 595 2625 et
627 2583 868 2638 philomena
899 2586 976 2625 eto.
1027 2583 1278 2638 Sagittarius
1303 2583 1484 2638 quidam.
1533 2582 1653 2636 (Drei
1675 2582 1795 2624 weis-

206 2653 347 2696 heiten
378 2653 556 2707 lehren.)
604 2654 676 2696 lat.
705 2654 800 2695 167.

206 2724 270 2766 De
307 2724 378 2766 illo
413 2725 483 2779 qui
515 2728 600 2767 tres
634 2724 788 2766 amicos
822 2725 1014 2778 quesivit.
1068 2725 1244 2776 Quidam
1277 2739 1349 2768 rex
1385 2728 1486 2767 erat.
1543 2723 1794 2778 (Freundes-

206 2795 369 2850 probe.)
417 2795 490 2838 lat.
521 2796 614 2837 129.

205 2865 269 2908 De
300 2866 494 2908 thesauro
529 2870 570 2909 et
598 2869 745 2908 trunco
769 2869 809 2909 et
829 2865 946 2908 fabro
970 2869 1046 2909 etc.
1092 2866 1197 2909 Erat
1219 2866 1387 2921 quidam
1410 2878 1573 2907 avarus.
1621 2863 1791 2919 (Sohatz

208 2936 264 2978 im
298 2936 480 2989 haume.)
527 2937 599 2979 lat.
630 2938 723 2978 109.

1452 3009 1507 3044 7÷÷
