1919 3157
857 82 940 123 643

63 186 134 229 sed
166 186 315 240 gaudio
347 187 453 240 quod
487 187 608 229 talem
644 187 830 228 heredem
865 191 957 241 post
980 200 1042 228 me
1074 186 1249 240 dimitto,
1283 188 1428 230 exhibe
1459 193 1500 230 te
1533 188 1736 243 probitate

63 260 295 310 strenuum,
340 258 492 313 pietate
529 258 740 310 devotum,
781 257 963 299 moribus
1000 262 1281 311 mansuetum,
1322 259 1501 300 maxime
1543 259 1638 314 quia
1676 259 1734 301 illi

62 328 246 370 succedis
278 328 345 383 qui
369 342 412 371 se
433 333 494 371 tot
525 329 710 371 exhibuit
744 328 925 370 moribus
957 328 1268 379 cristianorum
1301 334 1386 372 esto
1419 330 1547 372 eciam
1579 343 1736 372 memor

62 399 121 455 pii
152 399 284 454 patris
316 400 385 453 qui
417 404 456 442 te
489 400 667 442 intanta
690 399 866 441 karitate
898 399 1089 450 nutrivit3
1123 400 1212 454 quis
1246 413 1438 454 umquam
1470 404 1588 455 pater
1620 404 1735 442 tanta

61 470 292 513 temeritate
322 469 452 512 filium
486 471 617 524 vovit,
658 471 783 512 tantis
817 469 1172 512 benediccionibus
1211 471 1417 526 prevenit,
1458 474 1572 512 tanta
1603 470 1735 524 gloria

62 544 104 583 et
132 541 390 597 possessione
422 541 604 594 fallavit,
649 546 688 584 et
720 545 812 596 post
843 540 1053 583 decessum
1086 541 1128 582 in
1162 554 1252 583 eum
1286 555 1366 583 non
1398 541 1527 583 solum
1561 555 1732 596 regnum

58 612 229 666 ungarie
262 611 477 666 obtinebis,
510 612 580 655 sed
613 626 685 668 per
716 616 828 654 tuam
862 625 1031 654 uxorem
1064 611 1181 654 heres
1214 612 1293 654 eris
1326 613 1601 668 imperatoris.
1652 612 1733 655 Sed

59 682 224 725 attende
255 682 330 724 filii
361 684 440 736 mi,
479 688 682 726 secretum
721 683 850 725 habeo
883 686 924 725 et
956 687 1050 725 ante
1082 686 1255 725 mortem
1288 697 1420 725 meam
1461 684 1642 738 pandere
1681 683 1732 726 de

57 752 209 809 placito
232 754 359 796 animi
390 755 451 796 tui
473 754 581 810 quod
602 768 811 809 nunquam
834 753 956 796 alicui
978 754 1193 796 constabat
1215 767 1377 810 semper
1397 754 1500 796 meis
1533 755 1730 797 sermoni—

57 823 132 867 bus
163 825 243 867 nisi
274 825 454 867 turbaris
487 839 562 868 nec
594 830 794 868 secretum
827 825 1042 879 revelabis,
1074 839 1149 881 per
1183 825 1291 880 quod
1322 829 1362 867 te
1393 825 1493 867 mihi
1516 825 1667 868 bonum
1691 830 1731 869 et

55 895 302 938 immensum
326 897 487 939 voveris
516 897 754 951 obligatum.
796 896 854 938 At
884 895 1011 938 filius:
1046 897 1255 951 pacienter
1285 896 1449 938 audiam
1471 896 1635 940 domine
1658 897 1728 951 mi,

56 979 295 1022 quecunque
317 967 417 1009 mihi
439 968 613 1020 dixeris3
648 968 754 1009 dixit
785 967 835 1009 ad
868 981 961 1010 eum
992 981 1084 1010 rex:
1118 981 1199 1009 non
1232 971 1294 1010 est
1324 981 1518 1021 magnum
1543 968 1619 1010 tibi
1641 968 1727 1011 scil.

55 1037 104 1079 de
136 1051 225 1080 meo
248 1039 458 1093 sangwine
479 1053 650 1093 regnum
673 1052 810 1081 meum
843 1042 883 1080 et
914 1038 995 1080 alia
1025 1038 1157 1081 multa
1187 1038 1294 1081 bona
1325 1039 1494 1081 dimisse
1526 1039 1623 1093 quia
1653 1039 1729 1082 hoc

54 1113 117 1151 est
153 1108 203 1152 de
239 1114 407 1163 natura,
447 1116 493 1153 ut
529 1110 637 1152 filius
669 1110 801 1166 patris
844 1113 937 1165 post
967 1114 1140 1153 mortem
1173 1110 1357 1153 obtineat
1388 1123 1436 1152 ea
1468 1123 1546 1164 que
1592 1110 1722 1166 patris

53 1184 182 1234 erant,
213 1194 329 1223 amor
359 1181 454 1223 talis
486 1195 566 1224 non
599 1181 721 1224 habet
751 1181 956 1234 meritum,
989 1181 1054 1224 cui
1085 1181 1173 1223 sola
1193 1185 1352 1237 prestat
1372 1181 1607 1224 communio
1630 1194 1724 1224 san-

51 1250 206 1304 guinis;
248 1251 319 1294 sed
356 1256 402 1294 tu
432 1252 502 1307 filij
536 1266 628 1295 cum
661 1252 712 1294 ad
742 1266 808 1295 me
839 1252 941 1294 nihil
972 1253 1178 1308 pertineas
1212 1266 1261 1295 ex
1293 1257 1455 1306 natura,
1488 1266 1570 1294 non
1603 1252 1726 1296 debes

50 1321 237 1376 ingratus
269 1336 371 1378 esse,
404 1324 501 1378 quia
530 1337 623 1366 mea
654 1337 705 1366 ex
737 1323 823 1366 sola
853 1324 992 1378 gracia
1023 1322 1311 1366 universaliter
1342 1337 1384 1365 es
1410 1323 1596 1379 adeptus.
1650 1323 1726 1366 Ju-

51 1393 166 1436 venis
196 1393 273 1436 hoc
305 1394 475 1436 audiens
507 1394 617 1436 ultra
648 1408 770 1450 quam
803 1395 914 1437 credi
946 1398 1083 1450 potest
1120 1395 1387 1437 contristatus
1427 1398 1490 1438 est
1526 1395 1645 1438 valde
1687 1398 1728 1438 et

51 1476 142 1507 cum
167 1465 349 1509 audisset
370 1466 554 1508 ordinem
586 1466 645 1508 rei
677 1470 791 1520 geste
824 1465 1048 1508 exhorruit.
1091 1466 1177 1509 Rex
1212 1479 1308 1508 vero
1340 1465 1483 1508 videns
1515 1480 1607 1508 eum
1639 1470 1726 1509 tur-

51 1535 192 1579 batum
224 1537 431 1593 persuasit
471 1537 715 1580 modestiam
758 1541 798 1580 et
837 1537 913 1579 ait:
954 1537 1058 1580 vade
1097 1538 1147 1579 ad
1178 1537 1281 1579 illud
1319 1537 1514 1580 scrinium
1548 1537 1597 1580 ed
1629 1537 1726 1592 quid

49 1607 255 1651 invenires
285 1608 396 1662 tolle,
429 1612 475 1650 ut
505 1609 587 1651 tuis
621 1608 768 1665 probes
799 1608 1029 1662 insignibus
1061 1608 1170 1663 quod
1200 1609 1303 1651 meis
1332 1608 1589 1651 sermonibus
1621 1608 1726 1650 didi-

49 1678 162 1731 cisti3
194 1679 366 1734 protulit
396 1679 464 1722 ille
496 1680 635 1722 omnia
664 1680 751 1722 scil.
784 1679 952 1736 pallium
987 1683 1028 1722 et
1064 1693 1182 1721 suum
1214 1679 1470 1722 marsubium
1501 1680 1544 1721 in
1577 1679 1723 1734 quibus

49 1753 138 1792 erat
167 1750 375 1793 involutus
408 1751 570 1806 quando
602 1751 828 1794 infantulus
860 1755 960 1804 erat,
995 1750 1090 1805 quia
1120 1764 1193 1793 rex
1227 1751 1364 1792 omnia
1385 1751 1578 1804 servavit,
1611 1763 1723 1792 cum-

49 1834 126 1876 que
156 1822 200 1863 in
231 1826 496 1878 conspectum
527 1823 636 1876 regis
669 1822 840 1879 pallium
873 1822 1126 1865 extendisset
1156 1825 1197 1864 et
1228 1822 1482 1864 marsubium
1510 1822 1608 1864 fecit
1629 1835 1721 1864 eum

48 1892 187 1935 omnia
217 1906 354 1935 secum
387 1897 565 1949 portare,
599 1898 644 1936 ut
675 1894 875 1948 cogitaret
905 1893 1013 1936 unde
1045 1896 1164 1936 esset.
1221 1892 1294 1935 Ille
1325 1906 1420 1936 vero
1453 1892 1503 1935 de
1534 1892 1721 1935 cubiculo

46 1963 155 2018 regis
186 1964 317 2007 tristis
349 1977 536 2018 egressus
568 1964 795 2007 thalamum
827 1965 998 2008 intravit
1028 1965 1182 2007 uxoris.
1231 1964 1313 2006 Illa
1327 1977 1422 2006 vero
1445 1965 1609 2006 intuens
1633 1964 1719 2018 ejus

46 2034 203 2077 vultum
234 2040 437 2078 mutatum
484 2035 592 2090 quod
636 2049 718 2078 non
765 2041 873 2079 esset
918 2036 1061 2078 hilaris
1093 2035 1255 2090 quando
1292 2035 1394 2089 heri,
1426 2035 1710 2078 tribulacionis

45 2118 208 2149 causam
256 2107 467 2163 perquerit
511 2110 552 2149 et
592 2107 755 2161 juvenis
796 2121 877 2150 non
921 2107 1047 2151 effuso
1095 2110 1251 2149 secreto
1297 2107 1378 2149 ista
1423 2106 1507 2148 ruit
1551 2107 1594 2148 in
1652 2119 1719 2149 os-

45 2176 138 2220 cula
186 2181 232 2220 ut
277 2191 440 2233 semper
489 2177 699 2221 levidicias
746 2179 878 2221 omnis
930 2182 1190 2221 excuteretur
1237 2192 1261 2220 a
1307 2191 1350 2220 se
1387 2177 1495 2232 quod
1538 2177 1717 2233 petebat,

44 2248 116 2291 sed
159 2248 261 2290 nihil
309 2249 483 2304 profuit3
531 2253 682 2303 quanto
725 2249 816 2305 plus
853 2249 923 2292 ille
968 2249 1146 2303 negabat
1191 2252 1305 2291 tanto
1337 2248 1429 2304 plus
1461 2248 1533 2290 illa
1563 2248 1715 2291 sollici-

44 2318 172 2374 tabat,
210 2324 256 2362 ut
300 2333 467 2362 causam
512 2321 839 2375 perturbacionis
886 2321 924 2363 ei
954 2321 1185 2374 intimaret,
1233 2333 1406 2374 cumque
1452 2333 1526 2375 pre
1566 2319 1718 2362 doloris

44 2391 236 2445 augustia
267 2404 310 2433 se
342 2390 553 2446 paululum
587 2404 710 2446 super
742 2391 860 2434 ulnas
892 2392 1076 2447 conjugis
1108 2391 1367 2445 reclinasset,
1407 2390 1576 2446 pallium
1611 2390 1718 2445 quod

44 2461 119 2504 sub
141 2461 314 2505 clamide
345 2461 545 2516 gestabat,
577 2462 718 2504 uxoris
751 2466 961 2518 aspectum
994 2462 1206 2516 revelavit,
1240 2462 1348 2517 quod
1380 2461 1451 2503 illa
1481 2462 1646 2504 intuens
1678 2465 1719 2504 et

43 2532 156 2575 clara
200 2532 524 2589 perlustracione
572 2538 612 2575 et
656 2534 988 2576 consideracione
1034 2533 1290 2588 perlustrans
1339 2532 1462 2576 simul
1502 2536 1543 2574 et
1589 2545 1717 2574 annu-

42 2602 128 2646 lum
161 2607 202 2646 et
231 2603 500 2657 marsubium,
532 2608 762 2658 congruunt
792 2604 901 2645 illico
923 2617 995 2646 sue
1016 2603 1225 2647 felicitatis
1246 2604 1450 2658 insignea,
1474 2607 1568 2646 ante
1590 2603 1715 2658 pedes

43 2674 181 2717 mariti
213 2675 361 2717 cecidit
391 2675 507 2729 quasi
538 2678 702 2717 mortua
733 2679 773 2717 et
804 2675 912 2716 unde
942 2674 1018 2716 hoc
1049 2675 1208 2718 venerit
1247 2678 1288 2718 et
1327 2675 1416 2730 quis
1456 2674 1493 2716 ei
1531 2674 1608 2716 hoc
1646 2673 1716 2716 de—

43 2745 150 2788 derit
180 2745 478 2788 sciscitabatur.
529 2745 600 2788 Ille
633 2759 727 2788 vero
760 2745 866 2787 sicut
895 2745 1030 2788 fuerat
1060 2759 1084 2787 a
1107 2750 1224 2800 patre
1253 2745 1509 2801 premonitus
1529 2758 1616 2787 rem
1640 2744 1715 2787 sub

42 2815 210 2858 silencio
242 2821 385 2859 tenens
410 2816 460 2858 ad
482 2815 779 2858 consolacionis
811 2816 994 2859 remedia
1024 2830 1068 2860 se
1090 2818 1225 2871 vertit,
1250 2816 1510 2872 amplexatus
1533 2819 1595 2858 est
1622 2828 1712 2858 eam

41 2891 83 2929 et
121 2886 282 2929 blandis
323 2887 580 2929 sermonibus
619 2900 710 2929 eam
748 2887 1028 2940 comfortavit;
1076 2887 1148 2929 illa
1194 2902 1289 2930 vero
1337 2888 1380 2929 in
1420 2886 1532 2929 nullo
1580 2886 1715 2942 potuit

16 2955 256 3012 consolari,
289 2958 361 3001 sed
392 2958 597 3000 continuis
628 2958 848 3012 gemitibus
879 2962 920 3000 et
950 2958 1320 3001 lamentacionibus
1348 2958 1491 3001 diebus
1514 2970 1561 3000 ac
1581 2958 1712 3001 nocti—

1356 3033 1435 3068 41·Ζὶ-
