1949 3162
999 64 1082 106 672

197 173 359 216 bentem
414 171 519 213 filios
577 174 761 213 mortuos
818 170 1003 224 intellige
1060 170 1267 212 hominem
1322 170 1566 212 existentem
1619 170 1660 210 in
1712 173 1879 224 peceato

197 242 382 295 mortali,
429 242 544 296 cujus
585 241 693 283 bona
733 255 859 297 opera
898 244 1062 283 mortua
1094 244 1190 282 sunt
1227 254 1317 282 cum
1358 239 1458 294 fide,
1506 253 1578 295 spe
1619 242 1659 282 et
1693 239 1878 282 caritate.

196 313 310 364 Quod
342 313 487 355 videns
519 312 640 354 homo
673 312 794 354 debet
824 311 1015 354 edificare
1047 311 1335 354 domunculam
1370 311 1623 353 consciencie
1653 324 1739 364 sue,
1772 310 1881 363 cogi-

197 384 321 427 tando
354 385 444 438 quis
477 384 543 437 sit,
577 383 686 426 unde
706 384 819 426 venit
851 386 922 425 aut
954 382 1130 437 qualiter
1162 383 1253 436 erit,
1287 386 1327 425 et
1359 383 1417 424 sic
1438 381 1535 424 flere
1568 395 1693 438 supra
1715 385 1883 437 peccata

197 469 272 497 sua
318 459 362 497 ut
409 455 542 510 possit
584 455 719 497 redire
767 454 817 496 ad
859 454 1066 496 civitatem
1110 454 1186 496 dei.
1242 453 1359 496 Licet
1401 453 1645 508 quandoque
1682 452 1884 505 contingit

197 526 304 580 quod
336 526 379 567 in
411 525 484 567 tali
515 525 614 568 fletu
640 526 815 580 juvenes
847 526 990 567 lascivi
1022 525 1048 567 i.
1073 538 1106 567 e.
1134 525 1409 578 cogitaciones
1441 524 1647 566 mundane
1679 527 1720 566 et
1750 523 1882 565 malus

197 610 337 639 eorum
371 609 595 639 consensus
627 597 750 639 talem
787 597 836 639 ad
870 596 1024 638 solacia
1056 600 1097 638 et
1128 596 1316 638 convivia
1347 596 1514 649 ducunt,
1547 598 1757 637 moventes
1790 608 1882 637 eum

195 682 246 710 ne
279 668 432 722 jejunet
464 673 634 724 propter
666 668 816 724 capitis
849 667 1030 709 dolorem
1064 667 1161 709 licet
1191 667 1286 709 talis
1311 681 1391 709 non
1416 667 1536 709 debet
1558 667 1616 708 eis
1638 666 1882 708 consentire.

196 738 297 781 Cum
331 753 427 781 vero
461 739 719 782 contradicat
754 743 795 782 et
829 739 880 781 ad
913 739 1188 794 penitenciam
1224 739 1273 781 de
1304 751 1504 780 consensu
1536 741 1721 781 recurrat
1753 741 1793 779 et
1812 735 1883 779 fle-

195 814 281 852 tum
315 810 525 865 inceptum
560 824 638 852 non
663 814 882 866 posponat,
911 823 1006 866 ymo
1040 814 1134 853 ante
1167 824 1284 852 suum
1311 810 1492 864 judicem
1527 823 1600 865 per
1620 809 1813 851 lacrimas
1844 811 1885 850 et

197 882 410 923 oraciones
442 881 556 924 litem
589 886 756 924 moneat
787 885 932 924 contra
962 882 1065 925 tales
1099 881 1333 937 dyabolicas
1374 881 1660 933 incitaciones,
1699 879 1781 921 illis
1819 892 1883 921 re-

195 953 344 994 sistens
377 953 601 996 mereberis
633 957 678 995 ut
709 953 809 995 dicit
841 967 1003 1007 augus,
1043 957 1084 996 et
1114 954 1172 995 sic
1206 953 1446 1009 perveniens
1479 955 1573 1008 post
1602 952 1755 993 luctum
1790 964 1883 1006 pre-

195 1024 324 1066 sentis
359 1023 442 1066 vite
475 1025 525 1067 ad
557 1025 708 1079 gaudia
740 1028 894 1067 eterna.

878 1278 976 1332 273,
1010 1290 1114 1332 app.
1137 1278 1203 1320 77.

312 1379 564 1421 Theodosius
595 1379 638 1420 in
670 1379 837 1421 civitate
864 1393 1036 1421 romana
1066 1379 1256 1432 regnavit
1286 1378 1467 1434 prudens
1501 1377 1618 1420 valde
1650 1380 1691 1420 et
1721 1380 1881 1433 potens,

196 1451 265 1506 qui
296 1454 380 1493 tres
412 1450 518 1492 filias
550 1450 715 1506 pulcras
747 1450 939 1504 habebat,
973 1450 1160 1505 dixitque
1191 1449 1273 1492 filie
1305 1449 1476 1492 seniori:
1518 1448 1724 1499 Quantum
1747 1449 1884 1503 diligis

196 1522 290 1564 me?
337 1522 395 1564 At
426 1522 520 1564 illa:
569 1521 690 1564 Certe
722 1521 813 1577 plus
849 1536 969 1577 quam
1005 1535 1070 1564 me
1101 1522 1249 1577 ipsam.
1312 1521 1385 1563 Ait
1417 1521 1454 1563 ei
1493 1525 1628 1575 pater:
1674 1520 1730 1563 Et
1760 1524 1800 1563 te
1833 1520 1884 1562 ad

198 1607 366 1648 magnas
399 1593 570 1636 divicias
603 1593 866 1648 promovebo.
910 1593 1059 1635 Statim
1092 1593 1227 1648 ipsam
1260 1592 1375 1634 dedit
1404 1593 1474 1634 uni
1508 1592 1593 1646 regi
1618 1592 1812 1648 opulento
1844 1595 1885 1634 et

196 1666 353 1721 potenti
392 1666 434 1707 in
474 1678 659 1707 uxorem.
715 1664 816 1707 Post
854 1665 928 1707 hec
967 1664 1080 1707 venit
1122 1664 1173 1706 ad
1212 1663 1432 1706 secundam
1472 1662 1596 1705 filiam
1647 1667 1687 1706 et
1727 1663 1786 1705 ait
1825 1663 1881 1705 ei:

196 1736 401 1787 Quantum
443 1737 579 1790 diligis
623 1736 713 1779 me?
755 1736 812 1778 At
848 1735 938 1778 illa:
973 1735 1151 1777 Tantum
1193 1736 1299 1778 sicut
1339 1748 1403 1777 me
1442 1735 1590 1790 ipsam.
1654 1735 1883 1790 Imperator

196 1822 292 1850 vero
333 1822 422 1851 eam
466 1808 628 1851 cuidam
670 1808 762 1850 duci
803 1807 976 1849 tradidit
1014 1807 1054 1849 in
1097 1820 1281 1849 uxorem.
1338 1806 1393 1848 Et
1433 1811 1527 1862 post
1567 1807 1640 1849 hec
1679 1806 1791 1849 venit
1832 1806 1882 1848 ad

196 1880 366 1922 terciam
399 1879 525 1921 filiam
562 1883 602 1922 et
635 1880 693 1921 ait
725 1879 781 1921 ei:
815 1878 1021 1929 Quantum
1054 1892 1120 1921 me
1152 1877 1316 1932 diligis?
1354 1878 1412 1920 At
1442 1878 1533 1920 illa:
1567 1878 1745 1921 Tantum
1778 1878 1884 1920 sicut

197 1950 308 1993 vales
342 1955 382 1993 et
412 1964 494 1993 non
528 1951 620 2007 plus
655 1964 787 2005 neque
818 1951 967 1992 minus.
1023 1950 1095 1992 Ait
1135 1951 1170 1992 ei
1203 1954 1341 2005 pater:
1383 1950 1447 1992 Ex
1481 1963 1559 2005 quo
1590 1950 1650 1992 ita
1681 1953 1762 2003 est,
1800 1962 1881 1991 non

197 2023 255 2064 ita
288 2023 504 2078 opulenter
536 2036 604 2064 ero
636 2023 834 2065 maritare
866 2022 972 2064 sicut
1003 2026 1044 2065 et
1075 2035 1236 2064 sorores
1269 2025 1357 2074 tue3
1395 2021 1567 2064 tradidit
1599 2035 1688 2063 eam
1720 2021 1881 2063 cuidam

197 2094 337 2136 comiti
376 2094 419 2135 in
458 2107 643 2135 uxorem.
705 2093 869 2135 Accidit
914 2093 994 2135 cito
1043 2097 1136 2148 post
1173 2093 1267 2147 hec,
1316 2093 1422 2147 quod
1460 2093 1688 2148 imperator
1730 2092 1881 2135 bellum

197 2169 341 2207 contra
373 2178 512 2219 regem
544 2164 688 2220 Egipti
719 2164 909 2207 habebat.
957 2163 1045 2206 Rex
1078 2178 1172 2206 vero
1205 2165 1499 2220 imperatorem
1532 2164 1582 2206 de
1613 2164 1788 2219 imperio
1819 2164 1883 2206 fu-

197 2236 333 2290 gabat,
367 2236 474 2279 unde
507 2236 658 2278 bonum
681 2236 830 2290 refugii
862 2236 1012 2278 habere
1044 2250 1125 2277 non
1159 2240 1332 2292 poterat.
1382 2235 1557 2291 Scripsit
1587 2235 1728 2278 literas
1761 2235 1882 2277 anulo

198 2321 271 2350 suo
303 2308 487 2362 signatas
520 2307 571 2349 ad
603 2307 781 2363 primam
814 2307 941 2349 filiam
974 2321 1111 2361 suam,
1155 2321 1233 2362 que
1265 2307 1390 2361 dixit,
1432 2307 1540 2362 quod
1571 2311 1731 2362 patrem
1763 2320 1882 2348 suum

198 2379 417 2435 plusquam
450 2393 493 2422 se
526 2379 659 2434 ipsam
702 2378 868 2433 dilexit,
907 2383 952 2421 ut
989 2379 1024 2421 ei
1057 2383 1314 2422 succurreret
1350 2379 1393 2420 in
1425 2392 1500 2420 sua
1530 2378 1794 2432 necessitate,
1835 2390 1881 2420 eo

199 2450 308 2505 quod
347 2450 397 2492 de
429 2450 604 2506 imperio
643 2450 840 2506 expulsus
874 2454 974 2493 erat.
1026 2450 1134 2492 Filia
1171 2464 1262 2493 cum
1303 2451 1376 2493 has
1408 2450 1550 2493 literas
1582 2450 1669 2505 ejus
1701 2449 1881 2503 legisset,

199 2521 287 2563 viro
321 2535 394 2563 suo
432 2522 518 2575 regi
560 2535 700 2564 casum
743 2521 877 2577 primo
917 2521 1126 2564 narrabat.
1181 2522 1254 2564 Ait
1291 2536 1385 2564 rex:
1425 2521 1584 2563 Bonum
1623 2524 1695 2563 est·
1715 2524 1761 2563 ut
1791 2528 1915 2562 suc-'

198 2605 412 2635 curramus
445 2593 481 2635 ei
514 2593 558 2634 in
589 2593 666 2635 hac
687 2607 762 2635 sua
782 2607 933 2647 magna
956 2593 1215 2636 necessitate.
1263 2592 1463 2648 Colligam
1496 2592 1720 2636 exercitum
1744 2605 1881 2634 meum

199 2667 240 2706 et
279 2677 372 2707 cum
411 2667 496 2706 toto
537 2677 659 2720 posse
699 2678 790 2707 meo
830 2664 1031 2719 adjuvabo
1071 2678 1178 2707 eum.
1231 2664 1304 2706 Ait
1343 2664 1435 2707 illa:
1475 2664 1589 2707 Istud
1626 2676 1707 2705 non
1746 2666 1883 2718 potest

198 2734 287 2777 fieri
328 2735 417 2777 sine
450 2735 611 2789 magnis
645 2736 848 2791 expensis.
904 2735 1065 2778 Sufficit
1105 2735 1211 2790 quod
1253 2736 1290 2778 ei
1321 2735 1554 2778 concedatis
1594 2734 1790 2790 quamdiu
1821 2737 1884 2776 est

200 2809 317 2848 extra
348 2806 570 2862 imperium
611 2820 729 2848 suum
769 2807 949 2862 quinque
989 2806 1164 2860 milites,
1212 2806 1281 2861 qui
1324 2806 1362 2849 ei
1409 2807 1674 2849 associentur.
1736 2804 1793 2847 Et
1823 2805 1882 2847 sic

198 2876 352 2919 factum
394 2881 467 2920 est.
523 2877 631 2919 Filia
671 2878 781 2933 patri
821 2878 1053 2933 rescripsit,
1094 2877 1201 2933 quod
1243 2877 1369 2919 alium
1411 2877 1608 2920 auxilium
1649 2876 1699 2919 ab
1732 2889 1780 2918 ea
1809 2875 1881 2918 ha-

201 2946 296 2991 bere
327 2962 408 2990 non
440 2953 592 3004 posset,
626 2948 704 2990 nisi
738 2949 917 3003 quinque
948 2948 1100 2991 milites
1133 2948 1182 2990 de
1215 2948 1447 3003 sumptibus
1479 2948 1586 3002 regis
1619 2948 1660 2989 in
1687 2947 1881 2989 societate
