1919 3157
842 43 928 85 709

45 148 198 191 Puella
234 149 410 204 quedam
454 150 564 204 reglis
598 149 696 202 fllia
733 152 857 190 unica
895 151 1097 205 quomodo
1142 165 1219 205 per
1245 150 1430 204 fratrem
1466 166 1584 192 suum
1623 166 1720 192 con—

133 221 240 276 cepit
270 228 306 261 et
337 222 503 276 peperit
521 221 661 273 filium
686 221 1014 276 pulcherrimum
1046 235 1164 276 quem
1189 229 1335 276 postea
1365 224 1410 262 in
1440 236 1593 276 aquam
1618 236 1721 277 pro-

122 290 276 344 jiciens
313 290 548 343 submersit,
591 299 627 332 et
664 292 835 332 eundem
869 300 1015 347 postea
1055 294 1100 332 in
1137 293 1273 332 virum
1309 307 1384 346 per
1414 294 1722 334 matrimonium

133 363 301 417 accepit.
363 361 483 403 Audi
513 362 690 416 facinus
725 364 951 417 pessimum
989 371 1025 403 et
1062 363 1312 403 horrendum
1350 379 1398 404 etv
1435 378 1516 405 uno
1549 372 1719 419 peccato

132 447 328 474 emanans
359 431 427 473 81.

45 504 161 546 Puer
196 504 383 544 nascitur
419 502 570 544 habens
601 505 683 545 duo
713 512 881 559 pectora
919 512 954 545 et
986 503 1195 559 quodlibet
1217 506 1421 559 proprios
1451 519 1590 545 sensus
1625 504 1719 546 176.

48 571 148 628 [167
161 571 202 628 b]
234 574 430 615 Prelatus
459 575 668 630 neqlz'qens
697 577 882 630 gyrat-iter
908 577 1106 631 punietur
1140 574 1234 615 140.

43 645 251 702 Princeps
282 646 453 701 quidam
486 648 629 687 venari
657 646 933 687 delectabatur
964 644 1032 687 56.

48 716 189 769 Quare
233 725 312 758 tres
343 717 438 774 filie
474 718 583 771 reqis
615 717 895 772 pulcherrime
936 725 1034 773 post
1072 715 1225 758 obitum
1265 716 1501 771 primorum
1538 717 1723 757 virorum

132 788 308 829 secundo
338 789 492 843 nuptui
519 788 634 828 tradi
661 802 744 828 non
774 788 963 830 volebant
994 787 1062 828 75.

48 857 240 912 Quatuor
259 859 462 900 inducunt
481 858 691 899 mulierem
713 859 770 899 ad
789 859 878 912 lzoc7
900 867 945 901 ut
963 861 1099 900 virum
1121 859 1312 914 accipiat.
1354 858 1441 898 Aut
1455 865 1632 913 propter
1659 858 1724 898 di-

132 931 257 970 vitias
277 938 350 971 aut
363 929 718 985 pulchritudinem
745 938 818 970 aut
825 930 1124 984 fortitudinem
1145 937 1217 970 aut
1244 930 1502 984 sapientiam.
1552 926 1720 970 Ibidem.

48 999 238 1053 Quatuor
255 1015 408 1056 yenera
439 1014 588 1041 canum
610 1002 862 1042 currentium
893 1001 1011 1043 habet
1040 1000 1243 1056 dyabolus
1275 999 1424 1055 quibus
1453 1013 1528 1040 nos
1550 999 1724 1040 circum-

133 1073 272 1113 venire
302 1079 339 1112 et
369 1071 563 1126 laqueare
593 1073 748 1126 sataqit
781 1071 875 1112 147.

49 1142 163 1195 Quid
191 1157 274 1198 per
312 1142 489 1183 litteram
526 1142 747 1198 capitalem
785 1158 813 1183 a
849 1144 1013 1184 nomine
1043 1141 1154 1183 Julii
1188 1140 1349 1182 Cesaris
1387 1140 1559 1182 deletam
1595 1139 1725 1194 siqni-

123 1213 281 1267 ficatur
311 1212 380 1254 97.

49 1283 262 1341 Quicquid
298 1299 399 1339 aqas
435 1284 661 1340 prudenter
701 1298 804 1339 aqas
841 1284 912 1325 sed
948 1285 1106 1339 respice
1134 1284 1265 1341 finem
1301 1282 1411 1324 unde
1445 1288 1580 1323 ortum
1608 1279 1727 1321 habet

136 1363 173 1398 e't
203 1357 405 1411 ost-iqinem
439 1354 534 1396 103.

50 1427 174 1480 Quod
211 1428 394 1483 pecunia
438 1426 551 1467 mala
595 1427 650 1467 sit
678 1425 888 1482 probatur
918 1440 1000 1481 per
1031 1424 1328 1482 philosophum
1373 1424 1571 1465 dicentem
1615 1421 1727 1477 quod

135 1513 286 1540 aurum
314 1499 400 1539 sive
429 1505 644 1553 aryentum
674 1512 759 1538 non
789 1505 848 1538 est
875 1498 962 1538 nisi
978 1496 1060 1551 fea*
1090 1504 1204 1537 terre.

50 1569 164 1624 Quos
201 1578 238 1611 et
276 1569 417 1625 quales
455 1570 500 1609 in
530 1570 683 1610 nostris
714 1567 1020 1610 necessitatibus
1056 1569 1288 1608 invocemus
1326 1573 1363 1607 et
1397 1565 1455 1606 ad
1484 1565 1602 1606 deum
1625 1577 1724 1620 per-

134 1643 292 1683 mittere
323 1640 511 1682 debemus
546 1639 641 1680 137.

50 1711 265 1766 Quomodo
290 1714 458 1768 primus
483 1725 642 1767 parens
670 1711 920 1766 paradisum
944 1710 1134 1766 perdidit
1167 1707 1261 1749 128.

50 1783 192 1826 RRR
222 1791 302 1825 tres
332 1785 378 1824 in
409 1782 601 1824 columna
632 1782 736 1836 quid
764 1782 999 1840 siqnificent
1029 1779 1098 1821 42.

50 1854 256 1897 Raciones
302 1854 517 1896 duodecim
564 1853 842 1909 pulcherrime
896 1865 1025 1906 quare
1075 1850 1253 1891 mundus
1295 1850 1342 1890 in
1385 1847 1566 1903 maliqno
1607 1846 1724 1901 posi-

136 1933 202 1968 tus
232 1933 300 1967 est.

51 1997 216 2053 Reqina
246 1997 432 2052 concepit
465 2010 492 2036 a
519 1997 696 2051 proprio
717 1994 812 2048 filio
845 2001 881 2035 et
906 1994 1072 2049 peperit
1101 2005 1220 2047 quem
1244 1998 1392 2047 postea
1418 1988 1607 2044 propriis
1636 2001 1724 2028 ma-

137 2067 259 2110 nibus
278 2066 493 2124 juyulavit
525 2066 590 2107 13.

52 2139 186 2181 Rrrr
202 2146 382 2194 quatuor
395 2139 441 2179 in
457 2138 609 2178 circulo
628 2150 773 2177 manus
788 2137 929 2191 reqine
945 2134 1153 2175 vulnerate
1169 2133 1272 2188 quid
1285 2131 1526 2190 siqnificent.
1551 2127 1720 2170 Ibidem.

53 2210 219 2266 Reqina
247 2209 399 2251 nobilis
431 2209 480 2250 de
503 2223 618 2249 servo
639 2222 713 2248 suo
744 2208 897 2248 rustico
931 2205 1115 2259 concepit
1145 2203 1257 2257 cujus
1270 2203 1390 2261 filius
1410 2208 1536 2242 vestes
1568 2199 1724 2240 divisas

134 2289 235 2338 post
265 2279 418 2322 obitum
446 2281 556 2335 reyis
587 2279 644 2319 ad
664 2277 829 2331 jussum
859 2291 979 2318 suum
1004 2276 1192 2331 portavit
1221 2273 1289 2314 26.

53 2351 217 2406 Reqina
248 2365 326 2407 que
355 2351 531 2392 secundo
563 2349 812 2405 desponsari
840 2347 1079 2402 contempsit
1109 2344 1176 2386 78.

1 2472 5 2475 Δ
54 2424 266 2466 Rosinilla
287 2423 459 2464 duxissa
481 2422 530 2462 de
544 2434 663 2461 muro
685 2420 813 2461 castri
827 2419 930 2460 dicti
945 2416 1139 2460 Sondoch
1147 2415 1408 2471 prospiciens
1426 2412 1529 2467 quid
1532 2410 1639 2465 fecit
1655 2409 1723 2451 69.

55 2495 146 2537 Rex
177 2495 362 2550 depictus
392 2495 438 2534 in
465 2493 624 2547 pariete
655 2504 791 2532 omnes
820 2489 1039 2544 inferiores
1076 2500 1209 2528 secum
1247 2483 1389 2525 habuit
1423 2485 1469 2524 in
1499 2481 1726 2536 exemplum

139 2566 355 2622 reyiminis
387 2562 482 2604 178.

57 2638 242 2681 Romani
290 2649 368 2692 per
421 2633 625 2690 quendam
667 2633 958 2687 imperatorem
1010 2627 1246 2670 obsidentur
1297 2639 1387 2665 cum
1431 2623 1601 2664 evadere
1642 2635 1726 2663 non

143 2715 330 2765 possent,
372 2707 508 2762 primo
547 2705 744 2744 miserunt
784 2702 840 2742 ad
876 2702 1165 2756 imperatorem
1202 2697 1400 2747 seniores,
1447 2694 1622 2735 secundo
1651 2692 1725 2746 ju-

143 2793 283 2831 venes,
323 2779 446 2820 tercio
484 2775 673 2817 mulieres
711 2781 747 2814 et
784 2785 919 2814 omnes
953 2770 1060 2811 nihil
1094 2771 1437 2825 impetraverunt3
1475 2765 1547 2805 sed
1582 2764 1726 2804 ultimo

145 2852 337 2892 misertus
382 2855 440 2890 est
485 2860 624 2888 eorum
662 2851 839 2901 propter
882 2849 1072 2898 parentes
1123 2854 1218 2881 suos
1265 2837 1429 2893 quando
1474 2842 1605 2876 mater
1647 2833 1729 2875 sibi

147 2921 322 2964 ostendit
349 2919 478 2961 ubera
509 2916 605 2958 137.
