1919 3157
846 72 928 112 477

48 175 143 218 11001
175 175 295 218 alicui
329 176 522 218 revelare.
576 176 759 218 Audiens
793 176 867 218 1100
900 181 1031 219 mater
1065 176 1155 232 plus
1189 178 1342 232 incepit
1383 177 1594 232 precibus,
1635 190 1728 232 pro-

47 247 198 300 missis,
232 247 354 288 minis
387 251 426 289 et
449 246 686 290 verberibus
711 261 882 303 puerum
916 247 964 288 ad
992 247 1255 289 revelandum
1280 252 1481 289 secretum
1516 247 1726 289 inclinare.

47 317 228 359 Tandem
262 332 383 374 puer,
418 323 461 359 ut
494 319 750 360 satisfaceret
782 318 917 370 matri,
951 324 991 360 et
1022 323 1224 360 secretum
1259 324 1436 372 teneret,
1476 319 1599 360 dixit:
1642 318 1728 360 Hoc

47 392 109 431 est
139 388 374 430 consilium:
409 388 553 431 [trum
589 390 641 431 sit
675 390 834 443 melius,
867 390 974 445 quod
1007 404 1111 431 uuus
1135 391 1196 431 vir
1219 390 1340 431 ducat
1364 390 1499 445 plures
1522 390 1726 443 mulieres,

45 459 109 502 vel
142 473 223 502 una
255 459 403 502 mulier
436 459 558 502 ducat
591 460 729 515 plures
754 463 861 503 viros
894 462 934 502 111
958 461 1281 502 matrimonium.
1335 461 1421 511 Quo
1454 461 1562 504 dicto
1596 465 1728 503 mater

46 530 137 573 aliis
169 531 333 573 feminis
366 532 547 572 romanis
580 538 781 574 secretum
816 532 892 574 1100
925 533 1150 587 proposuit.
1206 531 1292 582 Que
1325 546 1466 574 01111108
1501 533 1630 575 altera
1663 532 1728 574 die

45 614 137 644 cum
170 606 306 644 turma
338 602 608 644 indeliberate
642 608 842 646 venerunt
874 603 924 644 ad
957 607 1167 656 senatum,
1208 607 1394 659 petentes
1428 604 1569 659 pocius
1602 617 1724 645 unam

45 672 202 716 duobus
236 687 358 729 quam
392 673 493 715 duas
516 674 690 717 feminas
723 675 902 717 univiro
934 675 1099 717 nubere.
1135 673 1355 717 Senatores
1388 689 1483 717 vero
1517 679 1727 730 paventes,

45 744 84 786 in
110 745 338 786 verecundo
361 759 461 787 sexu
494 750 577 787 tam
606 746 857 801 impudicam
880 746 1082 787 insaniam
1116 746 1388 800 mirabantur,
1422 746 1616 800 quidnam
1650 746 1727 789 sibi

44 814 167 858 vellet
205 820 322 858 tanta
353 816 599 859 feminarum
642 817 928 873 intemperies,
968 820 1014 858 ut
1052 830 1177 872 parve
1210 817 1269 859 rei
1303 817 1535 872 prodigium
1570 822 1610 859 et
1641 822 1724 859 tam

42 887 319 929 inverecunda
351 888 578 943 postulacio
612 889 708 943 quid
743 892 920 930 sonaret.
977 887 1083 929 Puer
1125 887 1302 943 Papirus
1342 888 1416 930 1100
1449 889 1590 931 videns
1622 889 1729 931 dixit

43 958 301 1000 senatoribus
333 973 418 1001 rem
452 964 625 1013 gestam,
663 960 731 1014 qui
767 973 938 1015 puerum
971 959 1306 1002 commendantes
1339 964 1585 1013 statuerunt,
1620 960 1726 1014 quod

44 1028 109 1072 hic
131 1043 232 1085 puer
255 1043 417 1086 semper
439 1032 600 1074 senatui
622 1031 841 1073 interesset
861 1031 903 1072 in
927 1030 1097 1072 consilio
1121 1034 1161 1073 et
1183 1030 1318 1072 nullus
1342 1031 1445 1073 alius
1469 1031 1509 1072 in
1528 1031 1725 1073 futurum.

160 1102 447 1145 Moralimcio.
512 1102 740 1155 Carissimi,
775 1116 876 1158 puer
898 1102 976 1143 iste
1009 1105 1070 1143 est
1103 1102 1274 1156 quilibet
1303 1102 1423 1143 homo
1446 1116 1573 1157 purus
1606 1116 1629 1144 a
1652 1116 1726 1158 pu-

42 1172 165 1214 ritate
206 1172 308 1226 vite,
348 1174 416 1228 qui
457 1187 549 1216 cum
589 1179 705 1229 patre
745 1174 769 1215 i.
796 1187 828 1215 e.
870 1173 1029 1228 prelato
1069 1174 1198 1215 intrat
1237 1173 1452 1215 consilium
1492 1174 1724 1230 sapientum

42 1242 67 1284 i.
99 1256 132 1285 e.
176 1243 483 1300 religiosorum,
525 1246 566 1287 iu
608 1259 686 1300 quo
727 1248 929 1287 tractatur
969 1244 1080 1286 salus
1120 1249 1161 1287 et
1199 1245 1409 1300 sapiencia
1448 1245 1603 1299 anime,
1648 1259 1726 1300 que

42 1314 209 1369 quidam
241 1316 452 1371 sapiencia
483 1330 564 1359 non
598 1316 786 1358 omnibus
810 1320 871 1358 est
903 1316 1159 1372 exponenda.
1210 1315 1290 1359 Sed
1313 1317 1420 1359 sicut
1441 1317 1557 1359 decet
1579 1331 1725 1358 unum-

42 1398 244 1441 quemque
284 1387 505 1430 secundum
550 1392 705 1430 statum
745 1401 863 1429 suum
906 1392 946 1429 et
983 1388 1281 1442 penitenciam,
1330 1402 1451 1442 quam
1494 1402 1517 1430 a
1556 1388 1724 1444 proprio

41 1457 253 1500 sacerdote
288 1456 492 1514 [recepit],
526 1473 606 1501 non
640 1459 759 1501 debet
789 1457 880 1500 aliis
912 1459 1108 1501 revelare.
1156 1458 1211 1500 Et
1242 1459 1372 1501 multa
1394 1459 1475 1501 alia
1506 1464 1614 1512 sunt,
1647 1473 1725 1514 que

39 1541 121 1570 non
153 1528 304 1571 debent
333 1530 509 1572 recitari.
559 1529 691 1572 Mater
723 1543 817 1571 vero
851 1533 913 1571 est
942 1530 1120 1572 muudus
1152 1530 1243 1584 iste,
1279 1543 1356 1585 que
1389 1530 1535 1573 suadet
1566 1531 1724 1572 homini

40 1598 280 1654 religionem
314 1601 536 1656 dimittere,
571 1605 730 1644 secreta
760 1600 956 1656 pandere,
990 1601 1065 1643 hoc
1097 1606 1159 1643 est
1189 1601 1232 1642 in
1265 1602 1385 1644 corde
1417 1615 1497 1644 non
1531 1601 1724 1656 retinere,

40 1670 111 1712 sed
142 1672 284 1726 pocius
325 1672 521 1727 abjicere3
562 1677 603 1714 et
641 1671 674 1713 si
716 1685 798 1713 non
837 1672 988 1727 poterit
1026 1672 1232 1714 hominem
1275 1673 1334 1715 sic
1373 1673 1585 1727 seducere,
1627 1677 1725 1715 tunc

41 1754 114 1797 per
145 1742 278 1785 minas
310 1743 337 1785 i.
361 1757 394 1786 e.
436 1757 508 1799 per
539 1743 833 1785 tribulaciones
873 1747 913 1785 et
950 1749 1217 1799 paupertates
1257 1748 1298 1786 et
1335 1744 1416 1786 alia
1452 1745 1630 1786 intendit
1661 1758 1724 1787 se-

41 1812 200 1856 ducere.
240 1813 322 1857 Fac
343 1828 439 1868 ergo
464 1818 521 1868 tu,
545 1814 652 1856 sicut
672 1814 770 1856 fecit
791 1828 894 1870 puer
914 1814 1103 1870 Papirus.
1140 1815 1338 1857 Mundum
1366 1814 1463 1869 [107
1477 1814 1515 1869 b]
1541 1815 1723 1871 decipias

41 1897 114 1940 per
136 1884 411 1928 voluntariam
435 1889 736 1941 paupertatem,
769 1889 810 1928 et
841 1886 1033 1928 ostendas
1066 1887 1116 1940 ei,
1151 1887 1257 1941 quod
1287 1886 1365 1928 due
1387 1887 1539 1929 femine
1560 1888 1585 1929 i.
1605 1901 1638 1930 e.
1663 1887 1724 1929 di-

41 1968 160 1998 versa
199 1956 306 1999 vicia
343 1956 520 1999 carnalis
563 1956 843 1999 dilectacionis
886 1958 1027 2012 pocius
1071 1957 1221 2000 debent
1266 1958 1374 1999 tradi
1422 1958 1496 2000 sub
1536 1958 1724 2001 custodia

39 2026 231 2082 racionis,
264 2041 386 2082 quam
420 2028 527 2083 quod
559 2028 668 2070 racio
702 2028 989 2083 suppeditetur
1019 2028 1094 2071 sub
1127 2028 1339 2071 voluntate
1376 2034 1416 2072 et
1447 2029 1723 2073 delectacione

40 2103 348 2151 momentanea3
390 2099 461 2142 sed
501 2099 588 2141 81110
622 2099 766 2153 dubio,
807 2104 1005 2154 quantum
1045 2103 1108 2142 est
1145 2100 1186 2142 in
1225 2113 1416 2156 corpore,
1455 2100 1597 2156 pocius
1637 2100 1724 2143 vult

41 2167 205 2224 eligere,
239 2170 347 2225 quod
378 2171 488 2212 racio
522 2168 822 2227 suppeditetur,
856 2171 925 2214 sed
959 2171 1071 2213 nullo
1094 2171 1214 2213 modo
1248 2172 1449 2214 assentire
1482 2172 1618 2225 debes,
1652 2171 1721 2214 sed

1754 466 1774 499 5

1755 822 1798 855 10

1751 1534 1796 1568 20

1751 1894 1795 1929 25

41 2252 63 2282 0
99 2252 295 2283 converso
339 2242 499 2297 pocius;
541 2246 581 2284 et
620 2243 678 2284 810
717 2256 790 2298 per
829 2256 1081 2297 consequens
1122 2256 1224 2298 puer
1260 2242 1435 2298 Papirus
1475 2243 1501 2284 i.
1526 2257 1560 2285 e.
1599 2242 1721 2284 homo
1747 2248 1793 2282 30

40 2323 167 2366 purus
196 2312 350 2368 poterit
371 2326 614 2368 permanere
637 2314 745 2356 inter
767 2314 973 2369 sapientes
996 2313 1170 2355 virtutes
1193 2313 1319 2356 bonas
1341 2313 1491 2356 habere
1514 2314 1539 2356 i.
1557 2327 1590 2356 e.
1614 2314 1722 2356 inter

41 2381 150 2424 viros
172 2388 336 2426 sanctos
369 2384 455 2426 sive
477 2388 641 2426 sanctas
664 2386 856 2428 continue
879 2385 1032 2441 poterit
1053 2384 1178 2427 verba
1200 2384 1344 2427 salutis
1367 2385 1508 2427 audire
1531 2390 1572 2427 et
1593 2385 1720 2426 vitam

41 2456 222 2496 eternam
257 2453 455 2497 obtinere.
505 2454 634 2506 Quam
669 2456 786 2498 nobis
818 2456 1041 2499 concedere
1073 2459 1148 2499 etc.

133 2553 176 2587 27
204 2553 312 2597 racio]
340 2559 426 2600 oriy.
444 2564 535 2588 raro.
