1919 3157
879 91 959 131 377

86 195 196 232 tuam
239 191 360 233 michi
405 193 538 245 trade,
582 192 670 248 [53]
714 196 820 249 quod
860 196 1013 238 nullum
1056 197 1179 239 alium
1219 199 1394 253 accipies
1428 205 1565 255 preter
1596 204 1680 253 nie,
1715 207 1754 243 et

86 274 159 314 ego
191 267 332 303 contra
364 267 584 318 tyrannum
619 266 740 307 istum
775 267 920 308 faciam
958 269 1120 317 bellum,
1156 274 1196 311 et
1217 274 1367 311 terram
1393 276 1502 312 tuam
1528 273 1749 326 acquiram.

86 330 128 373 Si
169 346 262 374 vero
302 334 341 374 in
384 333 486 375 bello
527 341 709 377 mortuus
750 338 862 379 fuero
904 343 944 380 et
984 340 1251 382 hereditatem
1294 340 1365 381 tibi
1407 343 1654 395 acquisiero,
1695 343 1751 384 nil

84 402 192 444 aliud
217 408 310 458 peto
332 405 409 446 nisi
433 406 538 459 quod
563 420 676 448 arma
701 421 787 449 mea
811 410 1124 462 sanguinolenta
1146 414 1278 452 tecum
1302 412 1507 453 custodias
1532 413 1569 453 iu
1589 413 1749 466 signum

83 474 246 515 amoris.
293 473 334 516 Si
369 490 462 517 vero
495 477 642 530 aliquis
676 480 824 531 veniat,
859 481 963 521 utin
988 495 1156 523 uxorem
1181 485 1219 522 te
1241 482 1376 535 ducat,
1409 496 1611 524 cameram
1637 488 1748 526 tuam

83 543 223 597 intres,
258 545 297 586 in
331 559 410 600 qua
442 560 555 588 arma
589 549 780 602 pendent,
815 554 853 591 et
876 551 945 592 illa
969 551 1186 604 diligenter
1207 553 1416 608 respicias,
1449 558 1488 595 et
1510 556 1749 596 memoriam

83 614 256 668 habeas,
297 618 498 670 quomodo
540 624 705 674 propter
741 622 799 662 tui
834 635 1012 664 amorem
1048 623 1172 663 vitam
1207 637 1339 665 meam
1375 624 1506 666 amisi.
1555 625 1627 666 Ait
1659 625 1748 667 illa:

82 685 271 739 Domine,
302 686 474 730 firmiter
509 689 581 731 hoc
615 691 828 745 promitt03
862 692 932 734 sed
965 693 1091 746 absit,
1125 698 1169 734 ut
1202 694 1242 735 in
1275 694 1379 736 bello
1412 696 1537 737 vitam
1571 697 1748 738 amittas.

81 756 272 799 Armavit
304 771 346 799 se
379 763 418 801 et
449 764 592 802 contra
624 765 841 816 tyrannum
875 764 1069 818 perrexit.
1105 764 1288 806 Audiens
1320 765 1396 807 hoc
1417 767 1499 807 dux
1522 770 1606 808 toto
1629 780 1750 809 cona-

80 827 189 869 mine
220 842 263 870 se
294 833 437 872 contra
468 845 559 873 eum
593 834 803 887 opposuit,
842 837 881 876 et
913 835 1139 877 adinvicem
1174 836 1425 891 pugnabant.
1474 837 1591 879 Miles
1624 838 1750 879 victo-

79 898 182 939 riam
216 899 391 942 obtinuit
414 905 453 943 et
474 907 597 956 caput
620 905 783 958 tyranni
807 907 1048 960 amputavit,
1081 910 1218 949 tamen
1241 908 1283 948 in
1306 907 1412 949 bello
1436 908 1582 950 vulnus
1607 910 1749 951 mortis

79 970 234 1024 recepit
271 975 312 1013 et
351 971 619 1014 hereditatem
662 975 795 1029 puelle
835 977 1029 1031 quesivit,
1071 981 1111 1019 et
1147 979 1275 1020 tercia
1315 978 1379 1020 die
1420 983 1482 1021 est
1520 979 1747 1022 defunctus.

78 1038 220 1082 Puella
251 1055 324 1097 per
355 1042 441 1085 dies
473 1044 623 1085 multos
657 1050 828 1087 mortem
865 1048 949 1101 ejus
983 1048 1156 1103 planxit,
1192 1063 1306 1091 arma
1329 1051 1414 1103 ejus
1437 1051 1751 1104 sanguinolenta

77 1111 283 1166 pendebat
312 1114 353 1155 in
386 1127 562 1168 camera,
597 1120 635 1157 et
658 1117 794 1171 sepius
819 1118 1001 1160 visitavit
1022 1133 1081 1173 ea,
1116 1123 1156 1161 et
1177 1121 1370 1174 quociens
1394 1135 1440 1162 ea
1463 1122 1578 1174 vidit,
1613 1136 1749 1164 amare

76 1181 200 1224 flevit.
234 1183 351 1226 Multi
382 1185 538 1227 nobiles
573 1187 622 1228 ad
655 1200 744 1228 eam
777 1194 987 1243 venerunt,
1022 1194 1066 1232 ut
1097 1204 1186 1232 eam
1220 1192 1260 1233 in
1292 1193 1506 1246 conjugem
1538 1193 1749 1247 haberent,

77 1258 117 1296 et
147 1254 278 1296 multa
300 1257 599 1310 promiserunt:
633 1258 702 1299 sed
726 1262 942 1313 antequam
975 1260 1094 1302 alicui
1116 1275 1359 1317 responsum
1382 1264 1511 1317 daret,
1544 1277 1746 1306 cameram

75 1325 259 1379 intravit,
292 1330 337 1368 ut
369 1341 483 1369 arma
515 1329 733 1383 diligenter
764 1330 1000 1385 respiceret,
1035 1336 1075 1373 et
1106 1332 1230 1375 dixit:
1265 1333 1297 1375 O
1331 1334 1517 1388 domine,
1551 1349 1624 1390 pro
1658 1349 1748 1378 meo

77 1409 214 1439 amore
245 1402 431 1440 mortuus
465 1412 528 1453 es,
563 1405 602 1442 et
634 1400 900 1443 hereditatem
937 1416 1068 1444 meam
1103 1404 1225 1445 michi
1258 1406 1494 1458 restituisti3
1536 1407 1643 1449 absit
1674 1407 1749 1449 hoo

76 1481 101 1510 a
132 1482 210 1522 me,
242 1473 287 1511 ut
319 1470 435 1512 alteri
468 1472 764 1513 consentirem!
798 1472 956 1515 Deinde
987 1474 1097 1516 foras
1130 1476 1258 1517 exivit
1279 1480 1319 1518 et
1341 1476 1465 1518 dixit:
1498 1477 1647 1519 Votum
1673 1479 1747 1520 deo

77 1539 189 1594 vovi,
229 1554 436 1595 nunquam
473 1542 558 1583 viro
591 1542 787 1597 copulari.
845 1543 907 1584 llli
946 1544 1019 1587 hec
1057 1546 1268 1589 audientes
1302 1552 1578 1602 recesserunt,
1618 1554 1658 1591 et
1690 1550 1781 1592 sio*

77 1614 160 1652 toto
193 1615 377 1667 tempore
411 1613 492 1655 vite
524 1627 595 1655 sue
627 1615 826 1656 remansit
857 1615 898 1656 in
930 1616 1132 1659 castitate.

192 1684 477 1726 Moralz’zacz'o.
541 1683 772 1738 Carissimi,
818 1699 890 1728 rex
928 1686 1006 1729 iste
1053 1692 1116 1730 est
1154 1692 1272 1744 pater
1311 1689 1493 1745 celestis,
1540 1690 1625 1733 filia
1663 1696 1747 1734 tam

74 1753 246 1809 pulchra
276 1758 338 1797 est
369 1755 506 1797 anima
538 1756 588 1797 ad
620 1756 685 1798 dei
724 1756 1033 1799 similitudinem
1067 1763 1224 1813 ereata,
1266 1760 1331 1802 eui
1363 1774 1533 1814 regnum
1566 1763 1748 1817 paradisi

75 1824 262 1879 dabatur,
295 1825 365 1868 sed
398 1839 471 1882 per
502 1828 805 1880 suggestionem
839 1828 952 1871 ducis
984 1830 1009 1871 i.
1034 1843 1067 1871 e.
1100 1830 1252 1873 diaboli
1284 1831 1385 1873 illud
1418 1833 1580 1887 amisit,
1614 1838 1654 1876 et
1685 1839 1748 1876 est

74 1895 289 1951 deflorata,
330 1898 493 1952 quando
531 1898 580 1939 de
618 1912 739 1953 pomo
781 1900 968 1942 comedit.
1028 1900 1187 1944 Deinde
1220 1903 1390 1945 sedebat
1419 1904 1461 1945 in
1493 1904 1630 1959 platea
1661 1906 1686 1947 i.
1711 1919 1744 1948 e.

74 1968 115 2009 in
148 1968 321 2022 mundo,
354 1969 481 2010 unde:
516 1969 559 2010 In
593 1970 740 2012 sudore
772 1970 908 2012 vultus
938 1972 998 2013 tui
1032 1975 1106 2014 eto.
1154 1971 1240 2023 Que
1272 1987 1296 2015 a
1325 1975 1634 2017 transeuntibus
1666 1976 1745 2018 ele-

74 2039 275 2082 mosinam
315 2040 480 2095 petebat
518 2041 542 2082 i.
568 2054 601 2082 e.
634 2054 657 2082 a
689 2045 864 2095 quatuor
896 2042 1108 2085 elementis
1146 2045 1324 2098 graciam
1367 2045 1431 2088 dei
1464 2047 1743 2101 exspectabat.

72 2109 204 2164 Miles,
237 2110 304 2165 qui
331 2111 453 2164 juxta
484 2124 571 2152 eam
606 2112 835 2166 equitabat,
868 2117 956 2155 erat
986 2114 1093 2156 filius
1127 2115 1212 2169 dei,
1247 2117 1314 2170 qui
1347 2116 1388 2158 in
1421 2130 1524 2171 equo
1557 2118 1745 2160 humani-

73 2182 169 2223 tatis
209 2182 404 2223 mundum
446 2182 568 2224 istum
610 2184 781 2225 intravit
819 2188 859 2226 et
890 2184 1069 2227 humano
1101 2188 1242 2239 generi
1275 2189 1622 2243 compaciebatur.
1669 2189 1743 2243 Tu,

73 2252 206 2306 homo,
238 2252 411 2295 firmiter
442 2254 483 2294 in
517 2254 720 2308 baptismo
754 2256 995 2310 promisisti,
1029 2257 1185 2299 nullum
1219 2259 1353 2300 virum
1386 2263 1524 2314 preter
1553 2274 1643 2301 eum
1678 2274 1743 2303 ac-

72 2323 226 2378 cipere3
268 2329 308 2366 et
347 2324 437 2366 ideo
476 2326 653 2366 armavit
692 2339 734 2367 se
766 2327 891 2368 armis
924 2327 1193 2371 humanitatis
1226 2333 1267 2371 et
1297 2329 1447 2371 bellum
1482 2334 1626 2373 contra
1657 2331 1742 2373 dia-

72 2394 208 2435 bolum
241 2408 315 2449 pro
348 2398 387 2436 te
419 2395 551 2448 dedit,
592 2396 803 2438 victoriam
839 2398 1035 2452 obtinuit,
1069 2403 1208 2442 tamen
1243 2401 1388 2442 vulnus
1421 2402 1564 2443 mortis
1597 2416 1670 2457 pro
1703 2407 1742 2444 te

72 2466 229 2520 accepit
266 2469 307 2507 et
343 2470 523 2507 nostram
560 2466 827 2509 hereditatem
860 2469 976 2510 nobis
1019 2471 1248 2524 acquisivit.
1298 2471 1379 2513 Fac
1412 2486 1507 2525 ergo
1540 2477 1604 2527 tu,
1637 2474 1743 2516 sicut

70 2536 168 2578 fecit
198 2536 354 2592 puella,
393 2551 509 2579 arma
549 2539 863 2591 sanguinolenta
903 2541 943 2581 in
985 2553 1147 2583 camera
1185 2543 1320 2584 cordis
1352 2543 1411 2584 tui
1444 2543 1614 2597 habeas,
1656 2545 1681 2586 i.
1707 2559 1739 2587 e.

70 2620 232 2662 semper
262 2609 501 2650 memoriam
535 2613 738 2650 recentem
775 2608 846 2664 [53
859 2610 898 2665 b]
935 2611 983 2653 de
1015 2611 1167 2655 Christi
1198 2614 1388 2669 passione
1420 2614 1585 2668 habeas,
1618 2629 1739 2669 quam

71 2691 144 2734 pro
175 2682 215 2721 te
247 2679 442 2721 sustinuit
473 2680 513 2720 in
546 2693 684 2731 cruce3
719 2684 759 2722 et
789 2681 822 2722 si
856 2683 1043 2725 venerint
1073 2683 1208 2738 alique
1240 2685 1537 2740 temptaciones
1561 2699 1634 2740 per
1654 2686 1741 2728 dia-

71 2748 207 2791 bolum
241 2754 311 2792 aut
342 2751 538 2792 mundum
572 2755 644 2792 aut
666 2764 844 2805 carnem,
878 2765 995 2795 curre
1025 2754 1075 2795 ad
1098 2753 1251 2797 Christi
1274 2756 1508 2810 passionem
1533 2760 1573 2798 et
1594 2757 1740 2811 recole,

71 2820 271 2874 quomodo
304 2834 378 2876 pro
409 2826 478 2863 tuo
513 2836 651 2864 amore
682 2827 855 2864 mortem
882 2825 1079 2867 sustinuit
1099 2825 1139 2867 in
1163 2839 1282 2868 cruce
1304 2827 1422 2868 etsie
1444 2829 1740 2883 temptaciones

70 2892 282 2947 superabis
315 2897 356 2934 et
386 2893 512 2935 vitam
546 2897 727 2936 eternam
762 2894 976 2937 obtinebis.

161 2973 182 3007 3
209 2974 418 3018 acquisiero]
446 2980 529 3020 orig).
556 2975 711 3019 acquiro.

1779 849 1820 882 10

1777 1203 1819 1237 15

1772 1915 1816 1948 25

1769 2269 1814 2303 30

1767 2624 1811 2657 35
