1919 3157
846 54 928 96 567

52 161 143 203 ille.-
182 160 272 202 Deo
304 176 441 206 vot-eo,
477 163 588 216 quod
617 178 697 202 non
729 161 930 216 qustabe's,
963 163 1049 202 nisi
1077 163 1121 201 in
1155 176 1276 201 manu
1298 160 1436 214 forti!
1487 159 1624 203 Guia’o
1657 161 1727 201 hec

52 233 225 274 audiens
256 247 297 273 se
328 233 571 287 defendebat
600 235 645 273 in
678 241 877 288 quantum
906 234 1055 288 potuit,
1089 233 1145 273 ad
1175 247 1327 287 aquam
1351 233 1724 288 appropinquavit,

52 311 90 344 et
121 318 209 344 cum
238 318 374 359 prope
393 304 563 358 fuisset,
595 306 641 344 in
673 319 825 359 aquam
857 304 1044 355 saltavit,
1083 311 1120 343 et
1149 303 1285 344 hausit
1317 314 1516 358 quantum
1545 302 1725 353 rolebat3

51 374 197 415 deinde
227 389 380 429 aquam
412 377 511 415 arist
543 383 579 415 et
609 377 714 416 sicut
745 376 804 415 leo
826 377 994 429 russiam
1015 376 1059 415 in
1082 389 1171 415 eum
1191 375 1332 425 irruit,
1366 375 1554 429 aliusque
1570 374 1727 429 fuyam

44 447 178 501 petiit.
243 445 334 487 Rea·
379 446 454 486 hoc
492 447 633 486 ridens
663 446 772 500 feeit
811 461 877 487 eos
918 445 1145 486 abinvicem
1182 447 1376 501 separari
1419 453 1455 486 ct
1499 446 1574 486 illa
1612 453 1726 486 nocte
1773 453 1794 488 5

51 519 268 572 quiescere,
300 525 345 558 ut
376 519 442 558 die
474 519 656 558 crastina
687 518 744 557 ad
774 516 923 557 bellum
948 518 1100 572 parati
1127 524 1265 558 essent.
1308 516 1562 571 Pereqrinus
1593 531 1725 557 came-

48 603 141 628 ram
160 589 252 641 filie
281 590 390 644 reqis
421 591 615 640 intravit,
659 589 735 629 illa
765 603 859 629 vero
893 603 1008 629 omne
1039 587 1240 628 solacium
1270 589 1309 628 ei
1332 587 1520 643 prebuit,
1554 588 1724 629 vulnera

49 659 135 712 ejus
172 659 332 715 liqui-it,
373 674 472 700 cena
506 660 630 714 jacta
676 661 723 700 in
761 660 858 701 lecto
902 660 1035 715 Iz'gyneo
1064 659 1308 712 firmissimo
1348 673 1439 699 eum
1474 660 1726 714 requiescere

37 730 169 785 fecit,·
219 727 338 784 [149]
381 732 452 772 ille
492 746 582 771 vero
623 746 671 771 er
709 730 811 771 bello
846 730 1060 785 s'atiqatus
1096 731 1252 786 incepit
1297 730 1487 771 dormire.
1550 728 1725 771 Plebeus

48 809 199 857 septem
231 810 417 843 strenuos
438 803 554 856 filios
586 801 772 853 habebat,
806 803 966 842 vocavit
997 816 1063 842 eos
1095 809 1131 842 et
1161 803 1242 843 ait:
1275 799 1504 853 Carissimi,
1536 815 1608 842 vos
1631 802 1725 842 estis
1750 810 1793 845 10

37 872 128 925 filii
162 874 244 913 mei
254 889 266 922 ‚·
305 873 421 914 vobis
461 875 684 924 denuncio,
723 874 810 913 nisi
842 873 913 914 ille
946 873 1196 928 peregrinus
1235 874 1454 913 exstinctus
1493 874 1573 913 ista
1611 880 1726 913 nocte

37 943 189 998 fuerit,
224 945 290 985 die
321 946 504 985 crastina
535 946 642 985 inter
672 952 855 985 mortuos
886 943 1175 1000 computabor,-
1196 943 1423 998 fortiorem
1447 957 1490 985 eo
1511 957 1726 998 nunquam

47 1015 146 1056 vidi.
182 1015 241 1056 At
269 1016 356 1056 illi:
390 1016 532 1067 Pater,
565 1023 680 1057 nocte
710 1017 792 1056 ista
823 1017 901 1056 erit
931 1016 1156 1071 expeditus.
1211 1013 1332 1056 Circa
1361 1015 1538 1055 mediam
1568 1022 1725 1056 noctem

49 1085 237 1128 omnibus
269 1087 565 1128 dormientibus
598 1101 802 1127 cameram
830 1087 966 1142 puelle
996 1086 1223 1138 intrabant,
1257 1101 1334 1142 que
1356 1093 1444 1127 erat
1463 1085 1592 1139 juata
1611 1100 1726 1127 mare

48 1165 294 1209 constructa,
326 1160 387 1199 ita
411 1159 523 1213 quod
543 1173 655 1213 aqua
675 1160 805 1199 maris
826 1158 899 1198 sub
923 1173 1087 1199 camera
1105 1157 1274 1213 fluebat.
1310 1157 1424 1198 Inter
1447 1171 1488 1199 se
1509 1158 1723 1198 dixerunt:
1750 1165 1793 1200 15

49 1227 102 1271 Si
130 1243 221 1270 eum
250 1230 297 1270 in
329 1229 426 1271 lecto
460 1231 744 1281 occiderimus,
767 1229 856 1282 filii
883 1230 1028 1270 mortis
1059 1244 1210 1270 sumus.
1249 1228 1398 1271 Omnes
1419 1243 1510 1270 eum
1531 1243 1622 1269 cum
1642 1236 1723 1270 toto

47 1300 147 1342 lecto
183 1302 230 1341 in
267 1315 381 1341 mare
415 1300 685 1356 projiciemus
725 1308 762 1341 et
797 1309 893 1341 tunc
929 1302 1094 1357 penitus
1132 1317 1158 1342 a
1195 1300 1352 1357 populo
1394 1301 1570 1352 dicetur,
1613 1300 1726 1354 quod

34 1371 191 1428 fuya’m
211 1373 374 1428 recepit.
415 1372 473 1413 Et
491 1373 611 1413 illum
633 1373 899 1413 dormientem
919 1380 1160 1428 receperunt
1190 1380 1227 1413 et
1245 1374 1292 1413 in
1310 1387 1424 1413 mare
1439 1371 1704 1428 projecerunt
1709 1387 1724 1421 ‚-

45 1443 116 1484 ilIe
145 1458 240 1485 vero
273 1443 503 1485 dormiebat
532 1451 569 1484 et
597 1443 705 1484 nihil
728 1445 928 1499 percepit.
971 1444 1103 1486 Nocte
1132 1444 1210 1485 illa
1231 1452 1320 1485 erat
1339 1444 1512 1499 quidam
1539 1444 1725 1498 piscator

45 1530 178 1572 supra
206 1530 342 1565 mare3
382 1530 474 1556 cum
504 1517 684 1557 sonitum
721 1515 814 1556 lecti
843 1516 1043 1568 audisset,
1080 1530 1162 1571 per
1193 1515 1328 1556 lumen
1360 1514 1453 1556 lune
1484 1514 1628 1556 lectum
1657 1528 1723 1556 re·
1748 1520 1794 1556 20

45 1588 193 1643 speoeit,
216 1586 520 1639 admirabatur,
544 1587 631 1628 alta
646 1601 741 1627 voce
763 1586 987 1628 clamabat:
1009 1586 1096 1628 Dic
1115 1586 1219 1627 mihi
1231 1593 1409 1642 propter
1429 1586 1562 1639 deum,
1587 1585 1724 1641 qualis

45 1672 100 1710 es,
132 1666 179 1700 ut
200 1666 348 1714 potero
380 1666 417 1699 te
437 1658 604 1711 juvare,
637 1665 859 1713 antequam
889 1657 1121 1698 submersus
1150 1657 1321 1712 fueris!
1372 1655 1510 1700 Guido
1549 1657 1723 1698 audiens

45 1729 265 1770 clamorem
295 1745 322 1770 a
352 1744 493 1771 somno
526 1737 583 1771 est
613 1728 938 1785 emperqefactm,
971 1729 1190 1784 stellasque
1210 1730 1257 1770 in
1276 1728 1539 1782 firmamento
1563 1729 1721 1781 videns,

45 1800 349 1853 admirabatur,
382 1799 456 1841 ubi
485 1809 597 1853 esset,
632 1808 669 1842 et
699 1815 790 1841 cum
821 1815 862 1841 se
888 1801 935 1841 in
955 1815 1068 1855 aqua
1092 1802 1359 1856 percepisset,
1393 1800 1450 1841 ad
1473 1801 1724 1856 piscatorem

44 1872 270 1913 clamabat:
313 1871 348 1913 O
381 1873 613 1923 carissime,
655 1871 810 1925 adjuva
838 1885 902 1912 me
934 1879 971 1912 et
1000 1871 1106 1913 dabo
1140 1871 1217 1913 tibi
1244 1872 1480 1924 mercedem,
1521 1872 1621 1927 quia
1651 1886 1722 1927 eqo
1748 1879 1793 1914 25

43 1958 134 1985 sum
158 1945 407 2000 pere97·inus
438 1943 523 1995 ille,
558 1944 633 1998 qui
661 1942 751 1984 heri
778 1944 824 1983 in
857 1957 1002 1998 campo
1030 1942 1274 1999 puynabat5
1310 1943 1381 1984 sed
1412 1942 1614 1998 quomodo
1646 1942 1724 1983 huc

42 2016 150 2067 veni,
178 2016 348 2070 penitus
378 2016 538 2070 i9n0r0.
572 2015 767 2056 Piscator
797 2015 872 2056 hoc
905 2015 1078 2055 audiens
1111 2029 1201 2056 eum
1230 2015 1277 2055 in
1300 2012 1543 2055 'naviculam
1570 2015 1726 2069 recepit

44 2093 82 2127 et
111 2086 169 2126 ad
199 2086 365 2127 domum
395 2100 514 2126 suam
545 2086 665 2126 duxit
696 2093 733 2127 et
760 2087 806 2127 in
829 2085 916 2127 loco
941 2086 1145 2140 quiescere
1164 2085 1283 2140 fecit.
1332 2085 1617 2140 Veneruntque
1635 2085 1725 2138 filii

41 2156 187 2198 Plebei
222 2158 279 2198 ad
310 2164 477 2213 patrem
516 2171 636 2197 suum
671 2157 1007 2212 nunciabantque
1047 2158 1106 2206 ei,
1150 2157 1262 2212 quod
1299 2155 1530 2198 submersus
1549 2156 1719 2210 fuisset,

42 2228 151 2269 unde
197 2228 380 2284 amplius
426 2229 566 2268 timere
601 2243 685 2269 non
732 2228 900 2269 deberet.
963 2227 1139 2269 Plebeus
1175 2242 1261 2269 non
1296 2228 1504 2269 modicum
1535 2228 1721 2283 9aude⁷zs
1745 2234 1791 2268 30

41 2313 161 2340 mane
191 2300 374 2340 surrexit
406 2306 442 2339 et
473 2300 652 2340 armavit
681 2313 736 2351 se,
770 2301 827 2340 ad
847 2300 1028 2353 januam
1053 2299 1220 2356 palacii
1249 2300 1419 2340 accessit
1439 2306 1476 2340 et
1495 2298 1719 2340 clamabat:

42 2369 169 2412 Illum
193 2372 464 2426 pereqrinum
499 2370 629 2410 deduc
647 2370 798 2425 foras,
837 2379 883 2411 ut
907 2378 1053 2427 potero
1085 2385 1148 2412 me
1180 2371 1229 2411 de
1260 2385 1304 2412 eo
1341 2370 1581 2411 vindicare!
1629 2369 1720 2411 Rex

43 2456 134 2482 cum
164 2442 366 2493 audisset,
399 2443 590 2496 precepit
609 2441 720 2494 filie,
759 2450 805 2483 ut
841 2457 932 2483 eum
969 2443 1165 2483 excitaret
1201 2449 1237 2483 et
1274 2443 1331 2483 ad
1367 2441 1515 2482 bellum
1550 2455 1591 2482 se
1626 2455 1719 2495 pre-

37 2520 223 2569 pararet.
288 2512 374 2553 Illa
411 2526 505 2553 vero
545 2513 602 2553 ad
639 2513 783 2554 lectum
822 2513 906 2566 ejus
947 2514 1116 2554 accessit
1152 2521 1188 2554 et
1228 2527 1310 2554 non
1341 2514 1507 2553 invenit.
1570 2511 1720 2553 Puella

40 2599 135 2625 vero
167 2598 309 2625 amare
328 2584 448 2638 flevit
478 2591 514 2624 et
544 2585 624 2624 ait:
656 2584 749 2625 Heu
779 2585 895 2636 mihi,
929 2584 1144 2625 thesaurus
1174 2599 1286 2625 meus
1316 2583 1420 2624 mihi
1449 2591 1507 2625 est
1536 2582 1722 2624 ablatus!
1743 2590 1788 2626 35

42 2654 398 2710 Denunciansque
423 2655 563 2710 patri,
606 2655 718 2709 quod
748 2669 838 2696 eum
867 2669 951 2696 non
988 2656 1153 2696 invenit.
1210 2655 1301 2696 Rea:
1330 2669 1423 2696 vero
1456 2655 1719 2696 contristatus

43 2735 101 2768 est
129 2727 250 2768 valde
259 2742 272 2777 ;
304 2727 376 2767 sed
406 2740 496 2766 cum
529 2726 672 2766 lectum
702 2741 787 2767 non
805 2727 1062 2778 invenerunt,
1095 2726 1296 2767 admirati
1315 2733 1419 2766 sunt.
1458 2725 1611 2780 Aliqui
1629 2740 1719 2766 eum

30 2797 189 2854 fuqam
221 2799 426 2853 accepisse
456 2798 673 2849 dia-erunt,
712 2797 847 2851 aliqui
878 2797 990 2852 quod
1008 2796 1228 2852 jugulatus
1248 2797 1414 2852 fuisset.
1469 2796 1642 2837 Plebeus
1672 2798 1719 2838 in

34 2877 166 2925 porta
197 2871 387 2910 continue
408 2867 633 2908 clamabat:
665 2867 786 2908 Educ
804 2867 933 2922 foras
948 2869 1218 2923 pereyrinum
1238 2876 1429 2919 vestrum,
1465 2868 1563 2922 quia
1595 2875 1719 2923 caput

32 2953 161 2980 suum
191 2940 312 2981 hodie
341 2942 434 2995 reqi
455 2937 732 2995 presentabo!
760 2938 877 2980 Dum
905 2953 1000 2979 vero
1032 2940 1077 2980 in
1092 2939 1262 2994 palacio
1285 2939 1333 2979 de
1357 2938 1717 2994 pe7·e9rinofacta
1739 2946 1786 2982 40
