1949 3162
999 44 1083 87 694

199 152 266 193 De
299 158 537 197 constancia
569 155 636 197 66.

199 223 266 264 De
296 227 560 267 eoecusacione
591 228 638 267 in
671 226 859 267 extremis
890 238 973 264 non
1004 222 1191 264 habenda
1223 223 1290 263 67.

199 293 265 334 De
294 308 378 335 non
408 295 647 338 subticenda
675 298 848 338 veritate
879 308 1006 349 usque
1037 295 1093 334 ad
1123 302 1291 335 mortem
1322 293 1389 334 68.

200 364 265 404 De
296 367 479 407 castitate
510 367 577 409 69.

187 434 265 475 'De
294 439 602 491 compunctione
625 439 766 497 fidelis
800 438 941 478 anime
973 435 1041 475 70.

200 504 268 546 De
298 511 629 550 remuneratione
661 517 792 550 eterne
822 508 958 562 patrie
990 505 1057 546 71.

200 574 268 616 De
297 578 559 632 inqratorum
589 580 875 621 trucidacione
907 576 974 617 72.

201 646 268 688 De
299 650 488 690 avaricia
519 651 631 704 quod
660 650 810 690 multos
843 655 1003 688 eoececat
1034 646 1101 687 73.

201 717 269 758 De
295 721 583 775 prospectione
618 728 653 761 et
681 720 945 775 providentia
977 717 1044 758 74.

206 785 357 843 [lssob]
392 790 459 832 De
490 806 592 831 cura
623 791 770 831 mundi
798 805 881 831 non
912 789 1106 830 sectanda
1137 786 1204 828 75.

202 859 269 900 De
301 862 524 902 concordia
555 861 622 902 76.

206 929 329 982 Quod
360 933 417 972 ad
447 933 614 973 divitias
645 946 729 972 non
761 938 818 971 est
848 930 1126 971 anhelandum
1158 928 1225 968 77.

205 1000 273 1042 De
306 1005 538 1043 constantia
570 1004 725 1043 amoris
755 1003 890 1042 mutui
920 1000 987 1041 78.

207 1070 330 1123 Quod
361 1074 452 1127 quis
486 1075 614 1114 nescit
638 1087 876 1128 presumere
906 1086 991 1112 non
1022 1069 1189 1111 audebit
1219 1069 1286 1110 79.

205 1142 273 1184 De
302 1145 491 1184 versucia
523 1143 682 1185 diaboli
713 1151 749 1184 et
781 1143 983 1198 quomodo
1016 1142 1083 1181 dei
1103 1141 1270 1194 judicia
1301 1148 1395 1181 sunt
1423 1140 1582 1181 occulta
1603 1138 1673 1192 80,
1706 1154 1798 1180 cum
1818 1154 1886 1180 eat-

288 1216 503 1269 posicione
533 1215 707 1255 inclusa.

135 1332 139 1337 .
206 1284 273 1326 De
303 1285 491 1326 mirabili
520 1287 664 1326 divina
696 1285 1009 1340 dispensacione
1039 1291 1076 1324 et
1107 1291 1199 1323 ortu
1231 1282 1339 1324 beati
1372 1280 1567 1337 Greyorii
1590 1296 1704 1338 pape
1736 1280 1803 1322 81.

206 1356 273 1397 De
294 1356 459 1410 judicio
491 1357 814 1398 adulterantium
846 1354 913 1395 82.

208 1426 275 1468 De
306 1429 503 1468 timorosa
535 1428 721 1468 custodia
751 1428 886 1467 anime
919 1425 985 1465 83.

209 1497 276 1539 De
308 1497 510 1552 beneficiis
542 1499 609 1539 dei
639 1512 797 1553 semper
826 1497 1102 1537 memorandis
1136 1495 1203 1535 84.

213 1568 335 1621 Quod
366 1571 504 1610 oracio
535 1577 680 1610 nostra
708 1569 887 1609 melodia
919 1576 976 1608 est
1006 1581 1145 1607 coram
1176 1567 1249 1607 deo
1283 1564 1349 1607 85.

213 1639 337 1692 Quod
367 1639 656 1696 peccatoribus
693 1641 876 1695 'qratiam
916 1639 1101 1679 divinam
1143 1636 1450 1693 exposcentibus
1496 1638 1685 1678 dominus
1731 1637 1891 1678 miseri-

300 1712 477 1752 corditer
509 1711 793 1752 condescendit
824 1710 890 1751 86.

216 1781 337 1834 Quod
368 1780 550 1823 Christus
582 1797 622 1822 se
651 1796 729 1837 pro
760 1781 879 1823 nobis
909 1782 1034 1822 morti
1063 1781 1252 1835 eaposuit
1283 1778 1348 1819 87.

212 1853 280 1896 De
311 1854 468 1894 cautela
501 1853 660 1894 diaboli
689 1868 765 1908 que
795 1853 941 1893 midtos
974 1853 1030 1892 ad
1059 1852 1267 1892 interitum
1299 1849 1490 1892 subducit
1520 1850 1587 1891 88.

214 1925 281 1967 De
310 1925 471 1980 triplici
500 1932 608 1965 statu
638 1925 785 1964 mundi
815 1923 882 1964 89.

214 1996 281 2038 De
313 1995 497 2037 libertate
528 1995 694 2036 arbitrii
725 1994 792 2035 90.

215 2067 282 2109 De
314 2068 476 2108 accidia
509 2075 544 2108 et
571 2067 755 2121 piqricia
786 2064 853 2106 91.

217 2137 401 2180 Christus
433 2138 551 2193 eleyit
581 2139 689 2178 mori
712 2145 887 2192 propter
916 2137 1044 2176 vitam
1073 2142 1259 2175 nostram
1290 2133 1357 2174 92.

217 2209 284 2251 De
314 2210 535 2250 hereditate
567 2217 602 2249 et
630 2208 784 2263 qaudio
809 2207 951 2265 fidelis
982 2207 1117 2246 anime
1149 2204 1216 2245 93.

221 2280 343 2335 Quod
372 2282 511 2321 anima
552 2279 727 2334 pulchra
762 2293 841 2333 per
876 2278 1037 2332 peccati
1075 2277 1232 2332 lepram
1266 2276 1421 2331 infecta
1455 2277 1682 2332 pristinam
1704 2276 1894 2332 pulchri-

306 2353 489 2393 tudinem
527 2349 673 2391 habere
710 2364 793 2389 non
828 2350 981 2404 poterit
1015 2349 1100 2388 nisi
1133 2362 1211 2402 per
1249 2348 1352 2388 altos
1388 2349 1562 2402 qemitus
1601 2355 1638 2388 et
1678 2346 1896 2403 profunda

305 2423 491 2479 suspiria
520 2420 588 2461 94.

224 2495 344 2546 Quod
375 2492 557 2534 Christus
587 2492 765 2532 restituit
792 2490 909 2531 nobis
941 2490 1202 2531 hereditatem
1232 2503 1407 2545 superne
1430 2490 1572 2544 patrie
1602 2487 1670 2529 95.

224 2564 346 2617 Quod
374 2565 459 2604 vita
488 2577 654 2618 presens
687 2570 744 2602 est
772 2563 858 2602 ‘vita
887 2562 1140 2601 remissionis
1172 2569 1208 2602 et
1235 2561 1369 2615 qratie
1400 2559 1469 2600 96.

222 2636 289 2678 De
318 2642 446 2676 morte
476 2633 543 2674 97.

226 2707 348 2758 Quod
378 2707 476 2746 deus
507 2706 552 2745 in
583 2704 659 2744 hac
688 2704 775 2744 vita
800 2703 972 2758 placari
994 2711 1131 2758 potest
1161 2702 1229 2743 98.

224 2777 291 2818 De
320 2776 437 2817 virili
460 2790 610 2831 puyna
640 2773 792 2815 Christi
822 2783 858 2815 et
888 2774 972 2827 ejus
1003 2775 1178 2814 victoria
1212 2772 1279 2814 99.

228 2846 350 2899 Quod
387 2845 570 2888 Christus
609 2853 862 2901 peccatorem
898 2860 980 2886 non
1018 2846 1156 2885 statim
1186 2859 1267 2900 per
1293 2844 1511 2897 justiciam
1541 2843 1790 2898 precipitat,
1828 2841 1900 2882 sed

313 2918 632 2958 misericorditer
663 2931 751 2956 eum
776 2918 1024 2971 penitentem
1054 2923 1237 2970 ea'pectat
1266 2930 1355 2970 cap.
1383 2914 1477 2954 100.
