1929 3162
118 798 160 831 10

121 1152 161 1185 15

118 1508 162 1540 20

118 1862 162 1895 25

122 2373 167 2407 30

985 47 1069 88 322

184 152 358 195 fideliter
391 153 426 194 ei
458 153 671 194 concessit.
724 152 971 205 Peregrinus
1003 152 1154 194 bellum
1189 156 1440 207 attemptans
1462 157 1683 208 tyrannum
1716 152 1867 194 devicit

185 228 225 266 et
264 224 353 279 ipse
391 224 432 264 in
473 223 578 265 bello
619 237 747 278 usque
788 224 837 264 ad
877 227 1050 264 mortem
1094 222 1332 264 vulneratus
1373 227 1446 265 est.
1500 223 1643 265 Puella
1681 236 1774 265 cum
1816 223 1866 265 de

185 299 316 336 morte
348 295 434 348 ejus
468 294 663 347 audisset,
695 295 792 336 fecit
825 294 932 349 quod
966 294 1168 349 promisit⁷
1202 293 1391 336 baculum
1421 298 1462 336 et
1484 307 1626 349 peram
1657 294 1700 335 in
1732 307 1867 336 came-

185 380 272 408 ram
308 380 420 407 suam
457 371 550 408 ante
582 366 730 407 lectum
767 379 882 407 suum
920 365 1126 420 pependit.
1182 365 1365 418 Accidit,
1409 365 1516 420 quod
1557 378 1628 420 per
1668 378 1796 419 regna
1827 368 1868 407 et

185 441 320 479 castra
350 437 461 478 fama
494 436 677 488 volabat,
718 437 824 490 quod
866 437 947 477 ista
985 436 1133 478 nobilis
1175 436 1342 478 domina
1380 438 1519 478 omnia
1557 450 1684 490 regna
1716 436 1869 478 amissa

185 511 482 563 recuperasset.
537 507 621 548 Hec
655 508 867 549 audientes
900 512 984 549 tres
1016 521 1132 559 reges
1167 507 1216 548 ad
1250 521 1339 549 eam
1373 512 1575 550 venerunt
1603 521 1695 548 cum
1718 520 1867 561 magno

187 583 412 634 apparatu,
453 582 497 619 ut
529 592 617 619 eain
653 579 870 619 visitarent
910 583 950 619 et
988 578 1029 619 in
1062 592 1231 619 uxorem
1273 583 1472 633 peterent.
1526 579 1600 620 Illa
1631 579 1770 621 statim
1804 591 1868 619 or-

185 651 301 691 navit
332 663 375 691 se
408 653 447 691 et
478 649 521 690 in
554 662 724 690 occursu
757 649 920 690 illorum
955 649 1195 690 ambulabat
1234 662 1384 704 eosque
1422 650 1522 691 satis
1553 649 1775 691 honorifice
1805 662 1870 690 re-

186 721 315 776 cepit,
355 721 464 761 intra
504 733 546 761 se
587 720 812 772 cogitabat:
857 719 899 761 Si
938 720 1043 761 forte
1083 720 1151 761 isti
1194 724 1276 762 tres
1317 734 1433 774 reges
1472 733 1678 762 cameram
1709 720 1867 762 intrare

186 795 443 847 proponunt,
485 791 564 832 erit
603 791 725 832 michi
768 791 1034 845 opprobium,
1077 791 1111 832 si
1151 795 1245 833 ante
1284 791 1433 833 lectum
1468 805 1604 833 meum
1637 791 1871 833 invenirent

187 863 394 917 peregrini
427 875 567 916 peram
602 865 642 903 et
674 861 879 914 baculum,
915 866 953 903 et
980 862 1106 915 jussit
1139 876 1186 904 ea
1219 863 1400 905 amoveri
1431 876 1506 904 nec
1534 862 1644 904 ultra
1671 861 1729 904 ibi
1759 874 1869 904 com-

188 947 344 988 parere.
397 933 464 975 Sic,
497 933 606 986 pacti
641 933 704 974 sui
737 933 864 974 oblita
896 937 936 974 et
968 933 1131 985 ingrata
1162 933 1272 975 facta
1305 938 1378 975 est.

307 1002 604 1060 [Applz'eacio.]
657 1003 884 1057 Carissimi,
919 1004 1085 1045 domina
1118 1005 1198 1046 ista
1230 1009 1293 1046 est
1325 1005 1462 1046 anima
1495 1004 1694 1057 humana,
1727 1007 1868 1059 tyran-

187 1089 262 1117 nus
296 1080 357 1117 est
389 1075 589 1127 diabolus,
623 1075 691 1128 qui
726 1089 815 1116 eam
849 1075 1030 1130 privavit
1061 1075 1288 1117 hereditate
1317 1077 1431 1130 regni
1460 1076 1621 1118 celestis
1645 1088 1718 1130 per
1740 1074 1871 1116 multa

187 1150 387 1201 tempora,
421 1147 528 1188 unde
560 1147 652 1201 ipsa
684 1146 859 1187 multum
893 1146 1067 1188 dolebat.
1121 1147 1204 1189 Nec
1228 1148 1391 1200 mirum,
1426 1148 1522 1201 quia
1542 1147 1585 1188 in
1606 1147 1767 1188 inferno
1800 1145 1871 1187 diu

187 1219 322 1273 posita
355 1222 461 1268 erat,
503 1217 631 1258 donec
664 1217 905 1272 peregrinus
939 1222 1128 1271 venerat„
1171 1219 1327 1260 scilicet
1357 1218 1566 1273 Christus,
1601 1218 1669 1272 qui
1703 1217 1752 1260 de
1784 1216 1870 1259 celo

187 1289 399 1331 descendit
428 1289 472 1329 in
506 1288 883 1343 peregrinacionem
924 1289 1044 1330 istius
1084 1290 1237 1331 mundi.
1291 1290 1396 1332 Pera
1435 1290 1520 1344 ejus
1559 1303 1653 1332 caro
1685 1289 1870 1331 mundis-

187 1361 310 1413 sima‚
354 1360 397 1401 in
438 1374 518 1413 qua
555 1359 677 1400 latuit
716 1359 932 1412 divinitas,
973 1361 1015 1401 in
1056 1374 1137 1414 qua
1174 1361 1330 1416 recepit
1364 1361 1547 1403 vulnera.
1600 1359 1778 1402 Baculus
1810 1364 1873 1401 est

187 1432 344 1484 lignum
384 1431 539 1482 crucis,
578 1430 621 1471 in
663 1444 741 1484 quo
783 1432 980 1486 pependit
1019 1446 1092 1486 pro
1130 1433 1248 1474 nobis
1289 1432 1585 1486 peccatoribus.
1638 1430 1756 1473 Unde
1796 1444 1871 1485 pro

189 1503 326 1543 anima
366 1502 464 1543 fecit
504 1501 715 1542 victoriam
757 1501 861 1543 feria
900 1506 1037 1550 sexta.
1078 1507 1122 1544 ut
1153 1507 1193 1545 te
1225 1504 1420 1546 liberaret
1452 1517 1475 1544 a
1506 1516 1633 1558 pena,
1669 1506 1710 1544 et
1739 1506 1786 1543 ut
1815 1500 1873 1543 ibi

186 1574 502 1615 restituerentur
542 1572 679 1613 omnia
718 1573 882 1614 amissa.
936 1573 1046 1615 Petit
1083 1588 1178 1628 ergo
1211 1575 1414 1616 instanter
1447 1588 1469 1615 a
1500 1579 1560 1627 te,
1602 1577 1648 1615 ut
1678 1586 1753 1628 pro
1786 1573 1872 1626 ejus

189 1657 326 1685 amore
359 1657 499 1698 peram
536 1647 576 1684 et
607 1643 797 1685 baculum
833 1645 1062 1698 custodias7
1105 1645 1179 1687 hoc
1221 1651 1282 1687 est
1313 1649 1358 1687 ut
1389 1649 1596 1687 recentem
1628 1644 1872 1686 memoriam

188 1717 378 1756 continue
419 1715 467 1756 de
509 1715 595 1768 ejus
637 1715 828 1769 passione
866 1716 1017 1758 habeas
1065 1717 1173 1758 infra
1212 1730 1417 1759 cameram
1458 1716 1592 1758 cordis
1634 1715 1706 1757 tui.
1770 1714 1871 1756 Tres

188 1800 304 1839 reges
337 1790 432 1828 sunt
464 1785 671 1839 diabolus,
711 1787 888 1828 mundus
922 1792 962 1829 et
993 1801 1108 1841 caro,
1149 1788 1219 1842 qui
1250 1788 1420 1829 veniunt
1451 1787 1502 1829 ad
1535 1787 1743 1829 hominem
1777 1798 1872 1839 sug-

188 1858 387 1910 gerendo,
422 1857 680 1910 delectando,
723 1859 1032 1900 consenc-iendo.
1082 1859 1207 1901 Miser
1243 1858 1364 1913 [260]
1399 1859 1519 1900 homo
1551 1871 1634 1900 non
1665 1856 1872 1913 premedi-

188 1931 298 1970 tatus
332 1929 381 1970 de
412 1929 561 1970 futuris
595 1934 715 1971 ornat
746 1943 788 1971 se
821 1943 912 1971 cum
946 1931 1063 1972 viciis
1095 1934 1134 1972 et
1157 1931 1503 1985 concupiscenciis
1527 1933 1568 1972 et
1589 1928 1767 1971 occurrit
1799 1928 1871 1981 eis,

190 2014 311 2053 quam
345 2000 423 2041 cito
458 2001 680 2050 consentit3
723 2005 763 2042 et
795 2002 853 2042 sic
886 2006 1049 2043 amovet
1080 2016 1105 2043 a
1135 2002 1337 2043 memoria
1369 2001 1523 2043 Christi
1555 2005 1595 2043 et
1625 2014 1699 2055 per
1731 2012 1873 2042 conse-

190 2084 317 2124 quens
351 2071 499 2112 oblitus
534 2075 595 2112 est
627 2071 704 2112 dei.
752 2071 998 2114 Studeamus
1032 2086 1127 2126 ergo
1162 2074 1248 2126 ejus
1281 2072 1478 2115 beneficia
1509 2071 1703 2124 recolere,
1736 2071 1771 2112 si
1802 2083 1873 2111 vo-

188 2141 325 2183 lumus
358 2141 409 2183 ad
442 2145 627 2183 eternum
662 2142 847 2184 bravium
882 2144 1110 2198 pervenire.

870 2373 971 2415 CAP.
996 2375 1064 2415 26.
1092 2375 1194 2425 (25.)

846 2461 919 2504 De
963 2461 1218 2506 humilitate.

309 2564 466 2617 Regina
504 2565 678 2619 quedam
718 2567 866 2609 nobilis
907 2569 956 2610 de
994 2582 1111 2610 servo
1143 2569 1297 2610 rustico
1330 2567 1518 2623 concepit
1547 2566 1690 2608 filium.
1743 2564 1883 2608 Filius*

194 2640 287 2689 post
318 2636 394 2677 hoc
425 2636 576 2677 viciose
618 2642 657 2677 et
689 2638 795 2679 male
837 2652 879 2680 se
912 2639 1055 2681 habuit
1086 2640 1127 2681 in
1160 2643 1384 2695 conspectu
1414 2638 1615 2694 principis
1647 2637 1778 2693 patris
1811 2636 1875 2678 sui

195 2706 382 2759 putativi.
436 2705 632 2762 Princeps
672 2721 767 2749 vero
808 2723 831 2750 a
869 2710 1013 2762 regina
1054 2711 1272 2763 diligenter
1312 2710 1510 2764 quesivit,
1553 2722 1604 2750 an
1636 2707 1745 2750 filius
1776 2720 1875 2749 suus

126 2784 170 2818 35
196 2781 313 2818 esset.
367 2776 445 2826 Qui
477 2777 642 2819 tandem
670 2791 743 2832 per
765 2780 1062 2822 confessionem
1087 2782 1227 2835 regine
1248 2781 1475 2834 inveniens⁷
1508 2793 1592 2822 non
1623 2793 1713 2822 esse
1743 2777 1873 2820 filium

196 2860 336 2901 suum,
375 2847 517 2889 nolens
550 2852 689 2890 tamen
722 2855 891 2904 propter
922 2851 999 2893 hoc
1031 2866 1123 2894 eum
1156 2853 1321 2907 privare
1359 2865 1508 2905 regn0‚
1549 2864 1722 2905 regnum
1755 2862 1874 2892 suum

293 2929 334 2961 10
357 2928 569 2972 invenirent]
597 2934 681 2974 orig).
701 2929 904 2965 invenirint.
