1919 3131
90 991 158 1033 80.

89 1133 156 1175 81.

89 1277 157 1318 82.

88 1347 164 1409 83.-

88 1490 156 1533 84.

88 1633 157 1675 85.

87 1777 156 1819 86.

87 1920 156 1962 87.

87 2063 155 2105 88.

87 2206 155 2248 89.

86 2349 155 2391 90.

86 2492 155 2534 91.

87 2634 156 2676 92.

87 2777 156 2819 93.

910 30 963 71 37

211 133 272 176 De
305 137 462 189 septem
497 133 753 188 sapientibus
787 149 958 189 quorum
985 136 1122 191 capita
1143 135 1308 178 fuerunt
1332 141 1559 192 amputata.
1608 138 1781 188 Quidam

211 206 450 262 imperator.
501 204 591 255 (Vll
624 218 727 260 sap,
759 205 830 248 VH
864 208 970 262 sap.)
1017 220 1145 260 germ.
1169 207 1238 248 48.

209 275 271 319 De
295 275 443 332 Abyba
476 275 543 330 qui
577 279 660 318 tres
694 277 798 319 ictus
831 278 928 319 fecit
961 282 1035 321 etc.
1080 277 1254 328 Quidam
1280 279 1505 334 imperator
1526 279 1616 322 fuit.
1666 280 1783 331 (Abi-

209 347 296 401 bas,
330 349 387 398 5.)
435 346 505 388 lat.
536 347 599 389 17.

209 419 272 462 De
307 432 491 475 paupere
524 419 591 472 qui
627 419 775 461 cecidit
810 420 847 461 in
881 420 1056 462 foveam.
1114 419 1288 470 Quidam
1324 435 1483 476 pauper
1514 421 1603 464 fuit.
1660 422 1782 474 (Dra-

208 490 537 539 chenscbwanz.)
585 490 656 532 lat.
687 492 779 532 114.

206 562 267 604 De
299 562 501 604 unicornu
532 566 573 604 et
594 562 752 604 duabus
777 562 1018 616 virginibus.
1060 562 1163 605 Erat
1185 563 1350 617 quidam
1375 563 1613 619 imperator.
1656 564 1781 615 (Zwei

207 633 334 676 nakte
359 633 644 687 jungfrauen.)
692 633 762 675 lat.
792 635 886 676 115.

208 704 270 747 De
310 709 488 761 tyranno
530 705 597 759 qui
638 705 815 760 puellam
859 706 997 761 rapuit
1038 709 1079 747 et
1111 718 1200 747 eam
1235 704 1463 748 defloravit.
1517 705 1707 749 ‚Iustinus
1740 708 1780 749 in

206 776 318 818 civit.
369 776 568 824 (Uutreue
600 789 729 829 gegen
763 780 919 828 retter.)
969 777 1038 818 lat.
1067 777 1162 818 117.

207 846 367 889 Divisio
416 847 591 889 fratrum
632 861 680 889 ex
721 847 851 890 libera
890 853 931 891 et
969 848 1129 890 ancilla.
1194 847 1398 890 Narratur
1437 848 1544 903 quod
1584 849 1649 892 lex
1690 850 1779 892 fuit.

205 918 528 973 (Erbtheilung.)
576 918 646 960 lat.
671 919 740 960 9⁴).

208 989 271 1033 De
293 991 494 1044 regimine
512 992 696 1046 corporis
718 995 757 1034 et
775 991 923 1034 anime.
958 990 1114 1045 Regina
1133 991 1334 1046 quaedam
1353 991 1554 1047 concepit.
1590 991 1782 1045 (Zweier-

205 1061 259 1104 lei
291 1061 419 1110 tuch.)
464 1061 535 1104 lat.
560 1063 628 1104 26.

204 1132 267 1176 De
309 1133 485 1188 quodam
528 1134 616 1175 viro
649 1134 717 1188 qui
751 1134 852 1175 vidit
886 1138 1120 1190 serpentem
1153 1134 1340 1188 ligatum.
1397 1134 1568 1189 Legitur
1600 1134 1650 1177 de
1683 1149 1782 1190 quo-

205 1204 298 1246 dam
334 1205 434 1246 viro.
484 1204 706 1258 (Sehlange
737 1205 883 1257 lesen.)
931 1205 1002 1248 lat.
1031 1207 1124 1247 174.

204 1276 267 1318 De
292 1276 474 1330 janitore
507 1280 547 1319 et
576 1275 782 1332 Gybboso.
831 1276 1004 1327 Quidam
1037 1277 1227 1319 dominus
1258 1281 1358 1320 erat.
1408 1277 1543 1329 (Zoll.)
1591 1277 1661 1320 lat.
1684 1279 1779 1319 157.

206 1347 269 1390 De
309 1347 469 1390 duobus
507 1348 705 1390 fratribus
745 1349 1089 1391 discordantibus.
1153 1348 1325 1403 Legitur
1356 1349 1397 1391 iu
1431 1350 1557 1403 gestis
1590 1362 1781 1391 romano-

204 1433 309 1461 rum.
359 1418 614 1468 (Feindliche
646 1419 829 1471 bruder.)
877 1420 947 1462 lat.
973 1421 1042 1462 39.

204 1490 268 1533 De
301 1490 407 1533 bello
430 1490 584 1533 Christi
617 1495 761 1533 contra
793 1491 1028 1546 dyabolum.
1076 1491 1255 1534 Cosdras
1286 1492 1525 1548 imperator.
1573 1491 1780 1544 (Codrus.)

203 1561 275 1604 lat.
299 1562 369 1604 41.

203 1633 266 1676 De
298 1633 431 1675 tribus
463 1632 560 1675 filiis
594 1637 633 1676 et
665 1633 804 1689 lapide
838 1635 1036 1689 precioso.
1086 1634 1262 1684 Quidam
1292 1648 1364 1677 rex
1386 1634 1532 1677 habuit
1552 1638 1636 1677 tres
1659 1634 1777 1677 filios.

206 1703 486 1757 (Glassteine.)
535 1718 630 1760 app.
661 1707 725 1747 14.

204 1775 268 1819 De
299 1790 504 1832 praecone
536 1781 577 1819 et
608 1776 736 1819 nobili
767 1777 935 1820 femina.
989 1776 1131 1820 Refert
1154 1776 1357 1820 Valerius.
1408 1776 1578 1829 (Mutter
1609 1777 1779 1829 stillen.)

205 1862 300 1904 app.
328 1848 393 1890 19.

204 1919 268 1962 De
299 1919 477 1974 quodam
512 1919 582 1974 qui
614 1919 719 1961 vidit
749 1919 968 1975 ethyopem
1003 1920 1045 1962 in
1078 1910 1183 1962 silva
1205 1923 1281 1962 etc.
1331 1919 1502 1974 Legitur
1524 1920 1564 1961 in
1590 1920 1684 1962 vitis
1706 1933 1779 1976 pa-

204 1995 328 2034 trum.
377 1990 496 2044 (Drei
528 1997 711 2042 narren.)
760 1990 831 2032 lat.
859 1992 953 2033 165.

202 2062 267 2105 De
304 2062 497 2118 passione
537 2062 705 2104 domini.
769 2061 993 2118 Pompejus
1033 2063 1191 2105 statuit.
1255 2063 1318 2114 (In
1356 2061 1503 2105 waffen
1541 2061 1778 2116 begraben.)

203 2133 274 2176 lat.
303 2134 398 2175 134.

204 2204 266 2248 De
295 2204 462 2259 Ingrato
495 2208 535 2247 et
564 2203 748 2260 Gydone.
798 2203 1003 2248 Leuncius
1032 2206 1234 2259 regnavit.
1277 2205 1483 2259 (Ingratus
1507 2204 1590 2246 und
1612 2203 1778 2256 Guido.)

202 2277 274 2319 lat.
301 2277 396 2318 119.

204 2347 266 2390 De
298 2350 528 2390 mercatore
561 2347 631 2402 qui
663 2351 747 2390 tres
780 2348 1012 2404 sapiencias
1038 2348 1235 2392 vendidit.
1283 2348 1551 2391 Domicianus
1574 2347 1776 2401 regnavit.

204 2419 321 2469 (Drei
353 2418 592 2461 weisheiten
627 2419 884 2471 verkaufen.)
932 2419 1002 2462 lat.
1032 2421 1126 2461 103.

204 2490 267 2533 De
314 2490 446 2532 milite
493 2494 532 2532 et
580 2503 708 2532 uxore
756 2490 989 2533 adulterata
1036 2495 1111 2534 etc.
1175 2490 1367 2533 Pelenius
1415 2503 1529 2533 rome
1575 2489 1775 2544 regnavit.

204 2561 490 2614 (Wachsbild.)
538 2560 609 2603 lat.
636 2562 731 2603 102.

205 2633 268 2676 De
315 2637 457 2676 sancto
495 2632 721 2675 Eustachio
769 2633 839 2687 qui
881 2640 976 2676 ante
1016 2633 1269 2689 baptismum
1313 2632 1536 2675 vocabatur
1576 2631 1776 2687 placidus.

205 2704 311 2748 Erat
342 2705 507 2759 quidam
542 2704 673 2747 miles.
724 2703 963 2755 (Placidus)
1009 2705 1081 2747 lat.
1110 2706 1204 2747 110.

204 2775 267 2819 De
307 2775 394 2818 filia
433 2776 542 2830 regis
583 2781 624 2818 et
662 2776 843 2830 quinque
882 2776 1082 2819 militibus
1122 2780 1162 2819 et
1193 2789 1305 2818 cane.
1356 2774 1544 2817 Valerius
1576 2773 1776 2828 regnavit.

206 2846 418 2900 (Stricke.)
468 2861 564 2903 app.
592 2848 657 2889 16.
