1949 3162
999 43 1083 85 598

207 153 241 194 si
273 152 322 194 ad
355 152 430 192 1100
461 164 589 192 0880111
624 150 780 203 dignus.
835 150 891 191 At
929 149 1019 192 illa:
1061 149 1157 191 Sine
1195 149 1316 191 dubio
1355 163 1436 191 non
1476 153 1537 192 est
1575 153 1761 192 creatura
1793 149 1867 192 sub

207 223 313 275 celo,
355 235 474 277 quam
516 221 647 275 magis
679 221 802 275 diligo
845 234 964 275 quam
998 225 1049 263 te.
1083 220 1159 271 Qui
1192 221 1275 263 ait:
1316 221 1459 263 Dicam
1501 221 1575 263 tibi
1611 221 1868 276 propositum

206 307 353 336 meum.
406 292 471 334 Ad
509 296 662 334 terram
704 295 886 334 sanctam
921 305 1102 347 propono
1135 292 1346 343 00001101ος
1391 292 1424 333 81
1455 305 1536 333 11011
1568 305 1714 334 venero
1748 292 1798 334 ad
1831 295 1870 334 te

206 364 325 406 hodie
358 378 430 419 per
462 367 617 419 septem
652 377 792 416 annos,
826 375 1106 417 quemcunque
1135 363 1326 404 maritum
1351 362 1450 405 velis
1474 363 1656 418 accipere
1679 363 1869 417 accipias,

207 435 277 477 sed
308 434 427 477 fidem
461 448 592 476 meam
625 434 700 475 tibi
733 434 803 486 do,
848 434 953 488 quod
996 434 1028 475 si
1062 447 1134 489 per
1166 437 1325 475 tantum
1359 438 1519 489 tempus
1552 437 1769 489 expectare
1801 446 1871 475 vo-

205 506 350 560 lueris,
390 506 523 547 medio
562 509 745 560 tempore
784 519 849 547 me
887 504 938 546 ab
977 505 1087 546 omni
1125 504 1354 559 pollucione
1385 505 1551 559 tenebo,
1591 505 1718 547 donec
1750 504 1801 546 ad
1831 508 1871 547 10

206 577 378 619 rediero.
431 576 486 618 Et
517 576 605 618 illa:
648 575 753 618 Ecce
791 575 891 618 fides
924 589 1015 617 mea
1045 576 1087 617 in
1119 589 1242 617 manu
1275 579 1364 629 tua,
1405 575 1511 630 quod
1550 575 1599 618 ab
1639 575 1759 618 hodie
1798 589 1872 631 per

208 651 364 703 septem
407 661 534 689 annos
574 647 853 700 virginitatem
893 660 1028 689 meam
1066 646 1290 688 custodiam
1331 660 1404 701 pro
1443 650 1512 688 tuo
1555 660 1711 701 amore,
1760 650 1800 689 et
1837 646 1871 688 si

206 719 286 760 ista
324 719 389 760 die
427 718 553 760 finitis
593 722 749 773 septem
790 718 906 760 annis
949 731 1029 759 non
1069 718 1230 759 veneris
1270 717 1441 771 quilibet
1478 721 1662 759 nostrum
1703 731 1727 759 a
1757 717 1872 772 jura-

207 794 343 832 mento
376 790 429 831 sit
461 789 629 831 solutus.
683 789 756 830 Ait
786 789 924 831 miles:
967 788 1115 831 Omnia
1154 788 1225 830 illa
1257 788 1500 843 adimplebo.
1555 788 1772 831 Osoulatus
1811 791 1873 830 est

207 861 382 916 puellam
431 864 471 902 et
507 860 691 915 perrexit
731 860 781 901 ad
821 863 973 902 terram
1014 864 1209 901 sanctam.
1272 859 1362 901 Cito
1406 863 1500 914 post
1535 859 1611 901 hoc
1651 860 1764 902 venit
1800 873 1871 902 rex

205 932 372 987 Apullie
404 932 454 973 ad
485 931 689 986 palacium
720 931 1004 986 imperatoris,
1036 935 1082 972 ut
1111 930 1235 972 filiam
1271 943 1385 972 suam
1419 930 1460 971 in
1492 944 1660 973 uxorem
1694 931 1871 974 duceret.

205 1002 365 1044 Placuit
396 1002 637 1057 imperatori
670 1005 710 1043 et
741 1002 880 1043 statim
914 1003 950 1044 ei
982 1002 1185 1044 consentit
1218 1002 1457 1055 vocavitque
1489 1000 1615 1043 filiam
1647 1006 1687 1044 et
1725 1003 1799 1045 ait:
1839 1002 1872 1045 O

207 1074 313 1116 bona
344 1072 447 1127 filia,
487 1072 563 1114 tibi
596 1073 644 1114 110
674 1073 822 1114 11101110
854 1073 1035 1128 providi,
1075 1086 1129 1115 sc.
1159 1073 1207 1114 de
1245 1086 1340 1126 rege
1370 1072 1547 1127 Apullie.
1601 1072 1685 1123 Que
1725 1073 1800 1115 ait:
1840 1073 1872 1116 O

208 1145 383 1198 domine,
416 1144 610 1186 miserere
642 1144 735 1186 mei.
784 1143 934 1186 Votum
968 1144 1032 1186 dei
1063 1144 1162 1197 feci,
1197 1148 1242 1185 ut
1273 1158 1346 1199 pro
1379 1143 1504 1185 Cristi
1536 1157 1673 1186 amore
1704 1144 1874 1198 virgini-

208 1219 333 1258 tatem
366 1220 522 1270 septem
555 1215 672 1257 annis
704 1215 946 1268 custodiam,
980 1220 1020 1257 et
1050 1215 1141 1257 ideo
1173 1215 1298 1257 finitis
1331 1218 1487 1270 septem
1520 1216 1637 1257 annis
1660 1215 1768 1270 quod
1799 1215 1873 1258 deo

208 1287 408 1342 placuerit
437 1286 513 1328 hoc
542 1286 703 1328 faciam.
737 1286 965 1341 Imperator
996 1300 1087 1328 cum
1119 1287 1195 1328 hoc
1228 1287 1409 1329 audisset
1440 1290 1580 1329 votum
1604 1287 1689 1341 ejus
1710 1286 1876 1330 nolebat

207 1358 431 1411 infringere
462 1357 532 1399 sed
572 1358 709 1399 omnia
746 1357 834 1411 regi
874 1357 1016 1400 retulit
1054 1362 1094 1400 et
1132 1358 1239 1413 quod
1277 1358 1320 1399 in
1360 1357 1440 1400 fine
1480 1361 1635 1414 septem
1675 1371 1874 1400 annorum

209 1430 366 1472 veniret
399 1433 438 1471 et
468 1428 593 1470 filiam
627 1433 742 1470 ’8110111
778 1429 821 1470 111
859 1443 1030 1471 uxorem
1071 1429 1248 1471 duceret.
1301 1428 1387 1471 Rex
1430 1442 1524 1471 vero
1557 1441 1650 1470 cum
1692 1429 1875 1472 audisset

210 1501 245 1543 ei
277 1501 443 1556 placuit.
476 1500 719 1554 Imperatori
762 1500 948 1543 valefecit
986 1504 1026 1542 et
1066 1500 1115 1541 ad
1154 1513 1324 1553 regnum
1366 1514 1483 1542 suum
1524 1501 1719 1556 perrexit.
1771 1500 1873 1543 Cum

211 1576 345 1614 autem
386 1575 542 1626 septem
583 1571 678 1612 anni
716 1570 822 1613 finiti
861 1575 1016 1625 essent,
1062 1575 1102 1613 et
1148 1571 1234 1613 dies
1281 1584 1358 1626 que
1397 1574 1485 1612 erat
1523 1572 1731 1625 assignata
1767 1572 1875 1614 inter

210 1644 381 1685 militem
417 1647 457 1684 01
488 1642 664 1697 puellam
707 1642 886 1696 adesset,
926 1657 996 1685 rex
1038 1643 1179 1684 eodem
1219 1642 1283 1684 1110
1320 1655 1410 1683 011111
1451 1643 1631 1684 maximo
1672 1647 1875 1699 apparatu

210 1729 350 1757 versus
382 1714 585 1769 palacium
620 1713 840 1767 equitabat.
875 1713 975 1755 Cum
1010 1718 1145 1755 01110111
1178 1714 1236 1755 810
1268 1713 1503 1768 equitasset,
1535 1713 1652 1756 miles
1684 1714 1733 1756 de
1764 1718 1875 1757 terra

211 1790 352 1828 sancta
383 1786 494 1827 venit
525 1788 565 1827 et
596 1784 736 1826 eodem
771 1784 836 1826 die
867 1785 909 1826 in
942 1785 1083 1827 eadem
1115 1785 1182 1826 via
1213 1785 1411 1839 equitavit
1442 1798 1570 1839 usque
1601 1785 1696 1827 dum
1730 1786 1779 1828 ad
1811 1799 1874 1828 re-

210 1871 301 1912 gem
334 1857 532 1913 pervenit.
569 1856 656 1898 Rex
688 1869 782 1898 vero
809 1856 991 1898 totaliter
1013 1870 1195 1911 purpura
1226 1859 1266 1897 et
1290 1856 1415 1911 pallio
1439 1860 1526 1898 erat
1546 1857 1725 1910 indutus,
1757 1857 1875 1899 miles

211 1942 306 1970 vero
339 1928 506 1983 capucio
540 1931 580 1969 et
611 1927 797 1969 clamide.
851 1926 951 1968 Cum
993 1930 1126 1969 autem
1167 1941 1240 1968 rex
1273 1927 1323 1968 ad
1355 1941 1445 1969 eum
1479 1927 1682 1970 venisseet
1712 1932 1752 1970 et
1782 1942 1874 1970 eum

211 2000 381 2042 vidisset
412 1999 588 2053 quesivit
619 1998 668 2040 ab
701 2012 760 2051 eo,
793 1998 900 2039 unde
933 1998 1103 2040 veniret.
1141 1998 1198 2040 At
1228 1998 1316 2040 ille:
1351 1998 1399 2040 de
1430 2001 1540 2040 terra
1572 2003 1713 2041 sancta
1742 1999 1872 2041 venio.

212 2071 313 2113 Cum
352 2084 447 2112 vero
489 2071 546 2111 sic
585 2069 706 2111 simul
746 2070 976 2124 equitarent
1014 2070 1161 2111 cecidit
1198 2069 1337 2124 pluvia
1375 2070 1417 2111 in
1454 2083 1604 2124 magna
1642 2070 1779 2125 copia,
1817 2071 1875 2112 110

213 2142 318 2197 quod
351 2155 422 2183 rex
454 2141 637 2183 totaliter
669 2144 756 2183 erat
781 2141 1047 2182 madefactus.
1079 2140 1197 2182 Miles
1221 2154 1314 2182 vero
1338 2141 1396 2182 ait
1418 2141 1473 2182 ei:
1506 2141 1695 2196 Domine,
1726 2154 1876 2195 magna

213 2213 393 2255 stulticia
424 2216 504 2266 est,
545 2212 651 2266 quod
683 2212 848 2253 domum
880 2215 1060 2254 vestram
1094 2212 1301 2253 vobiscum
1335 2226 1416 2253 non
1448 2213 1655 2268 portastis.
1711 2211 1753 2254 Si
1787 2213 1874 2267 jam

213 2285 375 2326 domum
418 2287 596 2325 vestram
636 2283 862 2336 haberetis,
903 2297 983 2325 non
1024 2283 1205 2325 fuissetis
1247 2283 1510 2325 madefactus.
1574 2284 1645 2325 Ait
1681 2282 1776 2325 ille:
1821 2282 1876 2325 Ut

213 2355 335 2397 michi
369 2355 528 2397 videtur
560 2354 707 2397 stultus
740 2368 800 2406 08;
835 2354 978 2396 domus
1011 2368 1102 2396 mea
1133 2358 1195 2396 est
1225 2357 1311 2396 tota
1340 2354 1522 2410 lapidea3
1557 2354 1757 2409 quomodo
1781 2367 1874 2407 ergo

214 2427 327 2468 illam
359 2439 516 2468 mecum
551 2429 713 2481 portare
745 2425 934 2480 possem?
967 2425 1067 2467 Cum
1100 2439 1196 2467 vero
1228 2425 1399 2467 ulterius
1433 2426 1726 2481 processissent
1756 2438 1875 2467 vene-

214 2502 310 2539 runt
340 2498 390 2539 ad
422 2497 555 2539 locum
587 2496 763 2538 lutosum
797 2510 843 2538 ac
873 2497 1134 2552 profundum.
1188 2496 1274 2538 Rex
1312 2509 1439 2550 usque
1478 2497 1527 2538 ad
1567 2500 1749 2538 ventrem
1784 2496 1876 2550 equi
1904 2537 1908 2540 .

214 2569 403 2621 intravit,
451 2568 567 2609 miles
614 2581 709 2609 vero
747 2568 789 2609 in
830 2568 1000 2610 circuitu
1039 2568 1238 2621 equitavit
1277 2571 1316 2609 et
1353 2567 1411 2609 sic
1456 2580 1529 2609 1100
1576 2567 1754 2622 seipsum
1802 2579 1876 2608 nec

216 2653 363 2693 equum
395 2638 625 2680 maculavit.
678 2638 732 2680 Et
761 2639 818 2680 ait
846 2639 950 2692 regi:
983 2638 1171 2692 Domine,
1205 2638 1239 2679 si
1268 2638 1473 2694 sapienter
1500 2638 1679 2692 fecisses,
1710 2641 1875 2693 pontem

215 2715 330 2752 tuum
377 2714 509 2752 tecum
549 2713 755 2764 portasses
802 2713 842 2751 et
888 2710 946 2751 sic
988 2722 1062 2751 nec
1108 2723 1254 2764 corpus
1293 2713 1407 2750 tuum
1454 2723 1529 2751 1100
1575 2723 1701 2763 equus
1742 2712 1877 2751 essent

216 2781 354 2823 fedati.
401 2782 474 2823 Ait
505 2781 593 2823 ille:
627 2780 834 2830 Quomodo
867 2781 1074 2836 loqueris?
1114 2794 1217 2835 pons
1250 2794 1363 2821 meus
1396 2783 1458 2822 est
1487 2780 1673 2835 lapideus
1706 2783 1746 2822 et
1777 2779 1876 2821 bene

218 2853 397 2894 continet
429 2852 640 2893 dimidium
673 2851 832 2894 miliare
864 2852 905 2893 111
937 2852 1211 2906 longitudine3
1252 2851 1452 2905 quomodo
1491 2865 1585 2905 ergo
1618 2851 1731 2906 potui
1761 2850 1876 2892 illum

217 2937 375 2969 mecum
419 2924 590 2968 ducere?
631 2923 753 2965 michi
793 2924 973 2979 videtur,
1014 2923 1121 2978 quod
1160 2923 1214 2965 sis
1255 2922 1414 2965 stultus.
1465 2922 1523 2965 At
1559 2922 1646 2965 ille:
1686 2921 1874 2977 Domine,
