1929 3162
938 54 1022 96 282

258 162 539 202 Moralz’zatio.
593 160 827 215 Carissimi,
869 175 943 216 per
981 164 1140 216 patrem
1183 161 1307 203 istum
1341 165 1501 216 patrem
1533 160 1725 204 celestem
1755 161 1817 203 in—

142 231 379 286 telligimus,
413 245 486 287 per
518 231 619 274 duos
650 232 756 274 filios
788 236 980 274 naturam
1013 231 1241 286 angelicam
1273 236 1313 274 et
1342 232 1579 274 humanam.
1626 232 1819 275 Humana

142 305 359 358 conjuncta
390 307 479 346 erat
509 304 715 347 meretrici
747 304 772 345 i.
797 317 830 345 e.
864 303 1086 358 iniquitati,
1119 304 1280 358 quando
1304 304 1353 346 de
1375 317 1496 359 pomo
1518 304 1644 346 vetito
1676 307 1819 346 contra

142 375 327 417 divinum
359 379 597 431 preceptum
631 375 827 426 comedit3
859 374 968 417 unde
991 389 1014 417 a
1036 379 1154 431 patre
1175 375 1317 418 celesti
1339 379 1427 418 erat
1454 375 1574 417 homo
1607 375 1816 431 expulsus.

95 451 115 485 5
141 446 271 488 Filius
309 447 537 489 meretricis
581 446 673 502 [est]
715 450 848 488 totum
887 459 1015 499 genus
1054 447 1298 500 humanum,
1346 447 1454 501 quod
1492 460 1566 502 per
1604 451 1816 502 peccatum

141 531 381 573 perversum
413 519 605 574 perierat.
654 518 726 560 Ille
756 516 864 558 filius
897 530 992 571 eger
1023 518 1156 560 factus
1188 521 1262 571 est,
1296 518 1391 572 quia
1415 522 1508 573 post
1529 521 1742 573 peccatum
1775 518 1817 560 in

141 589 217 632 hac
247 589 512 632 lacrimarum
546 589 652 631 valle
685 589 843 644 positus
875 593 949 643 est,
976 589 1098 643 juxta
1129 588 1229 630 illud
1263 587 1385 631 Gen.:
1426 589 1470 631 In
1503 589 1650 631 sudore
1680 589 1818 632 vultus

141 661 214 702 tui.
268 660 349 703 Sed
381 675 455 717 per
488 661 642 703 Christi
674 660 908 715 passionem
942 664 1004 702 est
1034 660 1108 701 deo
1140 660 1251 715 patri
1279 660 1533 714 conciliatus,
1566 664 1606 702 et
1627 661 1818 703 continue

141 732 431 775 reconciliatur
462 746 535 787 per
568 745 693 787 opera
732 732 945 774 meritoria
983 735 1024 774 et
1061 745 1134 786 per
1176 745 1317 787 preces
1357 735 1611 786 sanctorum,
1651 732 1720 787 qui
1751 745 1818 775 co-

72 808 115 842 10
141 804 240 846 tidie
281 817 356 860 pro
397 817 545 858 genere
584 804 762 845 humano
804 816 945 858 preces
984 803 1162 845 fundunt
1199 803 1242 844 in
1277 803 1375 846 celo.
1427 803 1516 845 Ps.:
1556 803 1818 846 Desiderium

140 889 369 932 pauperum
403 875 614 918 exaudivit
645 875 847 916 dominus.
899 874 979 917 Sed
1002 874 1105 916 alius
1137 874 1267 917 frater
1300 888 1353 917 sc.
1379 875 1578 929 diabolus,
1612 875 1681 930 qui
1713 888 1817 917 sem-

140 961 215 1004 per
247 951 309 990 est
339 948 546 1002 ingratus,
589 960 752 1002 semper
792 960 865 988 nos
897 947 1114 1002 impugnat
1152 950 1192 988 et
1229 947 1278 989 de
1309 950 1450 988 nostra
1481 946 1818 990 reconciliacione

140 1023 372 1061 murmurat
403 1023 444 1061 et
475 1019 646 1073 allegat,
688 1019 796 1074 quod
834 1021 1006 1074 propter
1046 1021 1258 1073 peccatum
1299 1018 1567 1061 hereditatem
1605 1018 1722 1072 regni
1753 1031 1817 1061 ce-

139 1090 255 1133 lestis
287 1104 369 1132 non
402 1090 622 1133 debeamus
654 1091 859 1145 consequi.
916 1089 997 1132 Sed
1029 1089 1116 1131 sine
1148 1089 1292 1143 dubio,
1322 1090 1368 1131 ‘si
1401 1093 1540 1132 sancte
1572 1093 1612 1132 et
1636 1090 1747 1144 juste
1779 1094 1819 1132 et

70 1167 113 1202 15
140 1163 292 1205 munde
323 1163 366 1204 in
397 1163 473 1205 hoc
495 1162 630 1205 seculo
653 1163 893 1216 vixerimus,
927 1161 1123 1215 allegacio
1147 1175 1220 1203 sua
1241 1161 1367 1203 nichil
1388 1161 1505 1204 nobis
1528 1161 1702 1215 nocebit,
1735 1162 1817 1203 imo

138 1237 299 1290 partem
333 1248 450 1277 suam
483 1234 525 1276 id
557 1237 620 1277 est
650 1233 799 1289 locum,
833 1247 955 1289 quem
987 1233 1076 1288 ipse
1108 1233 1150 1274 in
1182 1232 1280 1275 celis
1303 1233 1496 1288 perdidit,
1528 1233 1816 1276 obtinebimus.

891 1464 992 1506 CAP.
1020 1465 1057 1506 8.

770 1553 843 1598 De
878 1567 998 1598 vana
1034 1552 1197 1612 yloria.

257 1661 340 1704 Leo
372 1662 575 1716 regnavit,
609 1662 678 1717 qui
709 1662 812 1704 miro
845 1662 965 1703 modo
998 1661 1190 1717 pulchras
1222 1660 1415 1703 mulieres
1446 1660 1726 1704 delectabatur
1756 1662 1816 1703 vi-

69 1742 114 1776 20
140 1734 248 1776 dere.
303 1733 420 1776 Unde
458 1735 556 1776 fecit
594 1733 683 1776 fieri
720 1734 763 1775 in
805 1733 981 1788 quodam
1022 1733 1177 1788 templo
1210 1737 1292 1775 tres
1323 1732 1526 1786 imagines
1558 1736 1735 1787 stantes,
1777 1737 1818 1775 et

139 1805 326 1861 precepit
357 1806 547 1848 omnibus
579 1806 622 1847 in
654 1806 843 1859 imperio,
876 1809 921 1847 ut
951 1818 1019 1847 eas
1043 1805 1274 1847 adorarent.
1321 1803 1462 1846 Prima
1483 1805 1618 1858 imago
1639 1804 1818 1847 habebat

139 1890 307 1919 manum
349 1878 401 1919 ad
432 1877 629 1933 populum
674 1880 908 1931 extensam,
950 1880 990 1919 et
1028 1877 1069 1918 in
1109 1889 1189 1918 uno
1228 1875 1356 1928 digito
1398 1875 1594 1918 annulum
1633 1889 1815 1930 aureum,

141 1953 181 1991 et
211 1962 335 2004 super
367 1949 494 2002 digito
528 1952 616 1991 erat
648 1949 948 2004 superscripcio
971 1947 1086 1990 talis:
1122 1948 1210 2001 Ego
1233 1962 1322 1990 sum
1346 1961 1588 2001 generosus;
1622 1960 1713 1990 ecce
1744 1961 1816 1989 an-

140 2020 261 2062 nulus
293 2021 337 2062 in
370 2020 510 2074 digito.
561 2020 748 2062 Secunda
769 2021 905 2074 imago
935 2019 1105 2063 barbam
1129 2033 1294 2061 auream
1315 2019 1505 2073 habebat,
1538 2023 1578 2061 et
1607 2019 1649 2061 in
1680 2019 1816 2061 fronte

70 2098 114 2133 25
141 2092 199 2134 sic
231 2092 453 2147 scriptum:
486 2092 573 2146 Ego
607 2106 696 2134 sum
730 2092 946 2143 barbatus3
980 2092 1014 2133 si
1046 2092 1137 2146 quis
1169 2091 1307 2133 calvus
1328 2091 1467 2144 fuerit,
1500 2091 1550 2132 ad
1581 2104 1647 2133 me
1677 2090 1817 2133 veniat

141 2167 181 2206 et
213 2163 262 2206 de
292 2163 388 2218 pilis
421 2164 522 2206 meis
555 2164 742 2219 accipiat.
791 2164 935 2206 Tercia
966 2164 1102 2217 imago
1135 2163 1363 2218 clamydem
1389 2175 1556 2204 auream
1578 2161 1756 2204 habebat
1775 2165 1816 2204 et

141 2235 323 2277 tunicam
356 2235 405 2277 de
437 2249 644 2290 purpure,
685 2239 725 2278 et
756 2236 796 2277 in
830 2238 994 2290 pectore
1034 2236 1120 2289 ejus
1161 2238 1249 2277 erat
1280 2234 1477 2290 scriptum
1510 2233 1814 2276 characteribus

141 2307 296 2349 aureis:
328 2306 417 2360 Ego
450 2320 554 2360 sum,
590 2307 658 2361 qui
689 2307 895 2348 neminem
928 2307 1065 2348 timeo.
1120 2306 1199 2348 Iste
1231 2310 1314 2348 tres
1346 2306 1545 2360 imagines
1570 2309 1688 2348 erant
1709 2306 1814 2348 inte-

140 2378 225 2420 rius
257 2378 432 2433 lapidee.
482 2378 583 2420 Cum
617 2382 753 2420 autem
784 2378 960 2420 fuissent
990 2378 1190 2433 complete
1218 2378 1440 2420 secundum
1462 2377 1723 2433 imperatoris
1744 2390 1814 2418 vo-

69 2454 113 2488 30
139 2449 355 2503 luntatem,
379 2450 524 2491 statuit
544 2463 617 2505 pro
639 2450 741 2503 lege,
765 2450 872 2504 quod
895 2450 1139 2504 quicumque
1162 2449 1357 2492 annulum
1375 2449 1439 2491 vel
1456 2448 1625 2491 barbam
1647 2461 1812 2490 auream

141 2524 212 2563 aut
250 2516 480 2576 clamydem
521 2521 720 2575 auferret,
761 2525 894 2564 morte
934 2521 1176 2577 turpissima
1215 2521 1597 2576 condempnaretur.
1652 2519 1815 2562 Accidit
1869 2548 1874 2551 -

141 2592 318 2647 quodam
351 2596 550 2647 tempore,
584 2593 691 2647 quod
724 2593 890 2646 quidam
922 2596 1122 2647 tyrannus
1150 2593 1349 2648 templum
1375 2592 1558 2644 intravit,
1591 2592 1814 2645 vidensque

139 2664 318 2718 primam
350 2664 572 2717 imaginem
613 2677 704 2706 cum
745 2664 872 2718 digito
913 2667 1102 2718 extens0,
1143 2664 1338 2706 annulum
1378 2664 1428 2706 de
1459 2663 1587 2717 digito
1619 2663 1811 2706 extraxit.

141 2734 301 2777 Deinde
334 2735 385 2777 ad
416 2735 638 2789 imaginem
671 2736 892 2778 secundam
925 2735 1098 2778 accessit
1129 2740 1168 2778 et
1191 2736 1358 2778 barbam
1382 2750 1549 2778 auream
1578 2735 1628 2778 ab
1653 2748 1701 2777 ea
1721 2735 1813 2777 abs-

71 2809 114 2842 35
141 2805 248 2848 tulit.
296 2806 396 2848 Post
426 2807 502 2850 hoc
533 2807 584 2849 ad
615 2807 837 2860 imaginem
870 2808 1040 2849 terciam
1079 2808 1288 2863 pervenit,
1331 2806 1390 2862 [6]
1425 2807 1654 2863 clamydem
1686 2806 1736 2848 ab
1765 2819 1814 2848 ea

141 2877 251 2931 tulit,
284 2883 324 2921 et
355 2879 404 2921 de
436 2878 589 2934 templo
612 2879 795 2921 recessit.
840 2878 1021 2935 Populus
1043 2892 1135 2921 cum
1160 2879 1360 2933 imagines
1382 2879 1579 2935 spoliatas
1601 2877 1812 2931 vidissent,

145 2950 286 2991 statim
319 2950 560 3007 imperatori
592 2950 904 2993 denunciabant.
952 2950 1055 2993 Cum
1086 2951 1310 3007 imperator
1342 2951 1418 2994 hoc
1437 2951 1632 3004 audisset,
1662 2949 1812 2992 contri-
