1919 3157
882 34 966 77 685

752 139 859 182 280.
893 151 997 193 app.
1021 138 1094 181 84.

195 228 448 285 Lampadius
482 230 521 271 in
554 229 720 270 civitate
741 241 912 270 romana
945 226 1145 281 regnavit,
1179 226 1246 281 qui
1270 227 1415 268 statuit
1446 240 1519 282 pro
1542 226 1631 280 lege
1653 226 1760 281 quod

78 301 147 356 qui
179 299 305 342 filiam
339 301 509 354 alicujus
549 301 687 354 rapuit
724 301 780 341 ‘20
812 299 929 341 anuis
969 299 1151 354 placaret
1190 301 1349 352 patrem
1385 297 1538 353 puelle,
1579 297 1758 352 alioquin

78 375 318 413 moreretur.
366 372 529 413 Accidit
561 370 669 426 quod
702 370 867 424 quidam
902 370 1039 425 rapuit
1071 368 1276 423 quandam
1310 369 1487 424 puellam
1528 373 1567 410 et
1599 373 1759 424 patrem

76 441 213 498 puelle
253 442 432 497 placavit
473 447 513 484 et.
551 442 761 497 proprium
804 446 962 496 patrem
1004 439 1172 495 sprevit.
1244 438 1365 482 Pater
1409 439 1482 481 hoc
1530 439 1760 495 percipiens

77 517 295 568 coquestus
328 517 390 555 est
414 513 557 567 judici.
603 512 731 554 Filius
765 517 853 554 erat
885 515 1029 567 captus
1063 515 1102 552 et
1134 511 1331 564 imposuit
1363 515 1480 565 pater
1506 510 1758 552 demenciam

77 588 118 626 et
150 584 227 626 ait:
276 583 473 626 Naturale
517 588 578 626 est
617 589 774 638 patrem
809 583 934 624 lilium
969 582 1141 624 salvare.
1193 580 1272 622 Sed
1306 586 1422 636 pater
1454 595 1568 623 meus
1600 581 1761 623 laborat

78 654 129 696 ad
169 659 340 696 mortem
383 667 536 707 meam,
580 668 674 708 ergo
715 654 880 696 demens
921 658 994 696 est..
1052 653 1151 694 Item
1186 652 1294 694 infra
1324 653 1493 706 triginta
1527 666 1654 694 annos
1687 666 1759 707 po-

76 725 224 768 tuisset
255 739 319 767 me
352 739 523 779 arguere
556 725 662 779 quod
695 726 829 780 ipsum
862 738 942 766 non
976 724 1155 779 placavi3
1189 723 1258 765 sed
1289 737 1369 764 non
1392 723 1500 776 fecit,
1535 723 1606 765 sed
1639 722 1758 764 modo

75 809 142 839 me
182 797 408 850 accusavit,
447 801 493 837 ut
532 796 752 838 secundum
794 795 923 848 legem
959 796 1083 837 vitam
1125 795 1331 847 amittem,
1373 807 1467 848 ergo
1499 793 1666 836 demens
1699 798 1761 836 est

75 871 194 923 pater
225 881 352 909 meus
415 866 538 908 Pater
576 866 625 908 ad
658 866 734 908 hoc
771 866 1065 922 respondebat,
1107 865 1214 920 quod
1255 864 1431 907 libenter
1469 864 1643 907 salutem
1686 864 1759 906 filii

76 938 379 993 adquisivisset,
413 938 446 979 si
480 937 557 979 sibi
590 937 813 979 secundum
845 937 975 991 legem
1011 937 1246 992 placuisset.
1289 935 1367 978 Sed
1401 936 1507 977 filius
1541 949 1655 978 meus
1688 949 1760 977 no-

74 1008 152 1051 luit
182 1013 351 1065 propter
384 1009 616 1064 superbiam
652 1009 752 1050 mihi
785 1022 827 1050 se
859 1008 1096 1061 humiliare,
1138 1012 1178 1049 et
1217 1007 1307 1049 ideo
1333 1007 1492 1061 justum
1528 1012 1610 1060 est,
1653 1007 1759 1062 quod

8 1094 14 1101 ’
69 1080 198 1135 judex
229 1084 373 1123 contra
406 1093 498 1122 eum
540 1080 736 1134 procedat
775 1080 880 1121 sicut
918 1083 1060 1121 contra
1100 1078 1201 1132 legis
1244 1082 1590 1132 transgressores,
1631 1082 1671 1120 et
1702 1078 1761 1120 sic

74 1151 231 1194 factum
264 1155 337 1194 est.

192 1223 423 1265 Moraliter.
472 1221 706 1275 Kal-issimi,
740 1221 1011 1276 spiritualiter
1043 1224 1161 1276 pater
1193 1220 1327 1276 puelle
1349 1224 1467 1276 rapte
1499 1223 1562 1262 est
1583 1219 1760 1262 mundus

73 1293 174 1347 iste,
224 1293 294 1348 qui
333 1306 376 1336 se
414 1293 557 1348 genuit
594 1297 678 1335 tres
717 1291 823 1334 filios
866 1292 1066 1347 pessimos
1100 1291 1186 1333 scil.
1221 1291 1478 1347 superbiam,
1523 1291 1759 1346 avariciam,

72 1360 300 1418 luxuriam,
340 1363 390 1406 de
422 1364 568 1419 quibus
602 1364 659 1405 ait
689 1364 730 1405 in
764 1363 961 1405 canonica
993 1376 1085 1405 sua:
1135 1362 1265 1405 Omne
1298 1362 1407 1417 quod
1440 1367 1502 1405 est
1533 1363 1574 1404 in
1607 1362 1760 1404 mundo

74 1438 145 1477 aut
177 1438 240 1477 est
271 1435 608 1490 concupiscencia
631 1436 766 1477 carnis
789 1438 859 1477 aut
881 1434 1218 1489 concupiscencia
1242 1433 1451 1476 oculorum
1476 1437 1546 1475 aut
1567 1433 1761 1489 superbia

73 1506 169 1548 vite.
217 1505 324 1548 Filia
357 1520 452 1560 ergo
485 1507 647 1562 rapitur
686 1519 776 1549 cum
818 1519 933 1548 mens
965 1505 1144 1547 hominis
1177 1509 1319 1547 contra
1352 1505 1416 1547 dei
1448 1508 1687 1560 preceptum
1721 1508 1761 1546 et

72 1577 278 1619 racionem
312 1578 517 1620 consentit
549 1577 668 1619 alicui
702 1578 873 1619 istorum
908 1581 1169 1632 peccatorum
1203 1580 1243 1618 et
1274 1579 1383 1618 certe
1415 1579 1514 1617 tunc
1535 1576 1658 1618 morti
1689 1575 1760 1617 ad-

67 1647 277 1702 judicatur
316 1648 406 1703 ipso
437 1648 560 1701 facto,
593 1649 671 1690 nisi
705 1649 857 1703 poterit
889 1647 1052 1703 placare
1086 1652 1244 1703 patrem
1278 1647 1303 1688 i.
1329 1661 1362 1689 e.
1396 1647 1608 1689 mundum.
1671 1646 1760 1689 Hoc

72 1724 135 1762 est
180 1720 356 1762 mundus
399 1719 553 1761 deserit
600 1720 733 1774 ipsum
785 1719 852 1772 qui
899 1719 1108 1760 ministrat
1154 1718 1300 1760 Cristo.
1364 1718 1488 1760 Pater
1520 1731 1614 1760 vero
1663 1717 1758 1760 boni

73 1789 271 1833 Cristiani
303 1793 365 1832 est
398 1790 577 1843 Cristus,
621 1790 689 1845 qui
730 1794 914 1831 mortuus
954 1795 1016 1832 est
1047 1804 1122 1845 pro
1156 1790 1333 1845 peccatis
1366 1790 1531 1831 nostris.
1582 1789 1661 1831 Sed
1693 1793 1757 1831 ut-

71 1874 246 1916 cumque
277 1861 471 1904 debemus
505 1862 667 1917 placare
700 1864 739 1903 et
770 1861 931 1916 placere
964 1875 1038 1916 pro
1071 1861 1205 1903 Cristo
1240 1875 1313 1916 per
1335 1860 1628 1903 contricionem
1662 1873 1758 1902 con-

70 1933 291 1976 fessionem
325 1938 365 1975 et
395 1933 719 1976 satisfaccionem
762 1936 802 1974 et
833 1932 984 1973 mundo
1025 1945 1098 1987 per
1136 1931 1351 1974 honestam
1384 1932 1755 1974 conversacionem.

71 2002 127 2046 Et
166 2004 244 2046 nisi
283 2004 500 2046 fecerimus
540 2004 598 2046 sic
637 2003 722 2046 scil.
764 2017 837 2058 pro
876 2007 1062 2059 tempore
1102 2003 1184 2046 vite
1222 2006 1362 2045 nostre
1403 2003 1536 2046 Cristo
1579 2003 1756 2059 placere,

72 2075 160 2117 sine
192 2075 315 2117 dubio
347 2075 509 2130 expulsi
541 2075 693 2117 erimus
726 2089 748 2116 a
769 2075 856 2116 vita
887 2079 1040 2117 nostra.
1091 2074 1338 2117 Studeamus
1362 2089 1458 2129 ergo
1491 2075 1549 2117 sic
1570 2074 1645 2117 deo
1667 2073 1757 2130 pla-

72 2158 177 2200 cere,
211 2145 319 2200 quod
350 2146 577 2201 poterimus
609 2146 659 2188 ad
692 2150 877 2188 eternum
910 2146 1102 2199 gaudium
1138 2146 1353 2201 pervenire
1384 2150 1458 2188 etc.

744 2398 849 2452 281,
884 2411 987 2453 app.
1011 2398 1085 2441 85.

190 2486 404 2529 Coromius
434 2487 476 2528 in
509 2487 674 2529 civitate
695 2501 866 2529 romana
897 2488 1097 2541 regnavit,
1131 2488 1199 2542 qui
1231 2487 1408 2529 habebat
1438 2487 1641 2541 quandam
1665 2501 1754 2530 mu-

72 2557 213 2600 lierem
247 2558 431 2614 pulcram
463 2557 504 2599 in
538 2571 722 2611 uxorem,
754 2571 832 2612 que
855 2559 1016 2613 quando
1046 2558 1172 2600 semel
1201 2559 1315 2600 stetit
1346 2559 1386 2600 in
1419 2558 1600 2601 fenestra
1630 2559 1754 2602 castri

73 2629 158 2683 sui,
198 2629 304 2671 vidit
344 2629 444 2670 duos
484 2628 636 2670 milites
674 2629 716 2670 in
757 2629 932 2683 quodam
973 2633 1091 2684 prato
1130 2628 1205 2671 sub
1244 2633 1377 2670 castro
1417 2629 1645 2671 adinvicem
1678 2643 1752 2684 pu-

72 2703 259 2754 gnantes.
310 2698 425 2740 Unus
458 2703 547 2740 erat
576 2698 877 2754 pulcherrimus
908 2700 950 2741 in
982 2703 1142 2742 tantum
1183 2700 1291 2755 quod
1323 2699 1489 2741 domina
1521 2699 1659 2741 oculos
1690 2700 1753 2742 in-

67 2769 169 2824 jecit
205 2770 246 2812 in
286 2783 377 2812 eum
420 2774 461 2812 et
498 2773 618 2824 capta
658 2773 719 2811 est
750 2770 790 2810 in
825 2770 911 2823 ejus
944 2783 1137 2812 amorem.
1185 2770 1347 2813 Finitur
1381 2770 1528 2812 bellum
1563 2774 1604 2812 et
1634 2771 1752 2813 miles

72 2840 288 2883 victoriam
321 2854 440 2895 quem
483 2840 649 2882 domina
681 2839 826 2882 dilexit
857 2841 1037 2896 optinuit
1067 2845 1108 2883 et
1139 2841 1304 2883 domum
1328 2841 1523 2896 perrexit.
1571 2840 1751 2884 Domina

9 2950 12 2953 ,
72 2924 170 2954 vero
200 2925 276 2968 pro
306 2911 435 2954 nimio
466 2924 606 2953 amore
626 2910 822 2965 languere
843 2912 963 2967 cepit.
1009 2911 1238 2968 Imperator
1260 2912 1526 2955 contristatus
1549 2915 1612 2955 est
1632 2911 1752 2956 valde
