1929 3157
861 99 941 142 13¹.)

249 316 383 352 XLVI.
420 316 510 353 Cod.
534 319 712 354 IInnnov.
739 319 851 365 XIII,
875 320 962 366 859,
987 321 1120 365 quart.
1157 321 1314 366 (Kijnigl.
1334 320 1555 363 bibliothck.)

569 390 619 423 131.
638 391 858 426 ‹iob—tilla.
897 392 975 426 XV.
994 391 1046 437 jh.
1085 393 1130 427 50
1156 402 1233 437 cap.

182 483 349 539 Incipit:
397 484 523 527 Gesta
561 500 821 529 romanorum
864 492 1082 531 accurtata.
1145 487 1346 543 Explicit:
1389 488 1443 530 Et
1482 491 1641 530 tantum
1683 487 1732 529 de

64 554 190 606 gestis
228 568 491 598 romanorum
531 559 763 600 accurtatis.
818 559 875 600 lst
907 559 1091 601 wirklich
1126 573 1202 601 nur
1235 559 1300 601 ein
1332 573 1506 614 auszug,
1545 562 1732 601 nament-

64 624 143 666 lich
183 625 274 667 sind
313 626 377 668 die
419 628 751 672 moralisationen
790 643 894 683 ganz
936 631 1049 672 kurz.
1112 630 1388 673 Unmittelbar
1424 631 1571 673 vorher
1611 630 1731 684 steht,

65 695 116 738 bl.
135 697 391 739 40a—45a
425 698 789 756 (Hist.V11sap.):
823 700 1053 744 Poncianus
1083 701 1122 743 in
1155 702 1254 744 urbe
1276 715 1392 744 roma
1413 703 1613 756 regnavit,
1646 705 1732 744 ent-

63 765 228 809 haltend
267 770 299 809 1.
324 767 468 823 Baum,
499 771 536 812 ἱ).
561 771 696 825 Hund,
728 773 766 814 3.
789 772 911 816 Eher.
942 774 981 814 4.
1005 772 1155 826 Elster,
1186 774 1224 815 5.
1243 773 1408 816 Wittwe
1431 787 1507 815 von
1530 774 1732 830 Ephesus,

64 837 419 894 6.Weissag11ng,
454 841 651 884 ebenfalls
685 857 858 898 auszug,
891 845 966 886 mit
999 844 1290 901 Spiritualiter.
1339 844 1460 887 Dann
1491 845 1612 900 folgt:
1646 844 1733 887 Mos

64 913 153 951 erat
183 911 363 965 antiquis
395 914 577 955 romanis
610 913 792 969 (Kerze),
825 915 907 957 und
940 915 1069 959 damit
1100 915 1283 958 schliesst
1313 916 1366 958 bl.
1389 917 1493 958 45⁶2.

90 1848 127 1889 90

62 2062 126 2104 10.

60 2134 125 2175 11.

62 2204 125 2246 12.

60 2349 125 2390 13.

61 2489 124 2531 14.

60 2631 123 2674 15.

59 2774 123 2816 16.

34 2937 37 2939 ·
59 2916 124 2958 17.

123 1025 131 1034 .
178 991 297 1035 Miles
331 995 495 1048 quidam
530 1010 665 1050 regem
701 1002 741 1040 et
765 998 975 1040 dominum
998 1013 1115 1041 suum
1137 1000 1318 1054 graviter
1340 998 1561 1043 offendens.
1610 999 1733 1054 (Halb

178 1064 388 1118 geritten.)
435 1066 505 1108 lat.
535 1069 626 1110 1⁴24.

181 1134 376 1189 Virgilius
409 1141 588 1180 statuam
621 1141 752 1183 erexit
782 1141 825 1182 in
856 1141 969 1185 urbe.
1017 1142 1067 1197 (F
1071 1142 1197 1198 ocas.)
1242 1143 1312 1186 lat.
1337 1143 1404 1186 57.

178 1205 407 1262 Imperator
445 1210 610 1264 quidam
645 1215 684 1253 et
715 1213 896 1256 creditur
927 1214 1162 1258 theodosius
1194 1215 1339 1258 lucem.
1396 1214 1733 1271 (Riigenglocke.)

177 1276 249 1319 lat.
278 1279 369 1321 105.

122 1343 152 1389 .’
180 1348 296 1391 Titus
336 1351 563 1407 imperator
602 1355 747 1396 statuit
785 1369 859 1411 pro
898 1356 987 1411 lege
1026 1361 1071 1399 ut
1111 1357 1185 1400 sub
1217 1372 1325 1415 pena
1356 1360 1514 1403 mortis.
1567 1359 1733 1415 (Semne,

179 1419 331 1473 onkel.)
378 1421 448 1465 lat.
473 1423 511 1465 ⁴2.

176 1489 263 1533 Lex
296 1497 384 1536 erat
416 1494 645 1538 adulteram
677 1496 727 1539 de
759 1497 841 1540 alto
874 1503 1012 1543 monte
1043 1501 1294 1557 precipitari.
1350 1502 1560 1552 (Zweimal
1591 1503 1734 1547 hinab-

177 1567 375 1616 stiirzen.)
421 1565 491 1608 lat.
517 1568 554 1607 3.

177 1633 405 1690 Imperator
431 1637 597 1691 quidam
619 1637 748 1681 filium
771 1641 992 1685 tenerrime
1014 1642 1201 1697 diligens,
1247 1643 1306 1696 (C.
1326 1644 1375 1687 D.
1395 1644 1449 1688 M.
1467 1645 1532 1699 R.)
1573 1645 1643 1690 lat.
1667 1648 1730 1689 13.

176 1704 208 1747 F
212 1707 417 1750 redericus
449 1709 675 1765 imperator
707 1713 853 1755 statuit
882 1726 956 1768 pro
988 1714 1089 1768 lege.
1139 1714 1338 1770 (Untreue
1369 1731 1497 1772 gegen
1530 1716 1734 1774 erretter.)

175 1776 246 1819 lat.
274 1779 366 1820 117.

175 1847 294 1891 Miles
328 1850 493 1904 quidam
526 1852 669 1895 habuit
699 1860 782 1897 tres
813 1855 930 1898 filios.
980 1856 1097 1909 (Drei
1128 1857 1277 1914 ringe.)
1323 1859 1393 1903 lat.
1417 1860 1484 1902 89.

176 1919 334 1963 Nobilis
381 1923 555 1977 quedam
603 1925 726 1968 vidua
770 1927 920 1970 multas
959 1928 1198 1984 paciebatur
1236 1931 1419 1985 injurias.
1482 1929 1608 1986 (Stab
1647 1932 1731 1975 und

174 1990 346 2046 tasche.)
394 1993 464 2036 lat.
490 1995 556 2036 25.

174 2061 292 2105 Miles
325 2064 490 2118 quidam
524 2067 592 2121 qui
625 2067 674 2110 de
706 2069 853 2124 rapina
885 2070 953 2112 diu
986 2070 1100 2113 vixit.
1149 2070 1265 2126 (Fuss
1298 2071 1381 2127 ab.)
1427 2074 1497 2116 lat.
1526 2075 1618 2116 127.

173 2133 402 2189 Imperator
433 2137 597 2190 quidam
625 2139 849 2192 janitorem
881 2142 1125 2197 prudentem
1154 2143 1308 2186 habuit.
1356 2143 1494 2199 (Zoll.)
1539 2145 1609 2188 lat.
1634 2147 1726 2188 157.

163 2203 292 2263 ¹Miles
326 2207 489 2261 quidam
523 2208 564 2250 in
597 2211 734 2266 egipto
767 2213 974 2255 commisit
1003 2215 1218 2269 pecuniam
1253 2229 1382 2258 suam.
1431 2215 1551 2272 (Geld
1584 2230 1728 2260 anver-

172 2277 315 2331 traut.)
362 2278 432 2320 lat.
462 2282 477 2320 1
493 2280 554 2320 18.

174 2348 347 2399 Quidam
391 2349 433 2391 in
477 2354 609 2393 morte
650 2366 724 2395 sua
761 2354 846 2396 filio
886 2368 958 2397 suo
999 2356 1122 2399 nichil
1162 2361 1300 2413 preter
1340 2359 1506 2401 domum
1546 2358 1724 2414 reliquit.

172 2418 426 2475 (Oelfasser.)
473 2435 567 2478 app.
592 2424 659 2465 50.

173 2488 259 2533 Rex
292 2491 459 2546 quidam
490 2492 629 2536 volens
652 2494 756 2537 scire
779 2499 967 2539 naturam
990 2498 1180 2542 hominis.
1221 2498 1335 2555 (Was
1357 2500 1412 2543 ist
1433 2500 1505 2544 der
1526 2499 1725 2557 mensch.)

170 2560 241 2603 lat.
264 2563 332 2604 36.

173 2631 258 2675 Rex
291 2634 455 2688 quidam
490 2635 638 2678 nobilis
669 2637 833 2693 sapiens
865 2643 905 2682 et
933 2639 1047 2683 dives
1069 2655 1240 2684 uxorem
1263 2641 1416 2685 habuit.
1462 2641 1725 2699 (Schiessen.)

170 2703 240 2746 lat.
264 2705 333 2746 45.

170 2774 216 2817 In
248 2775 386 2830 anglia
417 2782 534 2820 erant
564 2778 642 2821 duo
675 2779 826 2823 milites
857 2795 962 2825 unus
995 2781 1138 2826 Gwido
1171 2784 1405 2828 vocabatur.
1456 2784 1607 2841 (Guido
1639 2785 1723 2828 und

169 2845 350 2901 Tyrius.)
394 2848 465 2890 lat.
493 2850 585 2891 172.

171 2915 374 2960 Ganterus
413 2923 501 2962 erat
538 2921 704 2976 quidam
743 2923 812 2977 qui
850 2923 984 2967 locum
1022 2925 1227 2978 gaudendi
1269 2927 1357 2969 sine
1394 2926 1486 2970 fine.
1544 2926 1722 2984 (Frende

170 2988 274 3032 ohne
307 2989 441 3046 ende.)
486 2990 557 3034 lat.
587 2993 679 3035 101.
