1919 3157
872 57 958 98 543

63 153 193 195 aliam
213 155 391 196 solidam
407 157 632 211 projecerit
654 163 882 213 materiam,
916 164 1055 202 statim
1077 171 1290 218 tamquam
1323 166 1487 220 offensis
1518 169 1758 210 demonibus

62 231 279 280 tempestas
310 229 498 281 erumpit.
548 229 605 269 Et
636 232 681 270 in
713 232 895 285 quadam
929 235 1076 274 montis
1105 236 1316 288 particula
1349 245 1406 276 est
1435 240 1510 277 nia·
1536 248 1755 294 perpetua,

58 294 214 349 qlacies
247 298 453 337 continua.
498 298 594 340 Illic
626 303 806 342 cristalli
834 304 956 357 copia
990 312 1026 344 et
1057 305 1173 344 nulla
1195 320 1379 359 unquam
1411 309 1510 348 solis
1529 313 1752 363 presentia.

61 365 136 405 Ad
164 365 287 419 hujus
319 369 469 407 montis
502 371 684 411 radicem
704 373 863 425 fluvius
895 381 953 413 est
984 390 1133 415 aureas
1165 375 1318 416 liabens
1350 392 1519 429 arenas,
1562 382 1670 421 unde
1709 396 1757 422 e.c

61 435 146 488 ejus
177 438 316 476 aren-is
347 453 511 489 aurum,
547 442 660 494 quod
693 443 837 497 vulqus
866 444 1045 498 pallium
1076 447 1285 497 nominat,
1320 448 1491 488 elicitur.
1548 449 1598 489 In
1633 451 1755 503 hujus
1804 459 1825 493 5

58 508 208 547 montis
240 509 510 549 consistencia
542 518 579 550 et
609 513 784 552 circuitu
818 522 1033 568 arycntum
1053 515 1227 568 foditur
1259 525 1293 557 et
1318 518 1535 572 multiplea*
1545 520 1755 573 fertilitas

59 578 248 631 erumpit.
297 578 406 619 Erat
446 581 493 619 <in
532 581 751 634 conjuncta
787 585 938 624 'montis
976 585 1077 625 villa
1116 587 1183 626 vir
1215 588 1388 640 quidam
1419 591 1617 643 affricola.
1672 592 1755 633 Hic

59 648 243 700 quadam
287 648 373 700 die,
423 664 514 690 cum
561 652 676 692 domi
710 652 831 693 rebus
870 655 1102 695 domesticis
1139 657 1367 698 intenderet
1406 667 1443 699 et
1481 660 1635 712 ejulatu
1661 663 1755 713 filie

54 717 231 771 parvule
270 721 464 760 continuo
505 729 541 761 et
572 723 836 777 implacabili
865 724 1122 777 turbaretur,
1164 728 1350 779 tandem,
1391 737 1437 769 ut
1469 731 1633 784 offensis
1665 748 1752 774 mos

57 794 134 838 est,
163 788 305 840 filiam
335 804 454 830 suam
485 792 725 832 demonibus
757 796 1067 836 commendavit.
1123 795 1486 840 Commendacioni
1515 804 1653 842 statim
1684 805 1750 843 in·
1780 811 1823 845 10

56 865 173 898 caute
202 868 384 913 paratus
415 870 647 917 receptator
678 866 880 916 occurrit,
922 873 959 906 et
988 866 1194 907 invisibili
1222 876 1348 921 raptu
1380 870 1598 911 demonum
1630 873 1752 914 turba

48 928 238 983 puellam
276 930 461 972 abduafit.
520 933 727 988 Completo
757 935 851 987 jam
890 935 941 976 ab
982 937 1045 977 liis
1077 941 1287 992 septennio
1299 972 1309 990 ,
1351 940 1449 980 dum
1481 943 1538 981 ad
1568 944 1752 984 radicem

53 1000 204 1040 montis
242 1001 442 1056 indiyena
481 1004 653 1057 quidam
690 1006 768 1045 iter
806 1008 1031 1061 arriperet,
1077 1009 1184 1048 vidit
1219 1009 1425 1051 hominem
1464 1013 1587 1052 celeri
1626 1029 1750 1054 cursu

53 1075 350 1122 transeuntem,
393 1074 468 1127 qui
493 1073 632 1127 flebili
668 1090 763 1116 voce
798 1077 1044 1131 plccoiqebat:
1085 1078 1177 1119 Heu
1212 1095 1296 1131 me,
1338 1083 1497 1136 inquit,
1538 1085 1747 1136 miserum,

53 1141 157 1194 quid
195 1155 342 1195 aqam,
385 1144 460 1197 qui
495 1151 608 1185 tanto
641 1147 830 1200 pondere
860 1149 1060 1201 premor!
1098 1149 1341 1204 Requisitus
1374 1152 1424 1192 ab
1457 1154 1541 1194 alio
1573 1155 1746 1207 viatore,
1777 1162 1820 1196 15

53 1223 132 1264 que
174 1212 229 1251 sit
259 1214 367 1252 tanti
397 1214 556 1255 doloris
589 1231 737 1267 causa,
779 1219 1018 1272 respondit,
1061 1234 1103 1259 se
1133 1221 1178 1259 in
1208 1230 1343 1262 monte
1364 1223 1460 1275 jam
1490 1227 1748 1279 septennium

51 1282 250 1322 transisse
280 1282 354 1323 sub
387 1287 744 1327 commendacione
775 1289 1007 1340 demonum,
1044 1291 1120 1343 qui
1147 1291 1238 1345 ipso
1272 1294 1421 1334 cotidie
1447 1309 1529 1348 pro
1561 1295 1746 1338 vehiculo

49 1350 283 1404 utebantur,
318 1361 355 1394 et
384 1362 430 1395 ut
459 1356 630 1397 auditor
659 1359 723 1398 rei
751 1366 835 1398 tam
869 1360 1106 1400 incredibili
1126 1362 1259 1418 fidem
1291 1363 1504 1405 adhiberet
1527 1380 1748 1420 aryumen-

49 1428 135 1462 tum
166 1424 439 1465 certissimum
458 1425 618 1478 juna-it,
653 1442 737 1468 esse
766 1430 812 1468 in
844 1430 975 1469 simili
1004 1433 1356 1474 commendatione
1381 1436 1594 1488 quandam
1606 1437 1748 1488 filiam

47 1493 180 1533 vicini
207 1495 287 1545 sui,
322 1508 447 1548 quam
477 1505 662 1548 noverat,
698 1499 747 1538 de
773 1500 914 1553 puelle
945 1500 1066 1553 liujus
1099 1503 1339 1544 educatione
1370 1506 1524 1545 tedium
1535 1506 1746 1560 jacientes
1772 1515 1818 1548 20

48 1562 238 1604 demones
268 1566 408 1620 ipsam
440 1566 610 1607 libenter
642 1570 966 1611 commendatori
986 1586 1059 1612 suo
1091 1574 1376 1626 restituissent,
1411 1577 1451 1616 si
1478 1578 1599 1617 modo
1624 1586 1746 1633 pater

49 1647 138 1673 eam
172 1635 218 1674 in
247 1643 382 1676 monte
412 1638 644 1692 respiceret.
702 1638 852 1695 Stupet
882 1642 1072 1693 auditor,
1112 1644 1294 1685 incertus
1325 1661 1381 1686 an
1411 1647 1532 1687 sileat
1562 1649 1744 1689 incredi-

48 1702 165 1756 bilia,
199 1720 256 1745 an
286 1705 493 1760 loquatur.
542 1709 690 1764 Eliyit,
725 1718 769 1751 ut
796 1713 914 1765 patri
932 1720 1084 1753 statum
1093 1713 1187 1765 filie
1209 1716 1442 1756 denunciat.
1492 1717 1565 1758 Ad
1583 1727 1746 1773 patrem

47 1777 252 1816 transiens
284 1791 374 1816 eum
404 1780 558 1832 repe-rit
590 1781 639 1820 de
671 1781 836 1821 diutina
862 1782 949 1833 filie
976 1785 1199 1825 amissione
1221 1787 1509 1839 querelantem.
1561 1788 1747 1844 Inquirit

47 1859 217 1887 causam
244 1847 478 1903 planyendi
507 1857 544 1890 et
574 1851 720 1891 audita
751 1853 815 1892 rei
833 1852 922 1904 fide
954 1854 1124 1906 adjecit,
1166 1870 1244 1909 que
1268 1859 1537 1911 premisimus
1569 1859 1620 1899 ab
1652 1861 1742 1912 illo,
1769 1866 1815 1900 25

47 1930 128 1971 quo
168 1918 256 1958 vice
284 1918 463 1959 vehiculi
493 1921 682 1961 demones
713 1922 954 1975 utebantur,
989 1926 1177 1978 audisse,
1212 1928 1439 1968 consultius
1471 1930 1611 1970 dicens
1643 1945 1741 1983 esse,

44 1994 92 2027 ut
128 1988 186 2028 ad
221 1988 313 2029 loca
350 1989 567 2044 desiynata
607 1994 772 2033 veniens
809 1993 883 2033 sub
916 1995 1053 2035 divini
1080 1998 1263 2037 nominis
1294 2000 1558 2040 attestacione
1590 2001 1646 2041 ad
1674 2015 1741 2042 re-

44 2059 297 2099 stitutionem
334 2062 545 2102 commisse
571 2062 664 2114 filie
701 2064 890 2105 demones
929 2065 1156 2118 adjuraret.
1214 2067 1388 2109 Auditis
1426 2072 1575 2111 nuncii
1607 2071 1742 2113 verbis

43 2137 165 2183 pater
196 2128 420 2184 obstupuit,
455 2139 492 2172 et
521 2132 621 2172 dum
650 2134 764 2174 intra
795 2150 837 2175 se
858 2137 1025 2190 coqitat,
1059 2138 1163 2191 quid
1184 2138 1458 2180 deliberacius
1480 2149 1592 2195 aqat,
1627 2142 1743 2196 eliqit

45 2199 218 2240 consilio
254 2202 402 2241 nuncii
436 2216 478 2242 se
514 2203 754 2258 subponere.
812 2206 996 2247 Montem
1031 2209 1236 2260 ascendit,
1275 2224 1353 2264 per
1384 2211 1474 2251 loca
1506 2211 1621 2252 lacus
1653 2213 1739 2253 dis-
1766 2216 1812 2250 30

45 2271 195 2321 currit,
233 2271 437 2323 demones,
470 2280 518 2313 ut
547 2276 872 2316 commendatam
892 2277 1032 2328 filiam
1063 2279 1255 2330 reddant,
1289 2280 1473 2333 adjurat,
1508 2289 1545 2322 et
1575 2283 1740 2323 tandem

45 2341 171 2394 quasi
201 2343 415 2395 repentino
435 2343 547 2396 flatu
569 2345 672 2402 filia
699 2347 846 2400 prodit
874 2348 920 2387 in
955 2344 1108 2401 [136b]
1141 2350 1321 2390 medium
1350 2366 1529 2405 procera
1560 2360 1736 2405 statura,

44 2410 174 2450 oculis
205 2413 338 2466 vaqis,
374 2413 532 2453 ossibus
565 2422 601 2455 et
629 2417 768 2456 nervis
795 2417 905 2471 pelle
934 2419 1005 2458 viat
1035 2419 1282 2472 lierentibus,
1315 2421 1525 2463 horrenda
1553 2431 1736 2477 aspectu,

43 2480 241 2522 idiomate
269 2482 400 2535 nullo,
432 2485 504 2524 via:
535 2485 701 2540 aliquid
727 2486 954 2528 humanum
975 2491 1143 2544 sapiens
1165 2498 1202 2531 et
1221 2492 1465 2546 ioitellsiyens.
1515 2493 1740 2548 Receptam

37 2550 203 2606 prolem
238 2559 359 2606 pater
396 2554 635 2606 admirans,
677 2564 714 2596 et
751 2556 900 2598 dubius
940 2574 994 2599 an
1034 2560 1229 2601 alendam
1265 2563 1458 2614 retineat,
1499 2565 1739 2619 episcopum
1763 2568 1809 2603 35

47 2618 403 2663 Gerundinensem
440 2624 570 2676 adiit,
611 2634 796 2667 eventum
828 2630 984 2669 tristem
1008 2631 1185 2684 pandit,
1228 2634 1332 2686 quid
1362 2634 1569 2688 ayendum
1601 2636 1639 2674 ei
1668 2637 1735 2687 sit,

42 2691 244 2732 sollicitus
276 2695 472 2747 eatquerit.
522 2694 760 2750 Episcopus
792 2705 838 2738 ut
866 2700 932 2739 vir
962 2700 1183 2755 o·eli9iosus
1215 2710 1252 2742 et
1282 2703 1465 2758 exemplo
1498 2703 1603 2744 bono
1627 2719 1736 2745 com-

41 2762 214 2802 missum
243 2762 326 2803 sibi
351 2778 517 2818 qreqem
546 2766 797 2819 informans,
824 2769 1014 2823 puellam
1045 2772 1090 2811 in
1124 2773 1307 2813 omnium
1338 2781 1548 2828 aspectum
1570 2777 1740 2829 eoeponit

41 2832 184 2887 reique
221 2834 368 2873 seriem
399 2835 594 2889 pandens
628 2838 891 2891 predicando
924 2839 1064 2880 docuit
1093 2841 1298 2894 subditos,
1337 2857 1389 2883 ne
1419 2844 1469 2883 de
1500 2851 1628 2885 cetero
1660 2859 1737 2886 sua

43 2901 284 2944 demonibus
315 2906 608 2958 commendent,
643 2921 686 2948 eo
720 2909 833 2962 quod
863 2910 1130 2951 adversarius
1160 2920 1298 2953 noster
1323 2912 1514 2954 diabolus
1537 2921 1737 2969 tanquam
1761 2920 1807 2954 40
