1929 3157
80 172 148 213 59.

81 314 147 356 60.

80 456 148 497 61.

81 597 147 638 62.

80 738 147 780 63.

80 881 147 923 64.

79 1022 146 1064 65.

79 1165 145 1208 66.

78 1308 154 1350 67..

79 1450 145 1492 68.

79 1593 146 1635 69.

78 1736 145 1778 70.

78 1879 145 1921 71.

79 2021 146 2063 72.

79 2164 146 2206 73.

78 2305 146 2347 74.

79 2447 145 2489 75.

79 2589 146 2631 76.

80 2732 148 2773 77.

32 2935 35 2937 Β
82 2873 149 2916 78.

878 69 957 109 119

195 171 297 214 Erat
332 172 495 227 quidam
539 185 608 214 rex
649 173 689 214 iu
727 173 864 227 anglia
896 174 935 215 in
968 174 1082 227 cujus
1116 173 1290 228 imperio
1324 178 1441 217 eraut
1473 175 1551 217 duo
1584 175 1748 218 milites.

196 242 330 298 (Gydo
363 243 446 285 und
480 243 657 298 Tyrius.)
706 244 775 286 lat.
805 245 896 286 172.

197 313 437 357 Valerianus
470 315 657 367 regnavit
689 320 832 370 potens
866 315 982 358 valde
1015 316 1082 370 qui
1113 319 1270 358 tautum
1295 316 1456 359 unicam
1479 316 1604 358 filiam
1629 317 1749 360 liabe-

195 383 277 426 bat.
326 384 534 436 (Stricke.)
587 399 680 441 app.
711 388 773 428 1⁴¹».

194 455 296 498 Erat
327 456 490 511 quidam
525 470 596 498 rex
624 457 759 510 justus
794 470 839 499 ac
870 457 1050 512 prudens
1084 457 1200 500 valde
1234 458 1301 512 qui
1335 457 1510 501 habebat
1541 459 1642 501 duos
1674 459 1750 501 mi-

194 525 299 568 lites.
348 527 681 581 (Todtensiegel.)
729 528 798 570 lat.
829 529 920 569 12⁸.

194 596 297 640 Erat
343 598 507 653 quidam
555 598 673 640 miles
721 599 788 653 qui
829 599 991 641 unicum
1033 599 1160 641 filium
1201 599 1389 642 habebat.
1455 599 1588 652 (Fiinf
1623 599 1750 644 fasser

196 668 331 717 wein.)
376 668 446 710 lat.
473 669 538 710 72.

193 738 441 782 Aurelianus
473 740 659 792 regnavit
691 740 731 781 in
763 740 929 783 civitate
960 754 1130 783 romana
1161 741 1341 797 prudens
1374 741 1502 784 valde.
1557 741 1750 788 (Narren-

195 810 336 866 apsel.)
383 810 453 853 lat.
479 811 545 851 74.

194 880 487 924 Constantinus
526 882 714 934 regnavit
751 886 896 937 potens
935 896 983 925 ac
1020 883 1133 925 (lives
1165 882 1283 926 valde
1316 883 1384 938 qui
1424 887 1506 926 tres
1543 882 1647 925 filias
1679 883 1750 926 ha-

196 951 293 994 buit.
344 952 459 1003 (Drei
492 953 705 1002 wittwen.)
752 952 821 995 lat.
847 953 914 995 75.

195 1022 438 1066 Valerianus
470 1024 658 1078 regnavit
690 1024 802 1066 dives
825 1024 942 1067 valde
973 1024 1019 1066 In
1042 1025 1156 1079 cujus
1178 1038 1303 1079 regno
1328 1028 1444 1068 erant
1466 1028 1639 1080 quatuor
1660 1025 1751 1081 phi-

195 1095 282 1137 sici.
331 1095 525 1146 (Aussatz
558 1096 887 1150 vorgespiegelt.)
934 1095 1004 1138 lat.
1032 1097 1126 1138 132.

193 1165 367 1216 Quidam
399 1180 472 1209 rex
504 1170 592 1209 erat
624 1171 768 1222 potens
803 1167 918 1210 valde
952 1169 1018 1222 qui
1042 1167 1192 1210 multas
1215 1168 1386 1210 virtutes
1408 1167 1596 1210 habebat.
1645 1167 1751 1221 (Zie-

193 1238 408 1291 genauge.)
455 1237 525 1280 lat.
552 1239 618 1279 76.

193 1307 412 1351 Hainricus
443 1309 484 1351 in
517 1309 683 1351 civitate
707 1323 876 1351 romana
898 1309 1097 1364 regnabat
1118 1310 1187 1365 qui
1210 1310 1354 1352 statuit
1375 1323 1449 1365 pro
1471 1309 1572 1363 lege.
1618 1309 1751 1366 (Asyl‚

194 1379 431 1434 nachtigal.)
479 1393 572 1436 app.
598 1381 666 1422 54.

195 1449 421 1493 Gracianus
452 1451 642 1505 regnavit
670 1451 783 1494 dives
804 1451 923 1494 valde
946 1452 1015 1506 qui
1038 1451 1188 1494 multas
1210 1452 1383 1495 virtutes
1406 1451 1593 1495 habebat.
1644 1451 1752 1503 (Den

194 1535 334 1565 armen
366 1522 432 1565 die
462 1522 722 1575 herrschaft.)
769 1522 839 1565 lat.
866 1524 960 1565 131.

195 1593 417 1636 Teodosius
449 1594 491 1636 in
523 1595 689 1636 civitate
720 1608 892 1636 romana
923 1595 1112 1648 regnavit
1140 1594 1253 1638 dives
1277 1594 1396 1637 valde
1419 1595 1487 1650 qui
1510 1594 1610 1637 duas
1631 1593 1750 1638 filias.

194 1663 344 1716 (Schbn
376 1665 460 1707 und
491 1665 694 1717 hasslich.)
737 1665 808 1707 lat.
833 1666 900 1707 77.

192 1735 399 1778 Honorius
430 1737 619 1790 regnavit
650 1736 763 1779 dives
795 1736 914 1779 valde
946 1737 1014 1792 qui
1046 1737 1210 1779 unicum
1232 1736 1361 1779 filium
1383 1737 1571 1780 habebat.
1621 1736 1749 1789 (Sohn

196 1821 247 1850 an
277 1807 624 1860 feindestoehter.)
673 1821 766 1864 app.
791 1808 859 1849 55.

192 1877 362 1932 Legitur
400 1879 450 1922 de
490 1879 666 1934 quodam
709 1879 908 1922 heremita
945 1881 1085 1921 sancto
1119 1879 1188 1934 qui
1220 1891 1310 1920 cum
1344 1879 1470 1921 semel
1500 1879 1542 1921 in
1574 1879 1748 1922 heremi-

194 1950 312 1992 tario.
361 1950 507 2004 (Engel
539 1950 621 1992 und
653 1950 828 2001 eremit.)
876 1949 946 1992 lat.
971 1950 1038 1991 80.

193 2021 346 2063 Narrat
375 2021 577 2064 Eusebius
616 2022 658 2063 in
691 2021 865 2064 cronicis
897 2021 947 2063 de
980 2020 1156 2076 quodam
1187 2020 1452 2076 Imperatore.
1507 2020 1746 2074 (Coriolan.)

191 2092 262 2135 lat.
290 2093 384 2134 137.

194 2163 374 2214 Quedam
402 2164 569 2206 domina
590 2167 679 2206 erat
699 2163 846 2206 nobilis
870 2176 947 2218 que
968 2163 1207 2219 paciebatur
1229 2164 1379 2206 multas
1401 2164 1584 2219 injurias.
1630 2162 1746 2215 (Stab

192 2235 275 2277 und
306 2235 476 2286 tasche.)
522 2234 593 2276 lat.
618 2234 686 2277 25.

194 2305 239 2348 In
271 2306 438 2348 civitate
469 2319 639 2348 romana
669 2306 858 2360 regnavit
887 2305 1114 2361 Imperator
1142 2305 1322 2362 prudens
1351 2305 1482 2348 valde.
1532 2305 1621 2358 (VII
1642 2318 1745 2361 sap.‚

193 2376 394 2429 rahmen.)
441 2390 568 2430 germ.
591 2377 660 2418 40.

191 2447 295 2490 Erat
341 2448 507 2503 quidam
554 2448 778 2503 imperator
824 2447 893 2502 qui
933 2448 1078 2490 statuit
1115 2461 1188 2504 pro
1225 2447 1315 2502 lege
1353 2448 1461 2504 quod
1500 2448 1742 2503 quicunque.

194 2519 380 2573 (Abibas‚
411 2519 468 2571 5.)
514 2519 584 2561 lat.
612 2520 677 2561 17.

193 2588 306 2632 Leon
352 2590 542 2644 regnavit
586 2590 627 2631 in
674 2590 788 2644 cujus
831 2589 1007 2646 Imperio
1048 2593 1137 2633 erat
1175 2590 1341 2645 quidam
1382 2590 1545 2644 juvenis
1585 2592 1743 2645 captus.

196 2660 565 2713 (Raubertochter.)
611 2661 682 2702 lat.
706 2661 744 2702 5.

194 2731 298 2774 Erat
328 2732 493 2786 quidam
525 2732 707 2775 famosus
739 2732 920 2788 phisicus
951 2732 1116 2775 nomine
1148 2744 1333 2788 ypocras.
1386 2731 1631 2788 (Hippocras
1662 2731 1745 2774 und

195 2802 404 2857 Galienus,
434 2803 506 2846 VII
538 2804 642 2859 sap.)

197 2873 336 2916 Refert
365 2874 517 2930 plinius
549 2874 656 2930 quod
681 2873 818 2929 aquila
838 2874 881 2916 in
903 2873 1030 2916 altum
1052 2873 1163 2916 volat
1183 2877 1224 2916 et
1244 2873 1299 2916 ibi
1320 2872 1514 2916 nidificat.
1564 2873 1744 2926 (Achat.)

195 2943 264 2987 lat.
289 2945 358 2987 87.
