1919 3157
866 95 949 135 615

755 276 861 328 203,
895 287 998 329 app.
1023 276 1062 317 7.

411 369 585 415 Utilitas
619 372 802 429 picture.
840 368 1063 428 sculpture
1100 383 1154 412 ac
1190 369 1418 427 scripture.

188 483 273 525 Rex
321 484 486 538 quidam
534 488 680 539 potens
720 482 1004 524 allexandrum
1046 481 1378 537 potentissimum
1428 481 1479 521 ad
1518 479 1749 521 convivium

70 555 273 598 invitavit.
337 555 391 596 Et.
438 556 534 610 quia
581 554 819 596 allexander
866 554 915 596 de
956 567 1055 595 auro
1096 553 1157 594 vel
1199 556 1368 605 argento
1410 564 1553 606 parum
1595 550 1753 591 curavit

70 626 230 682 Hospes
263 626 460 668 sollicitos
494 627 588 680 quid
622 630 737 667 tanto
770 626 946 681 principi
973 625 1226 679 propinaret,
1260 627 1433 676 quatuor
1457 621 1751 677 pulcherrimas

70 697 264 740 mulieres
310 702 480 753 propter
518 697 801 739 allexandrum
838 693 1084 749 [invitavit],
1126 695 1232 736 inter
1272 707 1373 748 quas
1414 692 1652 735 allexander
1690 705 1752 733 se-

71 769 204 812 dendo
237 769 410 811 multum
445 769 664 810 letabatur.
712 767 811 809 Erat
842 768 949 809 enim
984 781 1065 808 una
1097 766 1260 808 illarum
1295 765 1459 806 ducissa
1490 763 1642 805 cecilie.
1682 761 1752 804 Se-

70 840 204 883 cunda
243 840 465 896 provincie.
517 842 557 880 3³
599 839 748 881 arabie.
797 840 839 879 4¹·
880 838 1046 880 domina
1079 836 1228 879 affrice.
1283 835 1393 878 Cena
1425 836 1533 877 facta
1565 834 1661 876 dum
1695 833 1753 875 al—

70 910 269 954 lexander
300 912 349 953 ad
383 912 560 965 quietem
595 911 824 958 duceretur,
859 914 1027 965 paratus
1061 913 1150 951 erat
1182 908 1311 950 lectus
1344 907 1657 962 pulcherrimus.
1700 904 1755 946 Et

70 983 112 1025 in
145 983 321 1025 circuitu
353 982 445 1024 lecti
485 987 660 1036 quatuor
699 986 815 1023 erant
855 982 952 1036 picti
996 980 1262 1036 pulcherrimi
1301 978 1493 1020 mulieres
1533 990 1625 1019 cum
1663 976 1754 1018 istis

71 1054 503 1110 superscriptionibus.
569 1052 709 1094 Prima
748 1052 960 1094 dicebatur
1001 1051 1240 1094 obediencia
1278 1063 1402 1105 super
1440 1062 1561 1104 quam
1601 1048 1755 1103 scripta

72 1131 179 1168 erat:
211 1126 403 1168 mundior
436 1139 524 1167 sum
559 1124 712 1166 arabia.
768 1124 851 1165 Hec
883 1128 973 1165 erat
1004 1123 1054 1164 ad
1087 1126 1212 1178 caput
1242 1121 1350 1163 lecti.
1405 1120 1470 1163 Ad
1502 1119 1626 1175 pedes
1659 1118 1754 1161 lecti

72 1197 154 1239 alia
185 1197 333 1239 mulier
364 1197 620 1238 scribebatur
652 1196 859 1237 mundicia
891 1195 979 1236 sive
1011 1194 1180 1236 castitas
1215 1206 1305 1234 cum
1330 1193 1409 1234 isto
1432 1191 1573 1234 titulo:
1606 1189 1755 1232 clarior

71 1282 162 1311 sum
195 1282 316 1323 quam
350 1267 503 1310 affrica.
552 1268 617 1309 Ad
640 1268 826 1309 dextram
863 1270 1022 1321 partem
1055 1265 1150 1306 lecti
1174 1264 1301 1307 tercia
1324 1263 1471 1305 mulier
1501 1261 1756 1304 scribebatur

73 1340 299 1396 prudencia
329 1353 421 1381 cum
456 1340 534 1380 isto
567 1338 722 1394 tytulo:
758 1338 966 1393 pulchrior
999 1349 1088 1378 sum
1123 1336 1277 1378 cecilia.
1326 1335 1393 1378 Ad
1426 1335 1636 1376 sinistram
1659 1346 1755 1388 par-

73 1416 156 1454 tem
188 1412 283 1454 lecti
306 1415 455 1466 quarta
485 1410 624 1466 puella
656 1410 767 1465 picta
789 1409 1002 1451 dicebatur
1035 1409 1237 1462 amicicia,
1269 1408 1334 1450 cui
1366 1406 1461 1449 talis
1494 1410 1583 1447 erat
1613 1418 1756 1460 super-

73 1483 299 1539 scriptura:
348 1482 575 1536 elegantior
612 1495 701 1523 sum
744 1485 829 1522 tota
871 1480 1094 1535 provincia.
1157 1479 1412 1522 Allexander
1457 1478 1583 1531 igitur
1622 1477 1754 1519 iturus

72 1554 294 1596 dormitum
327 1554 423 1596 dum
456 1554 556 1595 istas
589 1554 803 1608 ymagines
839 1551 1008 1593 vidisset
1040 1555 1080 1592 et
1112 1551 1340 1606 scripturas
1373 1549 1559 1602 legisset,
1593 1552 1752 1590 tantum

70 1626 150 1668 fuit
179 1625 399 1668 letificatus
432 1625 538 1679 quod
572 1625 753 1666 omnium
786 1623 1004 1665 mulierum
1038 1623 1177 1665 extitit
1208 1621 1391 1664 totaliter
1423 1620 1584 1662 oblitus.

192 1697 493 1754 Spiritualz‘ter.
544 1696 621 1738 Hic
647 1696 890 1737 instruimur
914 1694 1116 1749 quomodo
1142 1707 1215 1749 per
1239 1692 1522 1734 allexandrum
1545 1692 1750 1747 possimus

72 1767 302 1822 intelligere
333 1768 460 1810 filium
505 1768 568 1810 dei
602 1767 762 1809 ihesum
797 1766 1005 1808 Christum
1039 1765 1249 1807 dominum
1288 1767 1475 1806 nostrum
1508 1764 1577 1817 qui
1608 1763 1751 1805 huma-

72 1840 244 1882 nitatem
291 1839 537 1882 assumendo
584 1839 756 1880 intravit
801 1838 1032 1879 convivium
1073 1850 1128 1878 sc.
1163 1841 1323 1878 uterum
1363 1835 1541 1888 gloriose
1580 1834 1750 1887 virginis

72 1911 202 1954 marie
233 1911 432 1953 invitatus
464 1924 538 1966 per
570 1923 686 1963 reges
718 1913 759 1952 et
790 1909 1026 1964 prophetas,
1059 1909 1100 1949 in
1135 1921 1212 1962 quo
1245 1907 1433 1949 convivio
1467 1919 1521 1948 sc.
1554 1906 1598 1947 in
1632 1906 1751 1948 beata

73 1982 232 2036 virgine
262 1983 421 2024 invenit
452 1986 626 2036 quatuor
659 1980 907 2036 principales
940 1981 1126 2022 virtutes.
1161 1978 1431 2022 Marialenim
1465 1977 1609 2020 habuit
1639 1977 1751 2032 puri-

73 2058 199 2096 tatem
232 2054 274 2096 in
307 2054 586 2108 conceptione,
628 2052 894 2107 prudenciam
926 2052 968 2093 in
1003 2051 1188 2105 angelica
1226 2050 1479 2092 salutacione
1511 2052 1552 2090 et
1581 2061 1751 2103 respon-

73 2125 201 2178 sione,
235 2125 464 2167 amiciciam
499 2125 548 2167 ad
581 2137 721 2165 omnes
761 2123 947 2165 homines
988 2136 1036 2164 ex
1079 2123 1250 2177 spiritus
1289 2121 1421 2162 sancti
1456 2119 1748 2161 illustracione.

73 2195 129 2238 Et
160 2196 438 2238 obedienciam
472 2196 513 2236 in
547 2196 659 2237 verbi
692 2196 757 2237 dei
789 2195 1065 2250 suscepcione.
1115 2194 1208 2236 [deo
1240 2206 1312 2234 rex
1346 2192 1422 2233 iste
1454 2204 1626 2244 magnus
1658 2190 1750 2246 plus

74 2267 116 2309 in
156 2281 205 2309 ea
242 2266 522 2309 delectabatur
562 2280 681 2320 quam
722 2267 765 2308 in
805 2267 942 2320 aliqua
981 2266 1153 2307 aliarum
1194 2264 1426 2305 mulierum.
1489 2262 1583 2304 Alio
1630 2261 1750 2302 modo

74 2351 148 2394 per
187 2338 311 2380 istum
354 2337 637 2380 allexandrum
678 2338 872 2379 debemus
911 2337 1143 2390 intelligere
1183 2334 1407 2391 quemlibet
1437 2334 1586 2376 bonum
1621 2332 1750 2374 homi-

74 2423 169 2452 nem
209 2413 250 2452 et
289 2409 484 2465 precipue
524 2422 741 2464 personam
790 2406 1131 2461 ecclesiasticam,
1180 2407 1248 2461 qui
1287 2406 1486 2447 invitatur
1523 2404 1661 2460 plures
1701 2403 1750 2444 ab

76 2481 232 2534 amicis,
265 2480 316 2523 ab
347 2480 539 2533 inimicis,
572 2494 596 2521 a
627 2480 811 2533 cognatis
844 2484 884 2521 et
915 2479 1135 2521 extraneis.
1171 2478 1250 2520 Sed
1282 2477 1407 2518 nichil
1438 2477 1480 2517 in
1514 2475 1623 2517 omni
1656 2488 1751 2516 con-

78 2551 184 2593 vivio
217 2552 412 2594 debemus
444 2555 604 2593 tantum
639 2551 810 2604 diligere
843 2554 913 2592 aut
945 2550 1179 2592 desiderare
1217 2549 1332 2591 sicud
1364 2552 1538 2602 quatuor
1577 2547 1750 2589 virtutes

74 2623 304 2665 cardinales
338 2623 399 2665 vel
433 2623 560 2664 eciam
594 2622 659 2663 hic
690 2622 820 2663 dictas
852 2627 1027 2676 quatuor
1061 2622 1245 2674 virtutes,
1279 2619 1425 2674 quibus
1448 2618 1571 2661 nichil
1603 2618 1750 2661 melius

74 2698 137 2737 est
166 2694 207 2737 in
238 2694 324 2737 vita
355 2695 546 2737 humana.
