1929 3157
88 195 127 237 9.

62 266 127 308 10.

62 338 126 378 11.

60 408 125 450 12.

61 479 125 520 13.

60 551 125 592 14.

60 621 125 663 15.

59 764 125 805 16.

58 835 123 877 17.

57 977 123 1020 18.

58 1049 123 1091 19.

55 1192 123 1234 20.

54 1334 122 1376 21.

52 1406 120 1448 22.

52 1477 120 1519 23.

52 1549 120 1590 24.

53 1619 122 1662 25.

51 1691 119 1734 26.

51 1763 118 1804 27.

50 1833 118 1876 28.

51 1905 119 1947 29.

51 1977 120 2018 30.

51 2048 118 2090 31.

51 2119 119 2162 32.

50 2190 118 2232 33.

50 2261 117 2303 34.

50 2332 117 2374 35.

49 2403 117 2445 36.

50 2474 117 2516 37.

50 2545 118 2588 38.

50 2616 117 2658 39.

49 2687 118 2730 40.

49 2759 117 2800 41.

49 2829 118 2871 42.

26 2931 29 2934 -
49 2900 118 2942 43.

51 2970 120 3013 44.

856 91 936 133 133

174 193 343 249 Legitur
364 194 413 237 de
435 195 610 250 quodam
634 209 897 238 romanorum
922 197 1184 252 Imperatore.
1233 197 1528 256 (Sal-kophag.)
1574 201 1643 244 lat.
1667 204 1731 244 16.

174 265 237 308 De
269 265 444 322 quodam
479 266 666 322 principe
697 268 756 309 sic
788 272 991 310 narratur.
1039 267 1177 322 (Wein
1209 270 1432 325 vergiftet.)
1477 271 1547 315 lat.
1572 274 1638 315 88.

173 335 260 380 Rex
292 338 458 392 quidam
492 342 580 380 erat
611 338 679 392 qui
712 338 856 380 habuit
886 343 969 382 tres
1002 339 1119 382 filios.
1167 340 1285 395 (Drei
1319 343 1466 398 ringe.)
1511 343 1581 386 lat.
1607 346 1673 386 80.

173 408 324 451 Narrat
355 408 557 451 Eusebius
590 410 630 450 in
662 410 849 451 cronicis.
895 409 1139 465 (Coriolan.)
1186 411 1256 454 lat.
1285 414 1378 455 137.

173 478 355 529 Quedam
388 479 536 522 nobilis
568 480 703 522 vidua.
751 480 870 534 (Stab
903 482 986 523 und
1019 482 1189 536 tasche.)
1234 483 1304 525 lat.
1330 484 1396 526 25.

171 549 275 593 Erat
305 552 531 607 imperator
563 551 632 607 qui
665 552 821 594 statuit.
869 550 1127 606 (Schinden.)
1170 553 1240 596 lat.
1266 554 1333 597 29.

172 621 375 665 Narratur
413 622 520 678 quod
567 623 731 677 quidam
780 623 1019 678 Imperator.
1083 623 1435 680 (Kaisertochter,
1482 627 1732 683 seneschal.)

172 706 297 746 germ.
325 695 390 735 11.

171 763 275 807 Erat
305 764 470 820 quidam
505 764 741 820 imperator.
789 763 1041 820 (Triumph.)
1086 765 1156 808 lat.
1181 768 1249 809 30.

170 834 234 878 De
263 840 396 879 morte
417 835 661 878 Allexandri
685 848 775 878 cum
800 836 1013 892 sepultura
1034 837 1132 891 ejus.
1181 837 1457 893 (Alexanders
1479 838 1731 895 begrabnis.)

171 905 242 949 lat.
266 908 334 949 31.

171 977 312 1021 Refert
342 977 520 1021 valerius
553 978 661 1033 quod
693 977 860 1032 quidam
893 991 1019 1021 senex
1042 978 1155 1022 flens.
1203 979 1526 1037 (Hangebaum.)
1569 982 1640 1025 lat.
1660 984 1728 1025 33.

170 1047 342 1105 Pipinus
381 1049 424 1091 ln
462 1049 629 1092 civitate
668 1062 839 1091 romana
876 1051 1077 1104 regnavit.
1141 1050 1375 1106 (Stiefkind
1412 1053 1496 1096 und
1530 1054 1729 1110 rechteS.)

170 1119 240 1162 lat.
267 1121 361 1162 116.

171 1190 310 1234 Refert
357 1190 559 1234 Saturnus
607 1191 712 1246 quod
761 1191 979 1247 dyogenes.
1049 1192 1280 1248 (Diogenes
1327 1195 1410 1238 und
1454 1195 1728 1252 Alexander.)

170 1276 297 1317 germ.
327 1263 392 1305 15.

149 1334 309 1377 ‘Refert
340 1334 517 1377 valerius
548 1333 592 1375 in
624 1334 744 1376 tertio
776 1333 894 1376 libro.
942 1333 1123 1390 (Kohle.)
1169 1350 1296 1391 germ.
1324 1338 1387 1379 16.

159 1404 284 1467 *Sicut
316 1406 373 1449 ait
403 1405 603 1461 polineus.
651 1404 880 1459 (Theriak.)
927 1420 1054 1460 germ.
1082 1408 1146 1450 17.

169 1477 308 1520 Refert
339 1477 515 1519 valerius
548 1476 827 1532 philosophus.
875 1476 1045 1531 (Virgils
1078 1478 1176 1533 hild,
1209 1478 1414 1535 glocken.)
1459 1494 1584 1535 germ.
1613 1481 1677 1523 18.

167 1548 271 1591 Erat
301 1548 467 1603 quidam
499 1548 738 1603 imperator.
786 1547 915 1592 (Sohn
948 1549 1079 1592 todtet
1109 1555 1264 1594 mutter
1293 1550 1440 1607 nieht.)
1484 1551 1554 1594 lat.
1581 1553 1676 1594 100.

170 1619 216 1662 In
247 1619 382 1662 medio
415 1633 528 1661 rome
560 1619 737 1674 quodam
769 1619 870 1662 loco.
919 1618 1137 1676 (Curtius.)
1183 1622 1252 1665 lat.
1277 1624 1346 1665 43.

166 1690 270 1734 Erat
301 1690 467 1746 quidam
498 1690 736 1746 imperator.
784 1690 1122 1747 (Kaisertoehter‚
1154 1692 1338 1749 pallast.)
1383 1707 1509 1748 germ.
1535 1694 1602 1736 22.

164 1761 336 1816 Legitur
365 1761 409 1803 in
442 1762 547 1804 vitas
579 1766 757 1817 patrum.
802 1760 984 1817 (Grbsste
1015 1763 1201 1820 tugend.)
1247 1779 1341 1821 app.
1369 1767 1405 1807 1.

166 1832 379 1884 Quondam
410 1846 484 1875 rex
515 1832 677 1875 nobilis.
726 1831 988 1889 (Schiessen.)
1034 1834 1104 1877 lat.
1128 1836 1199 1878 45.

166 1903 339 1955 Quidam
371 1904 436 1946 fur
469 1904 520 1946 ad
552 1903 731 1946 domum.
782 1903 1089 1961 (Mondstrahl.)
1134 1906 1205 1949 lat.
1233 1908 1327 1949 136.

167 1975 342 2026 Quidam
372 1975 490 2019 miles
523 1975 727 2031 quendam
759 1988 910 2029 regem.
958 1975 1083 2031 (Halb
1114 1976 1324 2033 gerittenss)
1369 1977 1440 2020 lat.
1467 1978 1561 2020 124.

165 2046 300 2090 Erant
329 2047 408 2090 duo
440 2047 588 2089 fratres
621 2046 818 2089 carnales.
866 2046 986 2101 (Drei
1017 2047 1303 2104 buohstaben.)
1349 2063 1476 2103 germ.
1501 2050 1569 2092 26.

166 2118 254 2161 Rex
285 2118 494 2161 dariorum
526 2123 609 2161 tres
640 2131 794 2172 magos.
842 2116 966 2173 (Heil.
993 2119 1081 2162 drei
1110 2119 1293 2175 kbnige.)
1338 2121 1409 2163 lat.
1431 2121 1500 2162 47.

165 2189 306 2233 Refert
332 2189 521 2232 Valerius
554 2189 662 2244 quod
694 2189 897 2244 selongus.
945 2189 1193 2246 (Zaleucus.)
1238 2191 1308 2234 lat.
1333 2193 1400 2234 50.

164 2260 419 2304 Allexander
439 2273 612 2315 magnus
634 2260 726 2316 pori
747 2261 834 2314 regi
854 2260 1061 2303 Indorum.
1103 2260 1315 2317 (Gesehirr
1337 2260 1528 2318 stehlen.)
1564 2275 1659 2318 app.
1680 2262 1718 2305 2.

163 2331 360 2374 Esechias
392 2332 591 2386 regnavit.
639 2330 919 2386 (Baumerbe.)
962 2345 1088 2386 germ.
1114 2334 1181 2375 81.

164 2403 315 2446 Darius
346 2403 389 2445 in
420 2403 585 2445 civitate
616 2415 799 2444 romana.
847 2400 1098 2458 (Jonathas.)
1142 2403 1212 2446 lat.
1239 2404 1332 2447 120.

164 2473 408 2517 Jovinianus
440 2474 666 2529 imperator
696 2474 896 2527 regnavit.
944 2472 1238 2530 (Jovinianus.)
1282 2475 1353 2518 lat.
1377 2476 1445 2518 59.

164 2544 406 2588 Hambribal
437 2545 626 2598 regnavit
655 2544 796 2586 multis
828 2545 959 2587 annis.
1006 2545 1196 2601 (Redde.)
1239 2546 1310 2589 lat.
1335 2547 1402 2589 20.

166 2615 392 2659 Tiberanus
423 2616 466 2658 in
498 2616 663 2658 civitate
694 2629 876 2657 romana.
924 2614 1100 2669 (Goldne
1132 2606 1283 2672 angel.)
1328 2617 1399 2660 lat.
1424 2618 1490 2659 85.

166 2686 361 2730 Claudius
392 2687 616 2743 imperator
647 2688 846 2740 regnavit.
894 2685 1102 2742 (Socrates
1133 2687 1370 2743 heirathet.)
1416 2688 1486 2730 lat.
1511 2690 1578 2731 61.

166 2757 304 2812 Gagus
334 2759 378 2800 in
408 2759 575 2801 civitate
605 2771 776 2800 romana
806 2771 918 2812 regn.
966 2758 1252 2814 (Florentina.)
1296 2760 1367 2802 lat.
1391 2760 1458 2802 62.

166 2828 419 2872 Theodosius
449 2830 637 2884 regnavit
667 2830 710 2871 in
741 2829 918 2872 civitate.
966 2829 1303 2886 (Riigengloeke.)
1347 2831 1418 2874 lat.
1446 2830 1539 2873 105.

164 2898 335 2954 Legitur
365 2901 472 2956 quod
505 2901 671 2956 quidam
702 2913 788 2943 rex.
837 2900 1032 2956 (wain.)
1074 2901 1145 2944 lat.
1174 2903 1266 2944 181.

168 2971 372 3014 Tirannus
403 2972 446 3014 in
477 2972 643 3014 civitate
674 2984 858 3014 romana.
904 2972 1031 3027 (Eber
1061 2973 1165 3016 ohne
1196 2970 1326 3028 herz.)
1367 2972 1438 3016 lat.
1463 2973 1529 3016 83.
