1949 3162
991 87 1075 129 388

194 197 278 239 vini
312 197 360 238 de
393 196 525 251 primo
559 195 679 237 dolio.
729 195 893 237 Dolium
934 193 1035 234 illud
1077 196 1138 234 est
1173 191 1357 247 puericia
1388 193 1529 232 nostra
1562 202 1684 243 quam
1717 188 1816 230 deus
1849 201 1873 230 a
1904 210 1909 214 ·

194 268 312 310 nobis
343 266 517 321 requirit
548 271 592 308 ut
624 267 658 308 ei
683 266 910 308 serviamus
932 265 974 305 in
998 263 1200 318 puericia:
1234 275 1336 317 puer
1359 275 1454 303 vero
1477 259 1609 302 malus
1631 259 1872 314 respondet:

194 338 388 391 Mustum,
419 338 495 380 hoc
516 341 577 379 est
599 351 700 393 puer
723 351 826 389 sum,
859 349 940 377 non
963 348 1129 390 possum
1147 334 1349 387 jejunare,
1382 346 1512 385 orare,
1546 332 1589 373 in
1611 331 1677 373 dei
1699 330 1874 372 servicio

196 410 377 464 vigilare.
423 409 597 451 Demum
633 409 731 451 deus
766 422 789 449 a
816 407 935 449 nobis
959 406 1145 460 requirit,
1179 409 1225 446 ut
1247 405 1389 447 demus
1415 404 1451 445 ei
1473 403 1522 445 de
1546 402 1722 444 secundo
1745 401 1873 453 doli03

147 494 168 527 5
194 481 408 537 respondit
439 480 572 522 malus
606 479 731 522 filius:
776 478 867 520 Non
901 490 1067 533 possum
1101 477 1198 518 dare
1224 477 1484 530 juventutem
1517 487 1649 515 meam
1683 473 1758 514 deo
1791 485 1876 514 ser—

195 552 364 603 viendo,
409 551 515 606 quod
556 556 653 593 tunc
693 550 871 592 mundus
911 549 1070 590 deridet
1108 561 1173 590 me
1220 545 1416 601 [dicens]:
1466 545 1570 586 Ecce
1608 544 1677 586 ille
1712 543 1876 598 juvenis

195 623 345 666 stultus
379 623 498 664 homo
531 636 612 664 non
646 622 733 663 vult
771 620 1006 663 conversari
1039 633 1129 661 cum
1164 619 1419 670 horninibus,
1461 620 1501 658 et
1533 616 1590 657 sic
1616 616 1876 669 juventutem

196 708 329 736 meam
362 707 522 735 mecum
562 692 650 747 [59]
691 692 889 743 retinebo,
923 690 1194 742 consedendo,
1228 689 1425 741 bibendo,
1458 687 1610 729 mundo
1648 685 1875 728 serviendo.

194 765 371 807 Demum
406 765 504 806 deus
536 764 710 819 requirit
742 778 763 805 a
796 762 913 805 nobis
946 762 995 804 de
1027 761 1153 803 tercio
1186 760 1315 812 dolio3
1348 758 1572 814 respondet
1593 756 1726 799 malus
1747 756 1875 798 filius:

129 848 171 882 10
197 836 348 879 Vinum
380 836 579 878 ferratum
612 840 686 888 est,
720 835 796 877 hoc
828 838 890 876 est
915 835 1001 888 jam
1036 847 1126 874 sum
1159 833 1201 874 in
1223 831 1465 874 fortitudine
1487 843 1599 881 mea3
1633 829 1668 870 si
1690 828 1878 883 peniten-

196 909 301 950 ciam
333 908 524 960 facerem,
556 906 839 948 fortitudinem
876 918 1008 946 meam
1041 904 1333 956 diminuerem,
1375 902 1425 944 ad
1458 901 1564 943 bella
1597 904 1638 942 et
1670 899 1721 941 ad
1753 899 1879 941 hasti-

196 979 309 1021 ludia
340 979 432 1020 volo
466 978 659 1020 accedere
698 981 739 1019 et
778 991 826 1019 ea
865 990 943 1031 que
974 975 1117 1017 mundi
1158 978 1254 1016 sunt
1285 987 1474 1016 exercere
1513 985 1560 1014 ac
1590 974 1685 1027 post
1715 970 1879 1012 fortitu-

197 1051 334 1092 dinem
373 1049 647 1105 penitenciam
691 1062 823 1102 agere.
882 1047 993 1089 Deus
1036 1046 1177 1088 videns
1219 1046 1326 1100 quod
1366 1045 1415 1087 de
1454 1044 1544 1086 istis
1584 1042 1717 1085 tribus
1759 1041 1879 1083 dictis

198 1122 317 1164 doliis
358 1120 483 1163 nichil
522 1125 658 1176 potest
696 1120 868 1173 habere,
910 1118 1044 1173 querit
1083 1118 1132 1159 de
1173 1121 1317 1171 quarto
1359 1116 1466 1158 dolio
1507 1115 1697 1156 haustum
1738 1126 1879 1155 unum.

131 1203 173 1236 15
198 1192 434 1248 Respondet
465 1192 598 1234 malus
630 1191 760 1233 filius:
799 1191 951 1232 Vinum
984 1189 1106 1231 nimis
1139 1193 1254 1230 vetus
1287 1193 1327 1230 et
1359 1192 1565 1229 acetosum
1599 1189 1680 1238 est,
1713 1184 1790 1227 hoc
1820 1188 1883 1227 est

199 1265 368 1318 dictum,
396 1265 484 1319 jam
517 1277 607 1305 sum
641 1276 780 1316 senex,
808 1262 895 1316 jam
928 1274 1010 1302 non
1043 1274 1210 1316 possum
1238 1260 1440 1314 jejunare,
1474 1257 1659 1312 vigilare,
1693 1256 1789 1312 quia
1809 1269 1882 1298 na-

198 1342 293 1378 tura
338 1349 429 1378 mea
475 1339 537 1377 est
582 1334 740 1377 debilis.
799 1332 976 1375 Demum
1023 1332 1122 1373 deus
1162 1331 1297 1386 querit
1338 1330 1387 1372 de
1427 1330 1569 1385 quinto
1608 1328 1716 1370 dolio
1755 1340 1881 1369 unum

199 1408 412 1458 haustum3
454 1406 678 1461 respondet
718 1405 849 1447 malus
888 1403 1017 1445 filius:
1063 1402 1188 1445 Feces
1228 1407 1342 1455 sunt,
1384 1402 1459 1443 hoc
1501 1404 1563 1443 est
1594 1400 1771 1452 dictum,
1803 1397 1883 1440 heu

199 1478 324 1520 michi
356 1478 588 1533 decrepitus
612 1491 715 1530 sum,
749 1476 898 1518 defecit
920 1475 1100 1516 salutare
1123 1487 1272 1516 meum.
1327 1473 1436 1515 Dum
1458 1472 1566 1515 bona
1587 1474 1729 1526 potero
1751 1470 1885 1511 facere

131 1559 175 1592 20
200 1563 280 1592 non
313 1549 404 1602 feci,
438 1549 559 1590 modo
592 1561 682 1590 sum
720 1548 926 1602 impotens
968 1550 1008 1588 et
1047 1545 1143 1587 talis
1176 1559 1273 1601 sepe
1314 1544 1423 1586 cadit
1461 1543 1502 1584 in
1536 1542 1884 1597 desperacionem,

202 1625 242 1663 et
280 1621 338 1662 sic
376 1620 552 1662 moritur
592 1619 712 1660 homo
754 1618 890 1660 miser.
940 1617 1093 1659 Contra
1132 1616 1234 1659 tales
1276 1615 1353 1657 erit
1386 1613 1644 1670 querimonia
1675 1612 1813 1666 gravis
1846 1615 1886 1653 et

202 1698 298 1734 tunc
329 1692 371 1732 in
404 1691 468 1732 die
495 1691 641 1745 judicii
664 1690 763 1732 deus
788 1703 880 1731 cum
902 1692 990 1731 tota
1012 1689 1125 1730 curia
1147 1687 1288 1730 celesti
1311 1686 1563 1728 sentenciam
1587 1684 1702 1726 dabit
1723 1684 1883 1726 dicens:

202 1763 261 1806 Ite
293 1762 503 1805 maledicti
536 1767 611 1804 etc.
647 1776 669 1803 a
701 1775 779 1815 quo
812 1774 886 1802 nos
919 1761 1095 1803 liberare
1129 1759 1333 1813 dignetur.

878 1991 979 2033 CAP.
1004 1992 1072 2033 73.
1107 1992 1210 2041 (65.)

137 2104 181 2137 25
609 2080 683 2124 De
719 2080 913 2125 avaritia
952 2079 1076 2139 quod
1109 2077 1270 2123 multos
1306 2082 1491 2122 excecat.

326 2187 413 2230 Rex
453 2188 616 2241 quidam
659 2191 747 2230 erat
786 2188 827 2229 in
860 2187 1027 2229 civitate
1059 2199 1251 2239 romana,
1294 2185 1364 2239 qui
1402 2183 1549 2226 statuit
1580 2182 1687 2238 quod
1719 2180 1891 2236 quilibet

209 2273 327 2302 cecus
361 2259 410 2301 ab
441 2259 692 2314 imperatore
725 2259 837 2300 omni
859 2272 966 2300 anno
989 2262 1152 2300 centum
1184 2256 1335 2299 solidos
1357 2255 1539 2297 haberet.
1588 2253 1752 2296 Accidit
1772 2265 1890 2295 casus

211 2330 318 2386 quod
366 2343 499 2371 xxnn
537 2330 636 2372 socii
678 2330 729 2371 ad
771 2330 980 2371 civitatem
1021 2332 1225 2371 venerunt
1265 2332 1306 2369 et
1344 2326 1548 2382 quandam
1582 2325 1798 2367 tabernam
1828 2323 1891 2365 in-

210 2401 376 2444 trabant
415 2405 582 2456 propter
621 2401 892 2456 potacionem.
942 2400 1014 2442 Isti
1053 2400 1162 2442 enim
1201 2412 1274 2454 per
1312 2402 1468 2454 septem
1510 2397 1596 2439 dies
1636 2396 1801 2439 stabant
1831 2395 1892 2437 bi-

141 2481 186 2514 30
213 2473 365 2525 bendo,
399 2472 670 2524 comedendo,
704 2472 852 2514 deinde
888 2485 980 2513 cum
1014 2471 1206 2513 volebant
1244 2483 1334 2512 cum
1369 2469 1606 2511 tabernario
1638 2469 1891 2523 computare,

213 2545 392 2599 quitquit
429 2544 469 2584 in
511 2543 686 2598 pecunia
725 2543 932 2585 habebant
971 2542 1206 2585 tabernario
1247 2541 1459 2583 dederunt.
1515 2540 1589 2582 Ait
1628 2539 1717 2581 ille:
1759 2537 1901 2591 Certe,-

213 2615 429 2666 carissimi,
464 2614 596 2655 adhuc
628 2613 822 2656 deficiunt
853 2618 1017 2657 centum
1041 2613 1181 2664 solidi;
1215 2626 1335 2654 amen
1357 2612 1446 2654 dico
1470 2611 1585 2653 vobis
1608 2623 1690 2652 non
1713 2608 1892 2661 exibitis,

215 2686 342 2727 donec
380 2685 572 2727 ultimum
613 2685 883 2739 quadrantem
924 2685 1049 2727 michi
1097 2683 1293 2725 dederitis
1331 2683 1397 2725 vel
1437 2682 1655 2724 solveritis.
1711 2680 1776 2722 Illi
1817 2679 1894 2722 hoc

216 2756 428 2798 audientes
468 2755 699 2798 adinvicem
739 2756 951 2798 dixerunt:
1001 2754 1106 2805 Quid
1146 2753 1372 2797 faciemus?
1419 2753 1510 2795 Non
1549 2752 1747 2794 habemus
1786 2750 1894 2792 unde

145 2836 190 2870 35
216 2828 442 2882 poterimus
474 2827 644 2869 solvere.
694 2827 766 2868 Ait
797 2841 921 2869 unus:
960 2826 1077 2868 Dabo
1111 2825 1225 2867 vobis
1258 2838 1400 2866 sanum
1435 2823 1672 2866 consilium:
1714 2836 1788 2878 per
1817 2821 1895 2863 im-

216 2903 447 2953 peratorem
487 2899 552 2940 lex
593 2897 703 2940 edita
734 2901 814 2950 est,
857 2898 965 2952 quod
1006 2897 1236 2952 quicunque
1275 2900 1337 2938 est
1368 2908 1506 2949 cecuS,
1546 2897 1710 2937 centum
1742 2892 1894 2935 solidos
1948 2877 1949 2890 ¹

218 2969 266 3011 de
299 2970 384 3023 ejus
416 2970 609 3011 thesauro
643 2968 862 3020 obtinebit3
895 2981 1096 3023 ponamus
1127 2968 1234 3009 inter
1264 2980 1339 3009 nos
1368 2970 1512 3020 sortes,
1545 2970 1585 3008 et
1616 2978 1743 3020 supra
1773 2977 1895 3019 quem
