1949 3162
953 59 1040 102 534

149 169 206 208 acl
235 169 480 221 infsressum.
531 166 584 207 In
614 167 721 206 lianc
753 168 894 221 campi
916 167 1167 221 planiciam,
1201 173 1247 206 ut
1276 165 1327 205 ab
1361 167 1665 219 antiquissimis
1689 175 1845 222 tempo-

147 238 265 279 ribus
298 237 448 277 colitur
466 237 611 290 fama,
646 252 724 291 que
755 238 877 291 vulgso
911 245 1097 288 testatur,
1126 244 1224 291 post
1244 237 1377 277 noctis
1400 238 1669 277 canticinium
1692 238 1846 278 lucente

150 309 271 359 luna,
311 309 350 348 si
380 308 473 361 quis
504 308 621 347 miles
654 308 876 348 eirclamat:
918 308 1042 348 Miles
1075 308 1384 348 contraveniat!
1420 308 1560 347 statim
1591 322 1639 347 ea:
1671 309 1845 349 adverso

147 380 264 419 miles
304 379 506 429 occurrit,
551 379 626 432 qui
662 379 719 418 ad
756 379 1106 433 compediendum
1139 386 1321 433 paratus
1362 378 1700 419 concurrentibus
1730 380 1846 433 equis

78 452 100 486 5
149 457 221 490 aut
251 451 503 489 resistentem
535 449 675 501 dejicit
705 457 779 489 aut
809 448 1023 501 dejicitur,
1058 457 1095 489 et
1123 450 1239 488 intra
1269 449 1409 488 aditus
1440 448 1556 488 illius
1587 456 1704 503 septa
1734 449 1847 489 solus

147 520 265 560 miles
301 520 539 573 ingyreditur
578 527 615 559 et
655 519 705 559 ab
747 520 946 560 ertem‘orz‘
976 520 1172 573 adspectu
1206 519 1384 571 alicujus
1404 518 1524 572 foris
1552 533 1638 559 non
1669 526 1844 560 artatur.

126 584 220 630 ⁸Ad
258 590 380 642 liujus
419 591 483 630 rei
510 590 645 645 fidem
682 604 769 629 rem
803 597 961 643 ¹qestam
992 598 1029 630 et
1057 590 1200 630 multis
1231 590 1354 644 vulqo
1387 590 1595 644 cognitam
1626 588 1845 643 suby'unqo,

150 675 276 715 quam
327 660 378 700 ab
425 660 575 700 incolis
616 668 653 701 et
690 661 901 713 indiqenis
940 661 1108 700 auditui
1143 674 1230 700 meo
1273 659 1438 712 subjeci.
1495 660 1606 700 Erat
1641 661 1688 699 in
1729 659 1845 700 Brit—

149 732 296 772 tannia
327 730 483 783 majori
507 732 661 785 paucis
694 732 848 771 evaeus
880 730 1023 770 diebus
1054 730 1170 770 miles
1192 730 1389 771 Albertus
1419 732 1466 771 in
1495 731 1625 770 armis
1647 731 1846 770 strenuis-

79 803 123 836 10
148 803 277 841 simus
311 800 500 841 omnibus
531 801 752 841 virtutibus
781 802 965 841 decorus.
1015 800 1099 840 Hic
1120 801 1262 855 aliquo
1286 802 1352 841 die
1375 809 1557 841 castrum
1576 807 1849 841 memoratum

148 872 296 926 hospes
334 872 593 925 in'qreditur,
645 879 682 911 et
719 886 811 911 cum
848 873 894 911 in
935 871 1092 925 hyemis
1130 873 1372 926 intemperie
1406 880 1503 927 post
1543 885 1686 912 cenam
1723 879 1849 911 noctu

136 941 317 996 jam-ilia
349 943 491 982 dicitis
524 942 581 981 ad
599 941 771 995 focum,
813 949 859 982 ut
886 941 1128 997 potentibus
1164 944 1294 982 moris
1326 951 1404 994 est,
1446 942 1705 983 recensendis
1737 942 1848 982 anti-

149 1014 243 1067 quis
280 1014 405 1067 {sestis
445 1027 616 1067 operam
654 1013 790 1063 daret,
836 1014 1001 1053 tandem
1042 1015 1223 1054 occurrit
1260 1013 1310 1053 ab
1341 1015 1553 1068 indizcjenis
1579 1020 1850 1069 pretaxatam

147 1083 341 1123 mirabile
377 1085 634 1124 recensitum.
700 1083 775 1124 Vir
813 1098 909 1138 erqo
949 1091 1163 1134 strenuus,
1207 1092 1253 1125 ut
1293 1085 1406 1138 quod
1444 1084 1618 1124 auribus
1654 1084 1850 1123 hauserat

79 1156 122 1190 15
148 1155 212 1194 rei
250 1155 386 1209 ipsius
426 1155 684 1208 eaperientia
716 1153 940 1208 probaret,
983 1169 1111 1194 unum
1145 1156 1193 1194 de
1224 1154 1433 1195 nobilibus
1465 1156 1685 1210 armiqeris
1717 1154 1846 1208 eleyit.

150 1239 230 1279 quo
273 1226 416 1265 comite
457 1225 592 1264 locum
629 1225 746 1264 adiit.
803 1224 876 1264 Ad
908 1232 1113 1265 ostensum
1144 1226 1278 1265 locum
1311 1226 1510 1266 loricatus
1540 1226 1658 1266 miles
1689 1239 1849 1280 appro-

145 1297 368 1350 pinquans
415 1296 621 1346 ascendit,
673 1296 929 1349 dimissoque
977 1310 1093 1336 seri-o
1139 1296 1275 1336 nobili
1316 1297 1428 1337 solus
1476 1311 1670 1351 campum
1705 1298 1848 1351 inyre-

150 1367 275 1406 ditur.
333 1366 559 1406 Ea'clamat
597 1366 736 1417 miles,
780 1375 826 1406 ut
864 1366 1041 1406 alterum
1077 1368 1284 1418 inveniat,
1326 1375 1361 1407 et
1399 1381 1538 1407 vocem
1576 1381 1626 1407 ea·
1658 1368 1848 1422 opposito

147 1437 264 1477 miles
297 1438 490 1477 adinstar
519 1437 665 1476 militis
697 1437 802 1477 celer
835 1438 1029 1482 occurrit,
1057 1439 1305 1492 pariterque
1336 1445 1381 1478 ut
1408 1437 1627 1478 videbatur
1648 1445 1845 1478 armatus.

77 1510 122 1544 20
151 1507 265 1557 Quid
289 1507 452 1562 plura?
492 1507 689 1548 Extensis
723 1508 882 1562 clipeis,
917 1508 1084 1548 directis
1116 1508 1246 1549 hastis
1278 1510 1374 1563 equi
1394 1517 1661 1560 concurrunt,
1695 1509 1849 1562 equites

145 1577 397 1633 impulsibus
435 1579 590 1618 ‘mutuis
629 1580 944 1629 concutiuntur,
986 1587 1021 1619 et
1057 1579 1160 1619 elisa
1180 1579 1276 1632 jam
1307 1579 1478 1620 alterius
1510 1580 1655 1619 lancea
1682 1580 1849 1633 ictuque

148 1657 406 1689 evanescente
439 1663 521 1703 per
561 1648 777 1700 libricum,
828 1648 1023 1689 Albertus
1061 1651 1353 1690 adversarium
1390 1665 1510 1690 suum
1541 1657 1732 1705 potenter
1767 1650 1847 1689 im-

142 1719 266 1775 pellit
302 1720 359 1759 ad
399 1734 551 1759 casum.
611 1718 771 1759 Cadens
814 1727 851 1760 et
887 1721 975 1760 sine
1006 1735 1126 1761 mora
1155 1735 1374 1775 resurlqens
1406 1720 1625 1761 Albertum
1649 1734 1731 1775 per
1762 1720 1849 1761 luta

147 1791 339 1845 respicit,
383 1805 533 1844 equum
575 1805 623 1830 etv
662 1805 791 1831 causa
830 1790 1035 1831 lucrat-iva
1077 1791 1299 1844 abducere,
1341 1792 1528 1832 lanceam
1558 1791 1772 1842 subducit,
1813 1799 1850 1832 et

77 1865 123 1899 25
149 1862 248 1901 dum
280 1876 370 1901 eam
400 1862 522 1901 modo
545 1860 686 1913 jaculi
716 1862 887 1901 missilis
922 1864 1080 1914 emittit,
1101 1863 1250 1916 femur
1278 1862 1444 1903 Alberti
1472 1864 1557 1903 ictu
1589 1863 1847 1903 atrocissimo

149 1932 388 1986 transfodit.
446 1932 515 1973 Ee
554 1933 728 1972 adverso
768 1932 886 1972 miles
924 1941 1085 1985 noster,
1126 1942 1200 1974 aut
1222 1949 1304 1989 pre
1332 1934 1490 1987 glaudio
1522 1933 1694 1974 victorie
1722 1934 1850 1973 ictum

147 2003 379 2057 vulnusque
409 2017 494 2043 non
515 2004 691 2043 sentiens
714 2011 787 2043 aut
807 2004 1093 2055 dissimulans,
1127 2006 1367 2059 disparente
1388 2005 1632 2045 adversario
1655 2018 1849 2058 campum

147 2075 280 2114 victor
311 2074 535 2128 eqreditur,
570 2088 720 2127 equum
753 2074 959 2115 lucratum
991 2077 1198 2130 cwmiyero
1225 2077 1415 2126 tradidit,
1449 2083 1610 2116 statura
1628 2075 1846 2129 qrandem,

150 2145 311 2184 levitate
342 2144 494 2198 ctqilem
527 2152 563 2184 et
586 2146 629 2183 in
652 2147 905 2199 apparentia
920 2146 1263 2200 pulcherrimum.
1315 2146 1585 2200 Reqredienffi
1604 2146 1694 2186 viro
1716 2144 1851 2185 nobili

79 2218 124 2252 30
149 2215 272 2257 turba
305 2215 548 2269 familiaris
597 2217 799 2267 occurrit,
850 2225 1037 2256 eventum
1082 2218 1282 2267 miratur,
1333 2231 1475 2256 casum
1522 2215 1668 2269 dejecti
1702 2215 1848 2255 militis

146 2295 315 2342 yr'atzznt
346 2285 521 2335 liabens,
563 2293 598 2325 et
628 2288 910 2326 strenuitatem
942 2295 1027 2327 tam
1057 2287 1235 2327 illustris
1267 2286 1437 2327 baronis
1469 2287 1774 2338 commendans,
1813 2293 1849 2327 et

151 2373 243 2398 cum
265 2356 423 2410 caligsas
433 2355 604 2409 ferreas
627 2357 904 2408 discalcearet,
928 2373 1056 2397 unam
1077 2359 1297 2412 sanyuinis
1315 2357 1487 2412 coayulo
1504 2358 1609 2397 vidit
1625 2357 1845 2412 oppletam.

152 2425 273 2480 [132]
310 2426 460 2481 Stupet
479 2427 659 2480 familia
691 2428 740 2467 de
774 2429 951 2479 vulnere,
986 2429 1058 2468 sed
1079 2429 1271 2468 dominus
1292 2429 1542 2482 indiynatur
1562 2429 1717 2479 timere,
1751 2443 1848 2469 con-

152 2500 286 2539 currit
323 2499 524 2538 are-itatus
556 2498 766 2552 populus,
809 2507 845 2539 et
884 2514 986 2553 quos
1019 2507 1113 2539 ante
1144 2513 1311 2539 somnus
1338 2507 1574 2553 presserat,
1616 2513 1849 2539 excrescens
1905 2531 1911 2535 .

81 2575 125 2608 35
151 2570 377 2609 admiratio
411 2568 526 2608 ducit
556 2569 613 2607 ad
646 2570 915 2622 L-zlq‘z‘landum.
971 2569 1104 2610 Testis
1135 2569 1340 2624 triumphi
1369 2583 1497 2623 equus
1515 2569 1647 2622 freno
1675 2584 1762 2609 non
1782 2570 1848 2609 di-

150 2641 276 2679 misso
309 2647 468 2679 tenetur
499 2639 555 2678 ad
580 2638 798 2692 publicum
821 2649 1081 2694 conspectum
1105 2642 1332 2695 eapositus,
1367 2639 1496 2680 oculis
1518 2641 1660 2691 torvis,
1696 2640 1850 2680 cervice

152 2718 305 2760 erecta,
346 2709 434 2764 pilo
467 2710 611 2764 niyro,
646 2709 748 2749 sella
778 2710 967 2750 nn'litari.
1025 2710 1125 2750 Jam
1153 2711 1408 2765 yallz'cantus
1440 2711 1686 2761 advenerat,
1720 2725 1849 2765 equus

152 2779 324 2819 saltibus
375 2788 560 2830 estuans,
608 2779 784 2819 naribus
828 2780 1050 2832 ebulliens,
1091 2774 1272 2836 pedibus
1311 2789 1467 2821 terram
1497 2780 1698 2835 pulsans,
1747 2781 1850 2821 loris

155 2849 304 2904 quibus
358 2849 571 2890 tenebatur
610 2850 813 2903 diruptis,
860 2852 903 2890 in
942 2859 1140 2892 naturam
1179 2866 1221 2891 se
1259 2853 1429 2906 recipit,
1480 2850 1707 2891 libertatem
1733 2851 1851 2906 fuya

81 2926 128 2962 40
145 2919 274 2974 facta
312 2922 520 2961 insecutus
559 2921 772 2976 disparuit
809 2929 846 2961 et
882 2921 1036 2962 nobilis
1072 2922 1190 2962 miles
1226 2930 1366 2962 noster
1401 2922 1449 2962 id
1483 2921 1632 2975 injusti
1666 2921 1850 2962 vulneris
