1949 3162
970 57 1056 99 540

899 180 1003 222 CAP.
1032 179 1127 220 160.

425 273 500 318 De
535 271 805 316 retractione
843 266 1027 318 diaboli,
1065 279 1121 309 ne
1159 263 1325 307 bonum
1364 271 1613 319 operemur.

291 383 506 437 Frequens
539 388 609 432 est,
644 387 689 420 ut
720 377 861 433 anqeli
883 374 1070 417 Sathane
1100 374 1147 412 ¹in
1179 371 1347 426 anqelos
1379 368 1483 408 lucis
1504 379 1545 406 se
1573 362 1873 417 transforment

172 465 208 497 et
246 457 292 496 in
331 453 523 494 humanis
565 449 767 491 ‘mentibus
807 446 974 501 aliquid
1014 443 1218 484 diabolice
1256 438 1526 481 immissionis
1563 435 1775 481 nutriant5
1816 431 1874 471 ad

125 532 146 567 5
171 529 348 568 istorum
380 524 662 578 coqnicionem
696 518 908 574 quoddam
946 516 1157 555 notamine
1196 511 1488 566 diqnissimum
1519 505 1712 547 subditur
1743 516 1874 544 catem-

171 598 302 653 plum.
351 595 461 636 Erat
490 595 535 633 in
566 592 688 645 reqni
718 588 958 629 Arelatensi
977 585 1137 638 finibus
1170 584 1413 638 episcopatu
1444 578 1660 619 Valentino
1693 581 1876 615 castrum

177 667 410 723 quoddam,
461 664 576 716 cujus
625 662 795 702 domina
841 661 888 699 in
926 657 1141 697 assiduam
1181 654 1301 694 duoeit
1347 648 1681 691 consuetudinem
1698 677 1710 697 ,
1756 643 1877 697 infra

176 740 402 780 missarum
423 735 623 775 solemnia
641 739 739 787 post
760 729 1017 783 ecanqelium
1039 726 1251 767 ecclesiam
1283 722 1444 777 eqredi:
1477 733 1562 759 non
1584 718 1693 758 enim
1712 721 1877 770 poterat

179 808 535 851 consecracionem
575 803 777 844 dominici
815 800 1005 854 corporis
1045 798 1256 837 sustinere.
1312 792 1413 833 Cum
1446 804 1527 846 per
1563 787 1713 828 multos
1745 798 1877 825 annos

109 888 153 922 10
179 881 236 922 ad
267 885 520 933 compertum
549 876 616 915 vir
654 874 739 926 ejus
780 872 973 912 dominus
1013 869 1143 909 castri
1179 866 1300 906 istius
1337 862 1537 903 noticiam
1567 857 1777 899 habuisset
1805 868 1880 895 nec

180 959 290 993 tante
317 947 648 1005 presumptionis
681 958 851 984 causam
882 941 1048 981 sedulus
1069 938 1342 991 ini-estiqator
1364 933 1600 981 invenisset,
1633 927 1756 968 semel
1777 940 1879 981 quo-

181 1023 278 1063 dam
310 1021 377 1060 die
407 1018 582 1059 solemni
601 1015 724 1068 finito
759 1012 969 1067 ecanyelio
1002 1010 1214 1065 egrediens
1247 1006 1432 1055 domina,
1460 1016 1542 1058 per
1570 1001 1708 1041 virum
1741 1005 1778 1038 et
1803 996 1881 1036 mi-

180 1094 333 1133 nistros
375 1090 459 1142 ejus
497 1089 632 1128 incita
673 1093 709 1125 et
746 1085 926 1124 renitens
967 1082 1193 1130 detinetur,
1242 1078 1462 1129 statimque
1501 1071 1712 1113 sacerdote
1756 1065 1884 1108 verba

185 1161 492 1203 consecratoria
531 1156 802 1212 proferente,
857 1154 1029 1193 domina
1079 1151 1234 1205 spiritu
1282 1146 1488 1187 diabolico
1538 1143 1673 1183 levata
1718 1152 1884 1180 sursum
1928 1153 1930 1155 ’

115 1241 158 1275 15
184 1233 346 1283 avolat,
386 1238 632 1286 partemque
663 1225 818 1281 capelle
850 1238 985 1264 secum
1015 1224 1060 1263 in
1087 1220 1368 1276 precipicium
1407 1217 1583 1265 ducens,
1624 1211 1808 1267 amplius
1837 1210 1885 1249 in

174 1303 335 1357 finibus
366 1302 452 1342 illis
484 1315 568 1340 non
601 1306 659 1339 est
693 1299 802 1345 visa,·
840 1295 912 1335 sed
943 1302 980 1334 et
1004 1307 1112 1348 pars
1145 1291 1289 1341 turris,
1325 1289 1392 1329 cui
1423 1285 1585 1341 capella
1614 1280 1884 1332 innitebatur,

186 1375 322 1416 adbuc
353 1384 650 1427 supermanens
682 1382 822 1408 rerum
846 1366 940 1420 fert
970 1364 1258 1405 testimonium.

307 1443 538 1493 Carissimi,
575 1447 757 1481 castrum
787 1437 901 1477 istud
923 1436 972 1476 de
1005 1449 1085 1489 quo
1119 1434 1275 1473 dicitur
1304 1429 1484 1470 mundus
1515 1428 1590 1467 iste
1616 1423 1886 1478 intelliyitu7'3

189 1517 310 1570 liujus
358 1515 486 1555 castri
525 1512 718 1552 dominus
758 1516 816 1549 est
853 1508 971 1547 liomo
1010 1506 1248 1545 mundanus
1289 1501 1471 1542 totaliter
1515 1497 1669 1538 mundo
1709 1494 1886 1543 deditus,

120 1597 164 1630 20
189 1590 397 1629 intantum
431 1584 543 1639 quod
575 1597 666 1622 cum
696 1595 778 1636 per
810 1580 998 1619 dii-inam
1035 1575 1363 1631 inspiracionem
1403 1568 1633 1625 aliquando
1674 1580 1778 1621 opus
1809 1563 1889 1604 ali·-

193 1658 306 1714 quod
337 1656 489 1697 bonum
519 1653 734 1707 inceperit,
764 1658 941 1706 propter
972 1648 1120 1688 mundi
1139 1646 1378 1693 vanitatem,
1413 1642 1481 1682 cui
1508 1640 1670 1680 deditus
1693 1643 1763 1688 est,
1795 1648 1891 1690 per-

182 1730 310 1784 ficere
340 1742 425 1768 non
450 1732 601 1781 potest,
634 1725 695 1763 ita
720 1722 833 1776 quod
857 1727 1037 1775 propter
1067 1717 1283 1757 mundana
1306 1728 1400 1768 sepe
1426 1713 1556 1752 ‘citam
1577 1723 1695 1749 suam
1717 1706 1891 1754 amittit,-

194 1799 386 1841 diabolus
420 1798 542 1847 enim,
579 1795 680 1849 quia
711 1793 891 1833 humano
922 1791 1066 1845 ρεπεν-ι’
1096 1801 1256 1843 semper
1286 1784 1482 1826 inimicus
1505 1788 1576 1832 est,
1604 1779 1704 1834 plus
1726 1778 1775 1818 de
1796 1790 1894 1832 per-

183 1870 367 1924 ficiendo
401 1867 576 1922 aliquod
607 1865 759 1905 bonum
789 1878 864 1903 nos
897 1861 1124 1911 subtrahit,
1167 1872 1293 1913 quam
1332 1856 1389 1896 ad
1418 1851 1682 1894 iniciandum
1711 1849 1788 1890 hoc
1818 1846 1892 1887 ab·

126 1949 171 1984 25
197 1943 332 1991 ducit3
381 1939 619 1980 considerat
653 1949 856 1989 namque,
906 1933 1019 1987 quod
1054 1933 1101 1971 in
1136 1930 1225 1983 fine
1263 1927 1435 1967 ‘victorie
1472 1937 1553 1979 pro
1592 1920 1713 1962 virili
1745 1933 1896 1974 puyna

198 2015 324 2054 datur
353 2012 498 2066 palma
527 2009 684 2064 ‘qlorie3
717 2007 789 2046 sed
820 2005 1013 2045 dominus
1044 2001 1167 2054 liujus
1199 1999 1330 2039 castri
1359 2003 1417 2037 est
1437 1996 1638 2036 discretus
1667 1989 1893 2044 confessor,

200 2086 274 2139 qui
305 2097 396 2123 cum
426 2081 579 2122 <viderit
610 2079 822 2118 dominam
855 2089 973 2115 suam
1004 2075 1031 2114 i.
1058 2087 1088 2112 e.
1114 2085 1228 2112 ovem
1259 2068 1340 2109 sibi
1368 2069 1415 2108 in
1447 2065 1614 2106 ecclesia
1636 2062 1898 2103 commissam

201 2169 340 2196 errare
380 2161 417 2193 et
448 2151 660 2207 preceptis
700 2148 864 2188 ecclesie
902 2160 988 2185 non
1023 2143 1125 2183 celle
1164 2141 1349 2191 obedire,
1398 2138 1470 2178 sed
1508 2142 1603 2191 post
1640 2131 1899 2187 evanydium

200 2228 227 2266 i.
254 2241 283 2266 e.
310 2223 642 2265 admonicionem
662 2219 907 2273 fraternam
931 2217 1043 2256 ewire
1065 2214 1290 2262 ecclesiam,
1325 2210 1400 2250 hoc
1427 2215 1485 2248 est
1505 2205 1674 2263 quando
1706 2201 1898 2244 sacerdos

132 2305 178 2338 30
204 2293 324 2349 [135]
370 2302 406 2335 et
445 2292 659 2346 confessor
697 2298 790 2330 tuus
823 2288 900 2329 tibi
933 2288 1063 2327 vitam
1102 2284 1249 2324 salutis
1281 2281 1440 2337 pandit
1477 2287 1515 2319 et
1549 2276 1740 2326 instruit,
1783 2279 1821 2313 et
1855 2279 1900 2312 tu

205 2381 350 2408 errans
383 2364 591 2405 attendere
624 2362 811 2416 spernis,
855 2366 959 2399 certe
992 2371 1074 2412 per
1114 2355 1325 2395 minist-ros
1355 2353 1383 2392 i.
1409 2365 1438 2392 e.
1475 2346 1771 2390 ecclesiasticas
1809 2357 1899 2383 cen-

205 2452 326 2478 suras
359 2443 396 2476 et
433 2432 895 2475 eoecommunicationem
928 2427 1147 2483 publicam
1185 2433 1220 2466 te
1257 2424 1388 2464 invito
1428 2421 1485 2461 ad
1524 2417 1797 2460 obedientiam
1835 2414 1902 2454 in-

207 2509 417 2555 troducet3
465 2506 536 2545 sed
574 2505 612 2543 si
649 2511 744 2543 tunc
784 2499 910 2540 verba
949 2496 1278 2539 consecracionis
1315 2495 1343 2534 i.
1378 2507 1409 2533 e.
1444 2492 1581 2532 anime
1618 2497 1684 2529 tue
1729 2485 1904 2528 salutem

208 2580 409 2619 sustinere
440 2590 524 2616 non
550 2575 725 2629 poteris,
760 2572 913 2626 spiritu
947 2569 1152 2609 diabolico
1188 2564 1386 2606 lei-aberis
1419 2570 1456 2603 et
1487 2562 1544 2602 ad
1572 2559 1733 2614 inferni
1765 2556 1903 2596 novis-

138 2661 184 2695 35
209 2652 316 2690 sima
349 2645 600 2695 convolabis,
635 2651 680 2684 ut
712 2644 789 2683 erit
809 2643 934 2696 fletus
967 2648 1003 2680 et
1023 2640 1181 2679 stridor
1203 2637 1398 2677 dentium.
1445 2631 1575 2674 Verba
1596 2629 1744 2670 salutis
1766 2633 1906 2667 nostre

210 2728 306 2760 sunt
336 2718 460 2759 cerba
486 2715 799 2772 predicacionis
832 2720 868 2751 et
899 2711 1001 2751 bone
1033 2708 1352 2756 ea'liortacionis,
1387 2718 1464 2759 que
1496 2702 1644 2743 cotidie
1675 2707 1713 2740 et
1736 2711 1905 2754 preser-

211 2793 285 2832 tim
315 2792 362 2830 in
394 2788 537 2829 diebus
557 2786 684 2840 festis
711 2783 1013 2839 proferuntur,-
1047 2781 1118 2821 sed
1148 2786 1245 2819 sunt
1275 2776 1412 2830 aliqui
1441 2776 1501 2814 ita
1523 2772 1678 2827 spiritu
1700 2768 1906 2810 diabolico

213 2862 368 2915 inflati,
413 2859 526 2914 quod
566 2871 657 2897 cum
697 2855 753 2895 ad
790 2867 1018 2893 sermonem
1042 2851 1216 2906 pulsum
1258 2848 1454 2896 audiunt,
1486 2843 1580 2897 jam
1604 2842 1749 2897 primo
1780 2853 1822 2880 se
1851 2838 1910 2878 ad

307 2940 364 2974 32.
390 2939 435 2973 33
462 2935 646 2979 censuras]
674 2939 759 2979 oriy.
779 2942 964 2967 causuras.
