1949 3162
990 57 1074 99 624

190 176 253 216 dei
286 173 534 214 incarnatus.
583 165 767 210 Fimbria
799 170 861 208 est
892 178 988 219 pars
1013 161 1181 204 inferior
1214 159 1339 200 vestis
1372 170 1444 211 per
1476 167 1597 209 quam
1629 149 1873 204 intelligitur

191 244 424 287 humanitas
457 255 535 295 que
567 243 629 281 est
653 238 824 280 inferior
846 236 1016 278 divitate
1041 233 1137 287 quia
1159 229 1382 273 secundum
1406 225 1702 268 humanitatem
1728 233 1874 277 passus

191 317 269 357 fuit
308 316 348 356 in
382 316 525 356 sancta
556 323 686 352 cruce.
745 308 855 350 Haec
894 319 1042 362 ymago
1076 303 1212 359 posita
1243 301 1321 342 fuit
1351 299 1392 340 in
1426 296 1629 352 superiori
1661 297 1778 350 parte
1810 304 1876 334 co-

192 388 360 441 lumpne
401 385 496 438 quia
527 382 680 424 Christi
714 379 948 435 passionem
987 388 1150 430 semper
1181 373 1223 414 in
1256 369 1455 412 memoria
1486 367 1635 410 habere
1667 364 1876 407 debemus.

195 458 275 499 Sed
316 470 386 512 pes
429 455 548 508 hujus
588 453 805 507 columpne
848 453 909 491 est
949 461 1063 490 amor
1106 443 1295 486 hominis.
1338 455 1411 496 per
1453 439 1643 489 herbam,
1692 448 1770 490 que
1818 436 1880 474 est

196 542 350 581 amara,
383 526 629 579 intelligitur
660 521 852 566 contritio
886 519 1062 561 hominis
1096 517 1181 558 sive
1213 514 1339 556 dolor.
1393 511 1508 553 Tunc
1538 508 1664 551 herba
1695 506 1745 548 de
1778 503 1881 560 pede

195 600 413 654 columpne
445 596 630 652 procedit
662 593 823 648 quando
862 605 911 633 ex
943 589 1119 632 ferventi
1161 585 1398 636 dilectione,
1437 594 1558 636 quam
1598 579 1719 621 homo
1758 575 1883 617 habet

198 672 248 713 ad
282 671 424 722 deum,
459 668 591 721 surgit
630 665 746 707 dolor
784 664 825 704 in
867 662 988 703 corde
1028 658 1278 715 peccatoris,
1317 660 1357 697 et
1396 654 1603 695 intantum
1645 650 1882 702 augmenta-

198 748 265 785 tur
297 745 336 783 et
358 740 518 793 crescit,
551 737 657 792 quod
683 735 799 791 quasi
823 734 941 775 deum
969 732 1104 785 tangit
1125 729 1177 772 ad
1200 725 1523 770 misericordiam
1549 735 1641 764 eum
1664 719 1883 770 inclinans,

200 818 240 856 et
271 811 476 854 contrario
499 810 642 852 morbo
675 806 833 863 peccati
866 804 979 847 dedit
1010 801 1211 845 medelam
1238 804 1278 841 et
1300 796 1505 854 peccatori
1533 794 1662 836 vitam
1686 794 1884 834 eternam.

885 1064 983 1119 215,
1017 1076 1120 1118 app.
1146 1061 1217 1104 19.

654 1161 728 1208 De
756 1174 985 1220 praecone
1023 1163 1062 1202 et
1096 1154 1239 1201 nobili
1261 1153 1454 1214 femina.

325 1275 465 1318 Refert
486 1270 677 1314 Valerius
712 1269 820 1323 quod
852 1268 1017 1322 quidam
1041 1277 1189 1321 praeco
1221 1275 1346 1304 unam
1380 1257 1560 1301 nobilem
1590 1253 1786 1296 feminam
1819 1262 1892 1304 pro

209 1348 410 1390 adulterio
433 1344 601 1401 capitali
633 1341 844 1384 sentencia
871 1337 1114 1392 dampnavit
1145 1339 1185 1376 et
1215 1332 1368 1375 carceri
1398 1328 1572 1372 tradidit
1599 1324 1753 1367 ibidem
1784 1321 1894 1363 fame

209 1418 494 1470 occidendam,
541 1428 663 1469 quam
713 1415 848 1454 custos
896 1409 1072 1451 carceris
1120 1420 1201 1448 non
1249 1404 1387 1446 statim
1430 1399 1579 1442 occidit
1623 1396 1694 1438 sed
1743 1394 1896 1448 pietate

211 1495 345 1533 motus
377 1489 534 1530 aditum
568 1486 700 1541 ipsius
733 1484 817 1525 filie
848 1481 1000 1524 femine
1033 1477 1248 1530 concessit,
1282 1472 1517 1518 observavit
1547 1473 1686 1512 tamen
1717 1479 1768 1507 ne
1799 1462 1897 1519 quid

211 1562 403 1605 alimonie
437 1559 577 1608 (matri
598 1557 786 1606 inferret)
821 1558 865 1596 ut
896 1553 954 1594 sic
985 1552 1093 1593 fame
1126 1549 1292 1604 periret.
1342 1546 1440 1588 Post
1461 1542 1611 1585 multos
1634 1539 1721 1581 dies
1749 1547 1897 1592 praeco

212 1634 455 1676 ammiratus
488 1629 596 1671 unde
628 1627 784 1670 femina
815 1626 858 1667 in
891 1636 1054 1666 carcere
1095 1621 1271 1671 viveret,
1311 1615 1518 1660 intellexit
1558 1610 1666 1667 quod
1695 1608 1781 1650 filia
1812 1619 1899 1648 ma-

211 1711 314 1747 trem
356 1702 525 1759 perlae
565 1713 735 1742 suarum
779 1695 1058 1738 mamillarum
1099 1693 1393 1741 sustentasset,
1436 1699 1514 1741 que
1551 1681 1775 1725 necessitas
1815 1678 1901 1720 sive

212 1776 388 1818 fidelitas
428 1772 617 1815 inaudita
663 1771 769 1812 iram
812 1766 1026 1823 praeconis
1066 1764 1117 1806 ad
1154 1763 1352 1818 pietatem
1390 1755 1606 1801 inclinavit
1644 1757 1685 1795 et
1724 1750 1806 1806 ipsi
1843 1748 1902 1790 fe-

215 1849 325 1889 mine
358 1845 518 1887 veniam
553 1842 806 1899 impetravit.

334 1919 508 1960 Misaee.
559 1915 640 1957 Iste
673 1925 822 1969 praeco
856 1912 919 1953 est
951 1912 1068 1964 pater
1100 1905 1261 1948 celestis
1294 1902 1363 1957 qui
1395 1897 1638 1955 dampnavit
1668 1905 1797 1949 genus
1829 1891 1904 1932 hu-

217 2003 387 2032 manum
419 1991 589 2042 propter
622 1989 858 2040 peccatum,
899 1985 939 2023 et
970 1978 1122 2022 carceri
1155 1974 1349 2018 infernali
1380 1970 1553 2014 tradidit
1586 1972 1626 2010 et
1657 1961 1908 2020 abjudicavit

218 2067 265 2104 ut
293 2061 351 2103 ibi
383 2059 638 2101 occideretur
670 2060 711 2098 et
742 2054 936 2110 gravibus
970 2050 1087 2106 penis
1121 2047 1383 2100 affligeretur.
1434 2042 1514 2084 Sed
1547 2043 1683 2083 custos
1715 2033 1906 2085 carceris,

220 2135 245 2176 i.
270 2148 303 2175 e.
344 2131 534 2173 dominus
576 2131 718 2170 noster
761 2127 902 2169 ihesus
941 2122 1122 2174 Cristus,
1170 2121 1306 2160 motus
1347 2116 1500 2170 pietate
1540 2108 1729 2167 permisit
1767 2105 1907 2158 filiam,

220 2206 246 2247 i.
272 2218 304 2246 e.
340 2215 455 2244 suam
490 2199 840 2250 misericordiam,
881 2208 1008 2250 genus
1042 2193 1267 2234 humanum
1300 2188 1435 2239 adire,
1478 2188 1518 2226 et
1549 2183 1585 2225 ei
1616 2181 1681 2223 lac
1712 2191 1783 2220 sue
1817 2189 1910 2231 pas-

224 2275 351 2318 sionis
385 2273 516 2324 dedit,
551 2285 601 2313 ne
635 2269 874 2312 eternaliter
905 2268 1136 2308 moreretur
1167 2265 1209 2304 et
1239 2259 1371 2316 patris
1404 2255 1598 2299 offensam
1633 2248 1840 2303 mitigavit
1871 2250 1912 2288 et

225 2348 261 2390 ei
294 2348 463 2402 peccata
494 2342 668 2385 remisit.

907 2556 1008 2610 216,
1042 2567 1145 2609 app.
1170 2553 1248 2595 20.

353 2666 456 2707 Erat
501 2661 666 2717 quidam
710 2673 783 2702 rex
822 2659 890 2714 qui
931 2657 980 2699 ad
1012 2660 1165 2698 terram
1200 2654 1381 2694 sanctam
1423 2645 1618 2704 perrexit.
1672 2642 1791 2685 Miles
1829 2638 1916 2695 qui-

237 2738 330 2779 dam
365 2738 454 2778 erat
486 2734 556 2788 qui
596 2744 733 2773 amore
765 2730 1000 2772 inordinato
1031 2727 1215 2780 reginam
1249 2721 1395 2764 dilexit
1431 2723 1471 2761 et
1509 2731 1530 2760 e
1561 2727 1756 2759 converso
1791 2710 1919 2766 [venit

239 2809 289 2850 ad
312 2807 520 2849 dominam
556 2808 596 2846 et
627 2817 718 2845 Cum
743 2816 789 2843 ea
821 2800 1074 2852 morabatur,
1107 2809 1227 2852 quam
1263 2794 1332 2835 diu
1363 2805 1435 2833 rex
1468 2792 1556 2831 erat
1587 2783 1768 2839 absens].
1817 2782 1917 2825 Cum

239 2893 335 2920 vero
375 2891 447 2920 rex
480 2888 637 2917 moram
677 2874 894 2926 traxisset,
935 2871 1079 2923 regina
1115 2880 1207 2909 cum
1240 2864 1371 2906 milite
1402 2861 1647 2916 loquebatur
1676 2860 1722 2898 ut
1754 2867 1845 2897 eum
1877 2852 1917 2894 in

240 2963 410 2992 uxorem
460 2948 665 3002 acciperet
711 2944 870 2985 dicens:
920 2941 1110 2983 dominus
1156 2951 1272 2980 meus
1319 2948 1392 2977 rex
1437 2936 1624 2975 mortuus
1677 2932 1758 2979 est:
1812 2925 1919 2967 diem
