1954 3137
178 1681 246 1722 27.

179 1822 248 1863 28.

135 1889 139 1892 ’
180 1893 248 1934 29.

180 2035 249 2076 30.

180 2177 249 2217 31.

180 2247 249 2288 32.

181 2389 250 2430 33.

182 2600 249 2641 35.

182 2741 250 2781 36.

183 2882 251 2923 37.

998 85 1053 126 98

291 189 354 231 De
394 190 592 231 divitibus
633 193 674 231 et
712 190 959 231 humilitate.
1017 189 1079 231 De
1121 192 1254 231 morte
1294 189 1539 231 allexandri.
1597 188 1877 244 (Alexanders

291 258 549 313 begr’abnis.)
595 259 666 301 lat.
693 262 761 302 31.

289 331 353 373 De
384 333 556 386 peccato
589 331 794 386 superbie.
843 331 987 373 Refert
1016 331 1211 373 valerius.
1261 329 1587 385 (H'angebaum.)
1634 331 1706 373 lat.
1731 332 1800 373 33.

292 401 354 443 De
382 401 619 443 dileccione.
668 401 856 457 Pypinus
879 403 1071 455 regnavit
1092 402 1134 443 in
1158 402 1338 444 civitate.
1387 401 1618 457 (Stiefkind
1641 402 1741 444 oder
1761 401 1879 444 rech-

293 470 388 526 tes.)
434 472 505 513 lat.
536 474 630 514 116.

292 542 355 584 De
388 547 636 597 paupertate
669 544 917 585 voluntaria.
967 543 1109 585 Refert
1133 543 1336 586 Saturnus
1361 544 1469 597 quod
1493 543 1714 599 dyogenes.
1761 542 1881 599 (Dio-

293 627 418 667 genes
451 614 535 656 und
567 612 842 668 Alexander.)
890 628 1019 668 germ.
1050 615 1113 656 15.

291 684 354 727 De
414 686 707 741 temptacione.
778 686 920 728 Refert
973 686 1154 728 valerius
1208 686 1252 727 in
1307 686 1435 728 tercio
1486 685 1608 728 libro.
1679 683 1881 741 (Kohle.)

293 770 422 809 germ.
452 757 517 798 16.
994 755 1002 762 ‘

292 827 354 869 De
386 827 678 869 incarnacione
704 827 833 869 cristi.
884 828 1000 870 Sicut
1023 831 1093 883 ayt
1115 828 1325 883 polimius.
1375 825 1609 881 (Theriak.)
1655 840 1785 881 germ.
1814 827 1879 868 17.

235 932 243 939 .
292 898 355 940 De
377 898 557 940 inimicis
582 899 731 940 anime.
766 898 909 941 Refert
930 899 1172 942 allexander
1194 900 1480 955 philosophus.
1515 898 1689 954 (Virgils
1707 895 1882 953 thurm.)

294 983 423 1023 germ.
455 970 519 1011 18.

292 1040 355 1082 De
378 1040 665 1082 misericordia
688 1040 766 1082 dei.
811 1040 916 1083 Erat
939 1041 1106 1095 quidam
1130 1042 1372 1096 imperator.
1418 1039 1551 1097 (Sohn
1572 1041 1706 1083 todtet
1726 1043 1882 1083 mutter

294 1110 443 1165 nicht.)
490 1111 562 1153 lat.
594 1113 687 1153 100.

293 1182 355 1224 De
388 1182 526 1224 cristo.
577 1182 620 1224 In
655 1183 793 1224 medio
825 1197 952 1225 rome.
1002 1182 1221 1237 (Anilius.)
1268 1181 1488 1238 (Curtius.)
1535 1183 1606 1225 lat.
1631 1185 1700 1225 43.

293 1254 357 1296 De
396 1254 549 1295 virtute
591 1254 809 1295 oracionis.
873 1254 979 1297 Erat
1019 1255 1188 1310 quidam
1227 1256 1468 1310 imperator.
1532 1253 1881 1309 (Kaisertochter‚

295 1323 482 1380 pallast.)
530 1338 659 1378 germ.
685 1326 753 1366 22.

238 1429 246 1438 .
296 1395 359 1438 De
389 1400 567 1449 quatuor
599 1395 814 1438 heremitis
848 1400 888 1438 et
920 1397 1143 1439 virtutibus
1177 1410 1332 1439 eorum.
1378 1396 1562 1450 Legitur.
1611 1395 1796 1450 (Grosste
1817 1398 1882 1438 tu-

295 1467 436 1520 gend.)
486 1480 580 1521 app.
611 1469 645 1508 1.

237 1571 245 1580 .
294 1538 404 1579 Nota
437 1537 571 1579 solum
605 1538 701 1579 boni
734 1538 923 1580 cristiani
954 1538 1172 1581 intrabunt
1196 1540 1239 1581 in
1262 1553 1437 1592 regnum
1460 1538 1657 1581 celorum.
1706 1537 1882 1588 Quidam

295 1622 383 1650 ren.
435 1608 700 1661 (Schiessen.)
748 1608 819 1650 lat.
844 1610 913 1650 45.

297 1679 407 1721 Nota
440 1680 619 1733 qualiter
652 1679 837 1735 prelatus
860 1680 983 1723 debet
1004 1680 1191 1734 vigilare.
1241 1681 1419 1731 Quidam
1440 1681 1519 1723 fur.
1569 1679 1882 1736 (Mondstrahl.)

294 1750 367 1792 lat.
397 1751 491 1792 136.

297 1821 473 1871 Quidam
506 1822 626 1864 miles
661 1822 868 1876 quendam
900 1836 1054 1876 regem.
1105 1823 1231 1875 (Halb
1263 1823 1475 1877 geritten.)
1523 1823 1595 1865 lat.
1624 1823 1719 1865 124.

297 1891 360 1934 De
398 1892 558 1935 duobus
589 1893 789 1936 fratribus
823 1894 971 1936 clerico
1006 1898 1046 1936 et
1076 1894 1207 1950 layco.
1263 1894 1399 1937 Erant
1431 1895 1510 1937 duo
1542 1895 1708 1937 fratres.
1764 1892 1884 1949 (Drei

298 1962 587 2018 buchstaben.)
635 1978 764 2018 germ.
791 1966 858 2007 26.

298 2034 361 2076 De
393 2034 527 2076 tribus
560 2036 694 2089 magis
728 2040 804 2078 etc.
852 2035 941 2078 Rex
974 2036 1185 2078 dariorum
1219 2040 1305 2078 tres
1338 2049 1494 2090 magos.
1545 2036 1670 2090 (Heil.
1695 2036 1785 2080 drei
1809 2036 1884 2078 ko-

298 2106 426 2158 nige.)
473 2106 547 2148 lat.
570 2107 640 2148 47.

297 2175 440 2218 Refert
471 2177 652 2218 valerius
686 2178 795 2232 quod
827 2177 1045 2232 Zelongus.
1097 2176 1348 2231 (Zaleucus.)
1395 2178 1467 2221 lat.
1493 2178 1562 2220 50.

298 2246 360 2288 De
392 2247 651 2289 Allexandro
692 2262 843 2302 magno
885 2253 925 2291 et
963 2263 1078 2305 poro.
1135 2249 1392 2292 Allexander
1423 2263 1613 2303 magnus.
1670 2247 1886 2304 (Geschirr

299 2317 493 2371 stehlen.)
543 2332 639 2374 app.
665 2320 704 2360 2.

300 2388 430 2443 Tytus
469 2389 512 2430 in
545 2390 713 2432 civitate
746 2403 920 2432 romana
951 2391 1144 2445 regnavit
1176 2391 1248 2446 qui
1279 2391 1438 2433 statuit.
1488 2390 1666 2442 (Focas.)
1718 2390 1790 2432 lat.
1814 2390 1884 2432 57.

299 2459 362 2501 De
394 2463 612 2514 peccatore
645 2465 685 2502 et
717 2461 988 2504 confessione.
1038 2462 1282 2516 Genogarus
1315 2463 1557 2518 imperator.
1607 2461 1728 2516 (Drei
1751 2461 1887 2504 wahr-
1922 2481 1926 2484 »

299 2530 453 2583 heiten,
485 2530 597 2583 frei.)
650 2531 721 2573 lat.
746 2532 815 2573 58.

300 2599 363 2642 De
395 2601 647 2656 probacione
679 2602 884 2644 malorum
912 2607 951 2645 et
974 2604 1189 2646 bonorum.
1238 2603 1441 2646 Ezechias
1463 2603 1667 2657 regnavit.
1715 2601 1886 2658 (Baum-

302 2671 431 2723 erbe.)
479 2685 608 2724 germ.
634 2673 702 2714 81.

300 2741 364 2783 De
385 2741 569 2784 Jonatha
599 2743 668 2797 qui
691 2743 835 2786 habuit
857 2746 938 2787 tria
953 2746 1120 2800 jocalia.
1165 2745 1320 2788 Darius
1342 2745 1386 2786 in
1408 2745 1589 2788 civitate.
1632 2743 1886 2800 (Jonathas.)

301 2811 372 2853 lat.
403 2814 496 2855 120.

301 2882 364 2924 De
396 2883 527 2926 nimia
558 2886 877 2941 presumpcione
906 2886 1118 2929 Joviniani
1152 2891 1229 2930 etc.
1277 2886 1539 2929 Jovinianus.
1588 2884 1886 2942 (Jovinianus.)

299 2952 371 2995 lat.
396 2954 465 2995 59.
