1919 3157
869 52 947 93 281

78 156 184 211 quod
223 156 257 197 si
298 157 385 211 ipse
423 162 608 199 mortuus
649 162 734 199 erat
777 172 850 213 per
890 163 1100 213 peccatum
1141 162 1182 201 ct
1220 159 1259 200 in
1293 159 1527 214 longinquis
1560 160 1744 215 partibus

76 227 119 269 id
157 231 220 270 est
258 227 299 269 in
340 227 498 269 inferno
538 242 612 284 per
651 229 884 284 superbiam
924 243 1038 271 suam
1082 230 1240 285 positus
1279 236 1360 283 est,
1404 231 1461 273 sic
1492 231 1599 285 vult,
1638 232 1745 286 quod

78 298 215 340 anima
246 299 452 354 peccatrix
486 299 534 341 de
567 299 649 341 alto
681 304 819 342 monte
858 300 899 342 id
932 304 994 342 est
1025 300 1074 343 de
1107 300 1192 342 celo
1224 315 1267 343 se
1300 303 1517 357 precipitet
1547 303 1587 344 in
1621 303 1744 345 infer—

76 382 186 411 num.
231 368 287 412 Et
318 370 375 411 sic
407 374 495 412 erat
527 375 620 413 ante
652 372 871 414 adventum
895 370 1060 413 Christi.
1111 371 1190 414 Sed
1223 386 1296 427 per
1328 372 1480 414 Christi
1512 374 1743 429 passionem

77 444 139 483 est
168 441 335 483 sanitati
368 442 569 484 restituta.
624 442 915 485 Verumtamen
956 442 1086 484 adhuc
1118 444 1256 499 sepius
1287 444 1465 486 intendit
1495 458 1537 486 se
1568 445 1745 501 precipi-
1771 451 1792 485 5

76 516 184 566 tare,
224 512 415 567 quociens
447 519 589 556 contra
621 514 803 556 (livinum
843 519 1079 570 preceptum
1113 518 1337 570 perpetrat.
1387 514 1466 557 Sed
1497 515 1595 558 deus
1628 520 1746 572 pater

75 587 214 626 noster
245 597 324 626 non
357 584 466 638 vult,
500 590 544 627 ut
575 586 868 641 precipitemur
900 599 974 641 per
1004 590 1239 641 peccatum,
1272 586 1342 628 sed
1375 586 1461 628 vult
1493 601 1564 642 per
1595 588 1746 630 contri-

75 654 232 697 cionem
265 659 305 697 et
335 656 631 698 confessionem
664 661 710 698 ut
740 657 921 699 totaliter
944 657 994 699 ad
1017 658 1150 713 ipsum
1180 662 1480 711 convertamur,
1514 662 1554 701 et
1574 658 1746 702 firmiter

75 739 150 768 nos
180 726 223 768 in
255 726 344 782 ipso
378 731 589 770 teneamus
622 732 661 770 et
695 729 818 770 vitam
853 733 1035 771 eternam
1069 729 1367 785 possideamus

830 958 931 1001 CAP.
958 960 995 1001 7.
1774 965 1816 998 10

408 1044 480 1089 De
518 1046 688 1091 invidia
727 1046 949 1092 malorum
989 1047 1221 1092 adversum
1261 1047 1413 1093 bonos.

191 1152 474 1196 Dioclesianus
505 1155 706 1209 regnavit,
741 1156 783 1197 in
815 1156 929 1209 cujus
963 1155 1136 1212 imperio
1168 1160 1257 1198 erat
1287 1156 1454 1211 quidam
1482 1156 1599 1199 miles
1622 1171 1746 1211 gene-

73 1237 211 1278 rosus,
251 1225 320 1280 qui
360 1225 460 1267 duos
501 1225 604 1268 filios
643 1226 839 1281 habebat,
885 1241 985 1282 quos
1025 1227 1198 1270 multum
1242 1227 1398 1270 dilexit.
1453 1228 1600 1270 Junior
1638 1228 1747 1271 filius

74 1300 216 1339 contra
254 1295 504 1339 voluntatem
546 1298 675 1353 patris
716 1299 971 1341 meretricem
1013 1300 1056 1341 in
1097 1312 1269 1342 uxorem
1311 1299 1440 1341 duxit.
1494 1299 1596 1342 Cum
1629 1304 1747 1356 pater

74 1367 153 1410 hoc
181 1367 375 1421 audisset,
407 1369 674 1411 contristatus
707 1374 767 1412 est
799 1370 936 1424 valde,
970 1374 1010 1412 et
1040 1370 1155 1412 illum
1189 1384 1213 1412 a
1244 1371 1437 1413 societate
1469 1384 1543 1413 sua
1575 1371 1744 1427 expulit.
1773 1379 1816 1413 15

74 1439 156 1482 Iste
187 1440 245 1482 sic
277 1439 472 1495 expulsus
504 1441 546 1482 in
578 1454 728 1494 magna
760 1442 928 1484 miseria
960 1447 1021 1484 est
1053 1443 1222 1498 positus
1273 1442 1427 1484 Tamen
1449 1442 1498 1484 de
1531 1444 1746 1486 meretrice

75 1524 203 1554 uxore
235 1525 309 1554 sua
339 1510 468 1554 filium
500 1512 722 1554 formosum
756 1513 897 1566 genuit
930 1517 970 1555 et
1000 1513 1050 1555 ad
1072 1527 1264 1567 magnam
1288 1517 1511 1567 egestatem
1543 1516 1744 1570 pervenit.

74 1582 188 1626 Misit
225 1583 417 1625 nuncium
459 1584 508 1626 ad
547 1588 706 1639 patrem
747 1598 885 1638 suum,
935 1588 980 1626 ut
1017 1585 1340 1627 misericordiam
1381 1585 1430 1627 de
1471 1599 1516 1628 eo
1564 1586 1744 1630 haberet.

75 1653 197 1698 Pater
227 1668 324 1697 vero
356 1667 446 1696 cum
482 1655 663 1698 audisset
703 1656 752 1698 de
791 1656 877 1709 ejus
915 1656 1102 1710 miseria,
1143 1661 1348 1699 commota
1386 1661 1482 1699 sunt
1518 1658 1656 1700 omnia
1686 1659 1747 1700 vi-

75 1738 190 1769 scera
221 1726 308 1780 ejus
340 1730 381 1769 et
411 1727 603 1769 misertus
637 1728 673 1770 ei
705 1740 796 1770 cum
838 1740 883 1769 eo
915 1727 1201 1770 reconciliatus
1234 1731 1307 1770 est.
1360 1728 1454 1784 Ipso
1484 1729 1747 1773 reconciliato
1773 1735 1817 1770 20

74 1797 186 1854 patri
216 1811 288 1840 suo
319 1797 463 1852 filium,
496 1812 616 1854 quem
650 1799 698 1841 de
730 1812 857 1841 uxore
890 1812 965 1841 sua
994 1800 1211 1842 meretrice
1241 1804 1458 1855 genuerat,
1494 1814 1748 1844 recommen-

76 1869 209 1922 davit3
257 1874 374 1926 pater
414 1883 509 1912 vero
548 1871 683 1926 ipsum
725 1871 841 1925 quasi
888 1871 930 1911 in
967 1869 1099 1912 filium
1138 1871 1351 1927 proprium
1393 1873 1600 1915 enutrivit.
1662 1873 1748 1916 Hec

77 1940 246 1984 audiens
277 1942 405 1984 frater
437 1941 573 1984 senior
603 1941 841 1996 indignatus
882 1942 988 1984 dixit
1023 1942 1135 1998 patri
1166 1956 1262 1984 suo:
1304 1942 1364 1985 Tu
1404 1957 1446 1986 es
1479 1944 1667 1998 demens,
1708 1949 1748 1987 et

75 2012 151 2055 hoc
182 2012 310 2068 probo
342 2013 416 2055 tibi
448 2013 521 2055 tali
553 2013 728 2056 racione.
782 2013 854 2056 llle
886 2018 949 2056 est
979 2013 1168 2068 demens,
1211 2014 1441 2069 qui·filium
1482 2016 1523 2057 in
1555 2016 1745 2059 heredem

76 2084 226 2140 accipit
265 2088 306 2126 et
341 2084 492 2139 nutrit,
533 2086 601 2140 qui
641 2085 677 2127 ei
714 2085 908 2139 injuriam
946 2098 1139 2139 magnam
1178 2085 1286 2128 fecit.
1342 2085 1422 2129 Sed
1459 2087 1587 2129 frater
1616 2101 1746 2142 meus,
1773 2093 1817 2128 25

76 2156 145 2210 qui
174 2155 290 2198 illum
323 2169 494 2211 puerum
528 2157 690 2211 genuit,
722 2157 820 2199 fecit
850 2156 926 2198 tibi
959 2170 1151 2211 magnam
1183 2157 1389 2211 injuriam,
1423 2158 1585 2212 quando
1616 2172 1747 2202 mere-

75 2227 219 2270 tricem
250 2231 394 2270 contra
430 2232 543 2270 tuum
577 2233 816 2284 preceptum
855 2228 1132 2284 desponsavit.
1186 2228 1296 2283 Ergo
1334 2229 1516 2284 videtur,
1557 2230 1665 2284 quod
1702 2234 1747 2272 tu

77 2312 119 2342 es
150 2298 337 2353 demens,
378 2299 486 2354 quod
523 2299 653 2341 filium
692 2301 778 2355 ejus
816 2300 948 2342 nutris
989 2304 1030 2342 et
1068 2300 1105 2342 ei
1143 2313 1285 2356 pacem
1328 2300 1488 2343 dedisti.
1541 2300 1665 2344 Pater
1696 2301 1747 2344 ad

75 2369 152 2413 hoc
180 2370 415 2426 respondit:
454 2370 553 2424 Fili,
585 2371 711 2414 frater
742 2375 836 2413 tuus
869 2375 931 2413 est
962 2371 1085 2414 michi
1123 2372 1410 2415 reconciliatus
1449 2387 1523 2428 per
1554 2385 1746 2426 magnam

76 2442 388 2495 contricionem,
422 2456 542 2496 quam
577 2442 740 2496 habuit,
773 2447 813 2485 et
844 2447 1013 2499 propter
1045 2455 1185 2498 preces
1219 2443 1405 2486 aliorum.
1459 2443 1553 2486 Ideo
1586 2447 1748 2499 oportet
1772 2452 1817 2486 30

75 2526 141 2555 me
171 2512 301 2555 filium
334 2527 452 2555 suum
486 2513 656 2567 diligere
686 2514 779 2570 plus
811 2528 932 2570 quam
966 2518 1019 2557 te.
1068 2513 1156 2556 Hac
1186 2515 1370 2557 racione:
1404 2519 1448 2557 tu
1480 2515 1617 2571 sepius
1650 2528 1746 2557 con-

76 2587 141 2626 tra
170 2598 237 2626 me
266 2585 412 2638 fecisti,
446 2589 486 2627 et
516 2598 726 2640 nunquam
756 2586 1042 2629 reconciliatus
1075 2599 1117 2628 es
1142 2586 1277 2640 michi,
1310 2587 1406 2642 quia
1438 2586 1600 2642 culpam
1632 2590 1746 2629 tuam

76 2655 287 2698 humiliter
324 2669 615 2710 recognoscere
652 2657 832 2700 noluisti.
884 2656 979 2700 Jam
1018 2661 1063 2699 tu
1103 2670 1145 2700 es
1184 2658 1370 2712 ingratus
1406 2658 1526 2700 fratri
1563 2661 1656 2711 tuo,
1696 2671 1745 2700 ex

78 2739 156 2781 quo
189 2727 314 2770 velles
345 2728 479 2784 ipsum
513 2742 536 2770 a
558 2728 753 2771 societate
773 2742 865 2771 mea
886 2728 1112 2785 expellere3
1145 2729 1271 2771 immo
1294 2729 1435 2784 pocius
1458 2728 1625 2771 deberes
1647 2742 1746 2783 gau-

78 2797 186 2853 dere,
219 2799 325 2854 quod
357 2799 481 2842 michi
514 2803 576 2842 est
605 2800 904 2842 reconciliatus.
957 2800 1012 2842 Et
1042 2801 1138 2855 quia
1167 2801 1354 2855 ingratus
1386 2814 1442 2854 eS,
1474 2800 1744 2843 hereditatem
1770 2808 1815 2843 35

78 2882 208 2912 meam
241 2883 323 2912 non
356 2869 449 2926 [ὃό]
485 2871 700 2925 obtinebiS,
733 2875 774 2913 et
803 2871 937 2925 illam,
976 2885 1096 2926 quam
1129 2871 1178 2915 de
1203 2872 1298 2925 jure
1334 2872 1484 2914 habere
1521 2871 1744 2926 debuisseS,

19 2982 23 2985 .
77 2939 204 2984 frater
233 2945 328 2984 tuus
360 2943 587 2998 occupabit.
639 2942 695 2985 Et
724 2943 783 2985 sic
812 2943 965 2986 factum
998 2947 1070 2986 est.
