1929 3157
66 196 135 238 90.

67 338 135 380 91.

79 2332 144 2374 10.

80 2475 144 2516 11.

81 2615 146 2658 12.

81 2757 147 2799 13.

38 2950 41 2952 ,
84 2899 149 2940 14.

882 90 939 132 95

183 195 357 246 Quidam
391 209 462 237 rex
497 201 586 238 erat
616 196 764 238 nobilis
797 195 915 238 valde
947 197 988 238 in
1021 196 1138 250 cujus
1171 209 1296 249 regno
1329 200 1448 238 erant
1479 196 1558 237 duo
1581 195 1747 238 milites.

185 267 380 318 (Aussatz
415 280 488 308 aus
520 267 646 317 neid.)
694 267 763 310 lat.
795 269 886 309 1:31.

184 336 326 380 Gallus
360 339 401 379 in
433 338 599 380 civitate
632 352 802 380 romana
835 337 1055 393 [regnavit]
1091 338 1272 393 prudens
1307 338 1436 380 valde.
1495 337 1629 385 (Fisch
1663 352 1754 380 um—

186 409 370 460 kehren.)
417 410 638 463 ζει-[1162.

186 485 270 528 Das
302 486 426 529 letzte
458 486 562 529 blatt
596 490 720 529 unteu
753 486 897 540 defect,
931 486 1084 529 schlul's
1117 486 1230 529 fehlt.

458 685 600 720 xxvl.
640 684 729 721 Cod.
750 685 975 729 stuttgard.
993 685 1117 720 theol.
1137 685 1182 731 N,
1200 685 1265 730 20,
1293 685 1363 720 sol.

397 767 449 801 131.
468 768 704 802 281-292ὁ.
747 767 826 802 XV.
844 767 898 813 jh.
944 766 1230 812 Unvollstiindig.
1275 768 1320 802 38
1347 777 1424 812 cap.

187 874 328 917 Bricht
359 875 401 916 in
434 888 522 930 cap.
548 876 602 916 38
635 875 698 917 ab.
754 875 949 918 Meistens
981 889 1086 929 ganz
1118 875 1471 929 umgeschrieben.

188 951 395 1007 Incipiunt
426 952 683 995 Moralitates
717 966 767 994 ex
798 953 924 1006 gestis
957 952 1235 995 Romanorum
1271 956 1311 995 et
1341 953 1477 1008 primo

130 1080 138 1088 .
188 1046 250 1089 De
282 1047 461 1102 quadam
493 1047 652 1101 virgine
674 1046 923 1089 Custodibus
953 1048 1134 1103 quinque
1155 1048 1376 1089 commissa
1398 1051 1472 1090 etc.
1521 1046 1754 1102 Pompeyus

187 1132 273 1160 rex.
322 1117 537 1169 (Entffihrt
568 1118 651 1160 und
684 1118 939 1171 beschenkt.)
987 1119 1057 1161 lat.
1085 1121 1121 1161 1.

187 1189 250 1232 De
281 1194 405 1245 raptu
437 1189 612 1231 duarum
645 1189 862 1232 mulierum
896 1203 970 1246 per
1002 1204 1102 1245 quas
1119 1191 1290 1245 justicia
1312 1194 1387 1233 etc.
1437 1189 1564 1232 Cesar
1587 1189 1753 1232 Statuit.

189 1260 316 1311 (Zwei
346 1261 492 1303 frauen
526 1261 744 1313 entfiihrt.)
793 1261 864 1303 lat.
888 1263 929 1303 4.

131 1356 142 1374 .·
188 1331 251 1374 De
266 1332 420 1386 juvene
441 1333 695 1375 incarcerato
718 1337 759 1375 et
781 1347 852 1388 per
869 1333 1071 1387 virginem
1094 1332 1266 1375 liberato
1289 1346 1364 1389 per
1386 1346 1506 1387 quem
1528 1345 1656 1386 genus
1679 1335 1754 1374 etc.

188 1403 275 1446 Rex
308 1403 474 1458 quidam
523 1403 895 1456 (Raubertoehter.)
942 1404 1012 1446 lat.
1038 1404 1077 1446 5.

189 1474 252 1517 De
290 1474 424 1517 tribus
466 1475 728 1530 ymaginibus
760 1489 834 1531 per
867 1489 968 1530 quas
999 1475 1081 1517 tria
1112 1488 1264 1529 genera
1295 1475 1508 1517 hominum
1541 1478 1616 1517 etc.
1670 1473 1757 1516 Rex

189 1545 354 1601 quidam
388 1545 471 1588 Leo
503 1546 650 1588 dictus.
699 1546 889 1598 (Statuen
922 1546 1164 1598 bestehlen.)
1213 1546 1284 1588 lat.
1310 1547 1348 1588 8.

189 1616 252 1659 De
282 1616 437 1660 honore
469 1621 717 1672 parentum.¹
750 1618 984 1660 Dorotheus
1017 1618 1164 1660 statuit
1194 1631 1269 1673 pro
1301 1617 1455 1660 honore
1478 1620 1695 1673 parentum
1719 1619 1760 1658 et

190 1702 264 1744 pro
296 1689 398 1742 lege.
448 1688 591 1741 (Vater
622 1689 721 1731 oder
753 1693 905 1732 mutter
935 1689 1104 1743 folgen.)
1150 1689 1222 1731 lat.
1249 1690 1314 1730 14.

189 1759 252 1803 De
289 1765 423 1802 matre
458 1773 536 1814 que
567 1760 808 1814 ignoranter
839 1760 969 1802 filium
1003 1760 1184 1803 alienum
1217 1760 1364 1803 dilexit
1395 1764 1470 1803 etc.
1527 1759 1757 1815 Pympinus

190 1845 275 1874 rex.
324 1831 554 1883 (Stiefkind
585 1832 684 1874 oder
716 1832 887 1886 eignes.)
939 1832 1011 1874 lat.
1040 1833 1134 1873 116.

133 1936 142 1945 .
189 1903 253 1946 De
291 1903 457 1945 luxuria
492 1906 533 1945 et
565 1907 740 1957 quatuor
771 1903 1093 1946 condicionibus.
1151 1902 1462 1958 Sardanapulus
1494 1902 1581 1945 Rex
1615 1915 1757 1956 greco-

190 1988 295 2017 rum.
345 1973 577 2026 (Luxuria.)
626 1989 720 2030 app.
747 1975 785 2016 8.

190 2045 253 2088 De
283 2045 462 2088 utilitate
494 2046 653 2101 picture
687 2046 890 2101 scripture
923 2049 962 2088 et
994 2045 1215 2101 sculpture.
1273 2045 1360 2088 Rex
1393 2045 1560 2100 quidam
1593 2047 1753 2100 potens.

192 2116 458 2170 (Alexander,
494 2117 579 2159 vier
609 2116 920 2168 frauenbilder.)
972 2130 1070 2173 app.
1095 2118 1133 2158 7.

191 2187 254 2230 De
292 2188 466 2243 pigricia
502 2192 544 2230 et
582 2188 668 2242 ejus
709 2188 935 2244 speciebus.
998 2188 1203 2243 Regnavit
1240 2202 1313 2230 rex
1352 2187 1520 2243 quidam
1554 2186 1756 2242 pollemus

192 2259 338 2302 dictus.
388 2259 489 2311 (Der
519 2258 701 2310 faulste.)
748 2260 819 2301 lat.
844 2260 912 2301 91.

191 2330 255 2373 De
285 2330 539 2373 confidencia
570 2330 774 2385 quomodo
808 2333 940 2372 sanat.
997 2329 1229 2384 Gorgamus
1260 2343 1333 2372 rex
1366 2329 1417 2372 de
1449 2329 1586 2385 prima
1618 2341 1757 2371 uxore.

193 2402 336 2454 (Vater
367 2402 515 2455 heilen,
549 2404 702 2443 mutter
733 2401 878 2453 nicht.)
929 2401 1000 2443 lat.
1028 2402 1122 2443 112.

193 2473 326 2525 (Ohne
357 2473 637 2524 iiberschrift.)
693 2472 923 2528 Imperator
961 2472 1130 2528 quidam
1162 2471 1305 2515 volens
1337 2471 1587 2514 constituere
1618 2470 1760 2513 basili-

193 2557 296 2586 cam.
346 2543 638 2599 (Sarkophag.)
691 2543 762 2585 lat.
791 2544 856 2585 16.

194 2614 257 2658 De
289 2614 384 2657 alba
414 2628 540 2657 vacca
570 2618 743 2656 cornuta
773 2627 848 2670 per
880 2627 1003 2668 quam
1036 2614 1175 2657 anima
1206 2618 1281 2657 etc.
1329 2612 1500 2668 Legitur
1529 2613 1572 2655 in
1594 2611 1757 2655 fabulis.

195 2686 380 2740 (Argus.)
427 2685 497 2728 lat.
526 2687 619 2726 111.

195 2755 251 2798 Ut
281 2757 434 2799 veritas
466 2759 651 2798 taceatur
678 2757 719 2797 et
738 2755 855 2796 favor
875 2754 1088 2798 habeatur.
1136 2755 1300 2812 Egipcii
1323 2755 1506 2798 volentes
1528 2753 1652 2810 ydola
1672 2767 1758 2796 sua.

197 2827 289 2879 (Isis
320 2827 405 2869 und
438 2826 636 2882 Serapis.)
684 2826 755 2868 lat.
781 2827 848 2868 22.

196 2897 259 2940 De
291 2899 586 2952 ingratitudine
619 2898 823 2953 serpentis
855 2897 973 2951 ligati
1001 2900 1076 2940 etc.
1125 2897 1355 2953 Imperator
1377 2896 1544 2951 quidam
1568 2895 1665 2938 dum
1689 2908 1761 2951 per

198 2968 359 3011 silvam.
410 2968 630 3022 (Schlange
660 2968 807 3021 losen.)
855 2969 924 3011 lat.
954 2968 1047 3009 174.
