1919 3157
858 114 941 155 :389

714 235 810 289 183,
844 247 989 289 germ.
1016 236 1081 280 15.

180 327 318 371 Refert
349 330 548 374 Saturnus
588 335 692 388 quod
726 335 941 391 Dyogenes
982 338 1040 378 ita
1078 342 1166 380 erat
1202 340 1243 381 in
1277 347 1518 396 paupertate
1550 345 1721 398 positus,

65 398 171 452 quod
202 399 355 442 dolium
388 401 529 444 habuit
560 418 633 459 pro
666 405 798 459 domo,
838 408 951 460 cujus
983 408 1158 451 hostium
1193 411 1242 452 ad
1275 411 1398 454 solem
1433 427 1594 469 semper
1625 416 1723 458 diri-

63 469 198 522 gebat.
255 471 320 513 Ad
362 486 480 526 quem
523 475 561 516 in
602 476 684 518 sole
723 478 921 520 existente
968 492 1056 521 cum
1104 494 1173 522 rex
1213 481 1448 526 Alexander
1487 487 1725 529 accessisset

63 540 113 581 ad
145 554 236 583 eum
264 547 303 584 et
332 543 437 585 dixit
468 545 523 597 01,
557 547 662 600 quod
696 552 851 602 peteret
882 549 932 591 ab
957 563 1002 591 eo
1027 551 1222 606 quidquid
1247 554 1283 594 ei
1307 554 1498 609 placeret.
1547 557 1603 598 At
1632 557 1720 600 ille:

62 609 216 654 Vellem
240 626 312 668 pre
333 616 479 656 ceteris
502 621 545 657 ut
577 631 656 658 non
689 624 818 660 stares
850 620 956 662 inter
989 634 1053 663 me
1086 627 1126 664 et
1157 623 1296 678 solem,
1330 630 1370 667 et
1395 627 1452 668 sic
1472 626 1720 683 Alexander,

63 682 132 736 qui
164 696 303 726 omnes
335 686 525 729 naciones
558 689 667 741 vicit,
701 689 750 731 ab
782 690 850 732 illo
883 705 1062 747 paupere
1094 695 1224 736 victus
1257 699 1329 738 est.

178 755 393 798 Recluceio.
451 757 686 813 Karissimi,
735 775 806 816 per
844 762 968 804 istum
1008 778 1229 820 pauperem
1270 767 1512 821 intelligitur
1551 770 1722 824 quilibet

58 827 264 879 nostrum,
298 828 393 881 quia
424 828 523 870 dicit
553 831 786 884 psalmista:
826 832 1032 889 Pauperes
1063 836 1160 878 facti
1193 851 1333 880 sumus
1364 839 1498 882 nimis.
1552 840 1715 884 Dolium

58 899 120 937 est
149 896 234 938 vita
269 902 409 940 nostra
445 913 633 954 presenS,
673 916 767 944 nam
808 904 913 946 sicut
951 905 1102 949 dolium
1143 913 1205 951 est
1244 911 1435 953 versatile
1467 911 1516 954 de
1548 912 1634 954 loco
1667 913 1718 955 ad

57 965 210 1021 locum,
258 969 316 1011 sic
361 970 445 1012 vita
490 977 630 1014 nostra
669 987 837 1028 presens
884 976 934 1018 de
979 980 1088 1020 statu
1127 979 1177 1021 ad
1216 983 1381 1024 statum.
1443 982 1560 1025 Nunc
1596 984 1716 1027 homo

56 1037 257 1092 tristatur,
289 1053 396 1083 nunc
426 1055 522 1084 vero
553 1043 717 1099 letatur,
750 1060 857 1088 nunc
887 1048 1129 1091 infirmatur.
1187 1050 1302 1094 Unde
1333 1053 1374 1094 in
1405 1054 1484 1095 isto
1516 1054 1623 1097 dolio
1654 1069 1717 1098 se-

57 1108 198 1152 dentes
230 1111 255 1152 i.
280 1124 313 1153 e.
343 1113 385 1154 in
417 1114 502 1156 vita
533 1116 711 1170 presenti
744 1130 906 1173 semper
936 1119 1128 1163 debemus
1161 1122 1212 1163 ad
1250 1123 1432 1178 eristum,
1464 1125 1533 1179 qui
1564 1130 1626 1168 est
1655 1127 1716 1169 301

48 1179 230 1234 justicie,
261 1183 378 1225 verti.
430 1185 667 1228 Alexander
698 1201 889 1244 magnus,
923 1192 991 1245 qui
1024 1193 1158 1246 querit
1188 1193 1223 1235 si
1256 1193 1409 1249 aliquid
1441 1196 1612 1240 velimus
1644 1198 1714 1240 ha-

54 1250 160 1305 bere,
193 1255 256 1294 est
286 1254 502 1310 dyabolus,
543 1259 608 1311 qui
642 1259 759 1302 nobis
792 1261 970 1304 ostendit
1000 1263 1141 1305 mundi
1171 1265 1415 1320 vanitatem,
1447 1268 1564 1310 nobis
1597 1267 1715 1312 offert

53 1335 126 1364 sua
151 1323 349 1379 jochalia,
383 1340 406 1368 a
438 1340 515 1381 quo
546 1328 622 1370 hoc
653 1330 782 1373 solum
815 1332 1008 1375 debemus
1039 1338 1198 1390 petere,
1239 1349 1290 1378 ne
1321 1341 1402 1379 stet
1431 1338 1539 1381 inter
1568 1353 1641 1382 nos
1674 1344 1714 1383 et

51 1381 198 1448 solem,
237 1396 306 1450 qui
342 1410 424 1439 11011
464 1400 668 1453 permittit
704 1402 810 1456 quod
853 1403 896 1445 in
934 1417 980 1446 eo
1019 1409 1080 1447 est
1111 1407 1218 1460 quod
1248 1407 1330 1461 sol,
1369 1409 1394 1450 i.
1429 1423 1462 1451 e.
1497 1410 1566 1452 det
1594 1411 1711 1454 nobis

54 1463 186 1507 lucem
225 1468 361 1520 gracie
398 1482 481 1511 sue.
542 1470 619 1514 Sed
666 1485 760 1528 sepe
807 1475 923 1529 ponit
967 1475 1123 1531 aliquid
1159 1479 1384 1534 temporale
1419 1481 1526 1523 inter
1560 1495 1634 1524 nos
1672 1487 1712 1525 et

50 1535 198 1590 solem,
236 1538 263 1579 i.
287 1552 319 1581 e.
344 1539 484 1594 deum,
525 1543 631 1596 quod
671 1557 909 1600 separamur
947 1546 997 1589 ab
1036 1561 1095 1590 eo.
1147 1548 1425 1593 Amoveamur
1464 1566 1559 1606 ergo
1591 1567 1710 1597 omne

50 1606 390 1663 impedimentum
422 1612 529 1654 inter
560 1627 634 1656 nos
667 1618 707 1656 et
737 1615 880 1671 deum,
916 1622 961 1659 ut
991 1618 1127 1660 oculos
1159 1625 1320 1663 nostros
1353 1622 1404 1664 ad
1436 1636 1528 1666 eum
1560 1625 1710 1680 diriga-

48 1691 139 1720 mus
170 1683 212 1722 et
240 1680 328 1736 ipse
358 1684 596 1739 properabit
625 1686 734 1728 viam
765 1692 961 1731 nostram.
1014 1689 1129 1740 Quod
1159 1691 1249 1747 ipse
1280 1697 1465 1748 prestare
1497 1698 1571 1738 010.

690 1969 788 2025 184,
822 1982 966 2025 germ.
991 1972 1062 2016 16.

159 2062 298 2106 Refert
328 2063 514 2108 Valerius
545 2067 648 2111 libro
679 2072 806 2114 tercio
839 2073 945 2127 quod
976 2087 1078 2129 puer
1107 2074 1270 2130 nobilis,
1310 2075 1547 2120 Alexandro
1580 2080 1704 2122 sacri-

43 2131 181 2177 ficanti
213 2135 421 2191 assistens,
454 2143 614 2195 errepto
644 2141 851 2185 thuribulo
883 2145 1005 2187 carbo
1037 2145 1185 2188 ardens
1215 2147 1259 2189 in
1289 2147 1501 2191 brachium
1522 2149 1704 2206 dilapsus

44 2208 116 2247 est.
148 2204 204 2248 Et
222 2205 318 2249 licet
339 2212 524 2251 ureretur
543 2211 602 2253 ita
623 2213 730 2266 quod
752 2214 851 2256 odor
873 2215 923 2257 ad
945 2216 1255 2261 circumstantes
1278 2220 1469 2273 venisset,
1492 2220 1701 2264 brachium

41 2277 179 2318 tamen
209 2277 418 2321 immobile
448 2281 591 2336 tenuit,
623 2296 674 2326 ne
695 2284 939 2329 sacrificium
963 2287 1194 2344 impediret.
1234 2290 1471 2334 Alexander
1491 2306 1587 2335 vero
1610 2307 1700 2336 eum

42 2348 215 2390 cremari
247 2350 449 2405 permisit,
482 2353 540 2395 sic
570 2354 709 2398 volens
741 2370 913 2411 puerum
945 2360 1137 2415 experiri.

158 2420 374 2463 Reduccio.
428 2422 666 2480 Karissimi‚
708 2441 780 2483 per
812 2429 936 2471 istum
973 2430 1278 2486 Alexandrum,
1318 2433 1387 2488 qui
1426 2447 1565 2477 omnes
1602 2436 1702 2478 vicit

44 2489 249 2545 naciones,
281 2492 524 2547 intelligitur
552 2495 723 2553 01131113,
755 2500 825 2554 qui
854 2505 995 2543 contra
1025 2502 1244 2558 dyabolum
1277 2508 1316 2546 et
1346 2505 1543 2548 mundum
1574 2507 1700 2549 victo-

39 2560 143 2603 riam
175 2561 351 2606 obtinuit
381 2565 486 2607 sicut
515 2566 690 2622 ipsemet
719 2569 837 2612 dicit:
880 2570 1099 2628 Confidite,
1140 2574 1235 2629 quia
1262 2588 1346 2630 ego
1378 2576 1458 2618 vici
1488 2577 1696 2620 mundum.

40 2630 250 2687 Optimum
281 2634 522 2678 sacrificium
554 2638 663 2693 fecit,
696 2639 792 2682 dum
824 2655 897 2696 pro
928 2643 1045 2686 nobis
1068 2645 1173 2687 mori
1193 2645 1334 2688 voluit.
1374 2646 1480 2690 Puer
1503 2648 1697 2692 assistens

39 2700 275 2747 Alexandro
307 2706 552 2750 sacrificanti
583 2713 644 2752 est
675 2711 845 2765 quilibet
873 2717 1073 2769 nostrum,
1106 2715 1201 2771 quia
1233 2717 1475 2760 sacrificium
1498 2719 1696 2763 bonorum

39 2785 207 2829 operum
245 2774 389 2819 offerre
427 2777 619 2822 debemus
656 2781 738 2835 illi,
778 2783 847 2837 qui
884 2797 926 2826 se
966 2798 1040 2841 pro
1078 2786 1194 2829 nobis
1234 2788 1394 2844 optulit.
1455 2788 1694 2834 Psalmista:

39 2843 272 2890 Sacrificate
304 2848 547 2892 sacrificium
572 2851 749 2905 justicie.
804 2853 936 2897 Carbo
969 2856 1114 2900 ardens
1155 2859 1265 2901 cadit
1305 2873 1427 2915 super
1465 2874 1560 2916 nos,
1599 2861 1695 2905 dum

38 2915 234 2972 dyabolus
266 2918 403 2974 aliqua
432 2922 706 2977 temptacione
736 2924 881 2967 nititur
904 2925 1012 2968 bona
1042 2940 1168 2984 opera
1198 2932 1341 2971 nostra
1364 2930 1575 2986 impedire.
1620 2932 1697 2976 Est

22 2976 146 3030 'enim
176 2991 395 3045 temptacio
429 2992 545 3047 quasi
575 2993 694 3047 ignis.
726 2993 963 3040 Psalmista:
995 2997 1092 3052 Igne
1122 3013 1187 3042 me
1218 3001 1463 3044 examinasti
1493 3006 1566 3046 etc.
1615 3003 1693 3046 Sed
