1949 3162
983 39 1066 80 (302

190 150 305 192 flexis
338 148 508 202 genibus
541 161 677 189 coram
711 147 960 201 imperatore
992 145 1116 186 dixit:
1158 145 1333 186 Domine
1365 145 1419 185 mi
1460 143 1700 195 reverende,
1741 156 1858 183 num-

190 221 286 275 quid
317 220 392 261 tibi
425 219 560 274 placet
591 218 698 272 quod
730 231 804 273 pro
838 221 954 272 patre
985 216 1157 257 moriam
1197 220 1237 257 et
1276 215 1351 256 hoc
1388 218 1482 269 peto
1521 214 1733 255 instanter.
1786 213 1860 254 Ait

190 293 432 346 imperator:
471 289 596 331 Michi
628 289 729 331 bene
762 288 909 344 placet,
942 287 999 328 ita
1031 291 1168 328 tamen
1201 287 1307 340 quod
1339 300 1444 327 unus
1477 299 1526 327 ex
1559 285 1672 327 vobis
1710 284 1859 325 moria·

189 366 267 405 tur.
323 361 380 403 At
410 360 497 402 ille:
540 360 737 413 Domine,
780 359 953 400 multum
986 358 1059 399 tibi
1092 358 1298 410 regracior
1331 357 1437 411 quod
1469 356 1592 397 michi
1623 355 1860 397 concessisti

191 433 297 487 quod
335 432 504 474 debeam
544 431 648 472 mori
687 445 761 486 pro
803 434 918 485 patre
957 442 1060 471 meo.
1112 428 1205 469 Jam
1247 432 1339 483 peto
1378 431 1471 469 ante
1513 431 1684 468 mortem
1726 439 1861 467 meam

190 509 272 546 tres
304 503 528 559 peticiones
562 502 786 544 secundum
819 501 964 554 legem.
1019 500 1091 542 Ait
1132 513 1222 541 rex:
1263 499 1352 540 Non
1392 512 1557 553 possum
1591 497 1666 539 tibi
1697 510 1859 550 negare.

189 575 265 625 Qui
306 575 381 616 ait:
429 574 606 615 Tantum
655 573 815 614 unicam
854 571 981 613 filiam
1021 571 1165 625 habes,
1205 574 1299 625 peto
1339 574 1384 611 ut
1422 583 1503 611 una
1540 573 1658 611 nocte
1699 580 1860 610 mecum

189 646 378 688 dormiat.
413 645 485 687 1110
516 657 613 686 vero
646 644 847 686 concessit
879 643 1065 697 quamvis
1097 642 1264 683 invitus.
1317 641 1471 682 Tamen
1504 653 1593 682 eam
1625 653 1707 681 non
1739 637 1862 681 deflo-

189 717 318 759 rabat.
367 716 410 758 ln
444 716 519 758 hoc
549 716 638 770 ipse
670 715 845 756 multum
879 714 1032 769 placuit
1062 712 1313 768 imperatori.
1366 711 1525 754 Deinde
1557 710 1735 752 secunda
1770 723 1863 752 mea

190 788 338 844 peticio
373 791 447 839 est,
480 791 576 842 peto
608 790 740 829 totum
772 790 887 828 tuum
921 785 1170 827 thesaurum.
1210 783 1297 825 Rex
1331 796 1425 824 vero
1449 782 1702 837 stupefactus
1725 785 1861 823 tamen

190 859 298 914 quod
330 859 478 914 petivit
509 857 699 913 optinuit.
755 857 928 912 Accepit
964 856 1200 898 thesaurum
1243 859 1374 896 totum
1414 858 1454 896 et
1491 854 1598 896 inter
1636 853 1783 894 divites
1807 842 1863 894 ¹et

190 944 392 986 pauperes
425 929 633 971 dividebat
664 929 722 970 ita
755 928 861 982 quod
895 927 1147 969 voluntatem
1179 927 1310 968 tocius
1345 925 1484 980 populi
1516 924 1706 980 optinuit.
1749 923 1863 965 Tunc

190 1002 268 1043 ait:
302 1001 478 1043 Domine
509 1001 565 1042 mi
598 1014 685 1053 rex,
718 999 845 1041 tercia
866 999 1015 1053 peticio
1048 1012 1139 1040 mea
1171 1001 1233 1039 est
1262 997 1362 1038 ista:
1396 1000 1489 1052 peto
1522 1000 1566 1038 ut
1589 1008 1729 1038 omnes
1758 994 1863 1036 oculi

191 1072 373 1114 omnium
414 1072 557 1113 horum
602 1071 651 1112 de
690 1070 893 1125 capitibus
934 1074 1150 1122 eruantur,
1193 1069 1261 1123 qui
1298 1069 1489 1110 viderunt
1528 1071 1686 1123 patrem
1727 1079 1861 1107 meum

190 1144 393 1199 pectinem
427 1144 468 1184 in
502 1142 673 1184 scutella
713 1144 951 1183 vertentem.
1001 1140 1088 1182 Hoc
1121 1141 1289 1182 audiens
1323 1141 1547 1195 imperator
1578 1138 1674 1181 fecit
1711 1137 1864 1191 inquiri

192 1215 281 1269 quis
314 1214 378 1257 vel
411 1215 478 1268 qui
512 1213 691 1255 viderint
721 1213 911 1255 comitem
945 1215 1102 1254 vertere
1134 1212 1338 1267 pectinem
1369 1212 1410 1252 in
1434 1209 1615 1252 scutella.
1655 1209 1781 1251 Facta
1803 1211 1865 1250 est

190 1286 419 1340 inquisicio.
468 1285 675 1339 Cogitavit
704 1284 1006 1338 unusquisque:
1048 1283 1091 1325 Si
1124 1296 1196 1337 ego
1231 1283 1372 1325 dixero
1406 1282 1550 1323 amitto
1583 1280 1719 1323 oculos
1752 1293 1864 1322 meos

193 1361 232 1400 et
263 1358 321 1399 810
352 1357 567 1410 secundus,
599 1356 749 1398 tercius
782 1358 822 1397 et
854 1359 1035 1409 quartus.
1069 1354 1186 1397 Unde
1219 1367 1359 1396 omnes
1391 1354 1619 1395 timuerunt
1648 1352 1862 1395 veritatem

192 1429 327 1471 dicere
357 1429 417 1470 ita
449 1428 557 1482 quod
587 1441 669 1469 non
701 1427 906 1469 fatebatur
938 1440 1042 1468 unus
1077 1439 1119 1468 se
1152 1425 1306 1467 dixisse
1334 1430 1374 1467 et
1394 1425 1546 1467 vidisse
1567 1424 1683 1466 illum
1705 1426 1865 1466 vertere

193 1501 395 1555 pectinem
427 1500 470 1541 in
502 1499 684 1541 scutella.
719 1498 947 1553 Imperator
980 1497 1054 1539 1100
1087 1497 1255 1539 audiens
1289 1497 1401 1538 dedit
1430 1510 1504 1551 pro
1536 1496 1690 1549 judicio
1722 1498 1768 1537 ut
1798 1507 1864 1537 00-

193 1585 277 1613 11108
310 1572 397 1613 81110
428 1571 582 1613 10810110
614 1571 810 1612 transiret
842 1574 882 1611 et
911 1568 1019 1610 filius
1053 1569 1138 1622 ejus
1171 1567 1295 1609 filiam
1330 1568 1459 1623 ipsius
1496 1567 1656 1609 unicam
1689 1567 1732 1608 in
1764 1579 1864 1608 uxo—

192 1657 278 1686 rem
319 1643 506 1696 duceret,
546 1645 586 1684 et
625 1642 683 1683 sic
723 1645 784 1684 est
822 1641 989 1683 factum.
1042 1639 1255 1682 Decedens
1293 1639 1518 1695 imperator
1557 1637 1664 1680 filius
1703 1637 1864 1679 comitis

193 1715 324 1756 factus
358 1717 419 1756 est
449 1727 522 1755 rex
554 1713 663 1754 illius
696 1713 810 1766 regni
844 1713 913 1767 qui
945 1712 1044 1754 satis
1079 1711 1302 1766 prudenter
1333 1724 1503 1763 regnum
1536 1709 1716 1763 regebat.

310 1787 526 1827 Reducem.
576 1784 807 1836 Karissimi,
840 1785 917 1826 iste
950 1784 1176 1838 imperator
1208 1786 1269 1824 est
1301 1787 1418 1837 pater
1449 1780 1610 1823 celestis
1643 1780 1711 1835 qui
1741 1780 1863 1822 istam

191 1857 322 1910 legem
356 1856 481 1910 dedit,
514 1856 620 1910 quod
644 1856 815 1910 quilibet
846 1859 1005 1911 partem
1040 1854 1238 1896 albedinis
1270 1853 1500 1895 comederet
1531 1855 1571 1894 et
1601 1851 1712 1893 nullo
1743 1851 1863 1893 modo

192 1928 461 1982 nigredinem,
499 1927 575 1969 1100
607 1931 668 1969 081
698 1928 865 1981 dictum,
899 1927 998 1969 deus
1031 1925 1237 1967 ordinavit
1268 1925 1375 1979 quod
1408 1923 1579 1979 quilibet
1608 1923 1716 1966 bona
1747 1936 1863 1964 mun-

193 2000 300 2041 dana
331 1999 497 2041 deberet
528 1999 587 2040 uti
620 1999 843 2040 secundum
877 1998 1090 2040 veritatem
1125 2001 1320 2051 quantum
1346 1997 1397 2038 ad
1418 1996 1569 2038 victum
1593 1998 1633 2037 et
1655 1995 1862 2048 vestitum,

193 2074 233 2112 et
263 2084 343 2112 non
375 2071 435 2111 uti
468 2070 582 2112 bonis
616 2070 834 2111 mundanis
875 2073 1071 2123 quantum
1113 2069 1163 2110 ad
1203 2071 1363 2123 partem
1403 2067 1650 2121 nigredinis,
1689 2066 1764 2107 hoc
1803 2069 1865 2107 est

194 2156 266 2197 per
297 2142 531 2194 mendacia,
562 2141 691 2195 furta,
724 2141 936 2196 rapinam,
978 2141 1217 2193 homicidia,
1259 2153 1423 2192 usuras,
1457 2142 1498 2181 et
1529 2139 1758 2193 quicunque
1787 2137 1864 2179 1100

192 2211 335 2255 fecerit
367 2227 420 2254 80.
445 2213 551 2254 bona
582 2212 791 2254 mundana
821 2225 896 2267 per
927 2212 1141 2253 mendacia
1172 2210 1419 2265 acquirendo
1453 2210 1540 2252 sine
1574 2209 1695 2251 dubio
1732 2212 1864 2251 morte

193 2288 334 2326 eterna
355 2284 565 2325 morietur.
614 2283 758 2325 Comes
791 2296 883 2325 cum
915 2283 998 2325 filio
1032 2283 1100 2337 qui
1132 2286 1301 2324 venerat
1332 2286 1423 2336 etc.,
1456 2285 1518 2323 est
1539 2281 1672 2323 Adam
1705 2281 1863 2336 primus

192 2359 330 2411 pater,
372 2355 441 2409 qui
482 2354 586 2396 male
626 2354 749 2396 vertit
787 2354 1012 2409 pectinem,
1053 2353 1215 2408 quando
1254 2357 1396 2395 contra
1434 2353 1499 2394 dei
1537 2355 1776 2407 preceptum
1814 2350 1864 2393 de

193 2440 314 2481 pomo
347 2426 542 2479 comedit,
581 2425 686 2466 unde
719 2429 902 2467 eternam
935 2429 1109 2467 mortem
1142 2425 1303 2467 meruit.
1353 2424 1584 2478 Vidensque
1621 2422 1729 2464 filius
1768 2422 1794 2463 i.
1827 2435 1861 2464 e.

194 2498 382 2539 dominus
423 2500 562 2538 noster
602 2496 739 2538 [hesus
778 2495 965 2538 Christus
1005 2497 1072 2551 qui
1114 2500 1202 2538 erat
1239 2495 1347 2537 filius
1389 2495 1475 2549 ejus
1513 2493 1735 2536 secundum
1775 2506 1863 2535 car·
1904 2536 1910 2539 ,

194 2582 308 2621 nem,
343 2568 451 2623 quod
482 2581 524 2609 se
551 2568 698 2621 juvare
731 2581 810 2608 non
843 2572 1001 2622 posset,
1035 2581 1109 2622 pro
1141 2581 1184 2609 se
1215 2567 1300 2620 regi
1334 2566 1473 2608 celesti
1503 2565 1651 2608 obtulit
1680 2565 1721 2606 in
1753 2578 1862 2606 mor-

194 2643 274 2681 tem
309 2640 446 2681 dicens
477 2638 649 2680 Judeis:
690 2638 777 2691 Ego
817 2653 930 2693 sum,
972 2639 1093 2680 sinite
1126 2638 1197 2679 hos
1238 2637 1361 2679 abire.
1414 2637 1523 2679 Ante
1562 2640 1737 2678 mortem
1767 2649 1863 2678 vero

195 2714 278 2751 tres
317 2710 542 2765 peticiones
583 2710 739 2764 petivit.
793 2709 932 2751 Prima
972 2710 1121 2765 peticio
1159 2723 1233 2764 pro
1271 2708 1355 2750 filia
1392 2708 1418 2749 i.
1453 2721 1485 2749 e.
1520 2708 1656 2749 anima
1695 2711 1740 2749 111
1778 2707 1863 2761 ejus

195 2785 302 2823 esset
341 2794 492 2836 sponsa
523 2781 645 2835 juxta
683 2781 783 2822 illud
823 2781 952 2823 Osee:
994 2781 1260 2836 Desponsabo
1299 2779 1424 2822 michi
1455 2792 1543 2820 eam
1575 2779 1616 2820 in
1649 2777 1739 2820 fide.
1792 2777 1864 2820 Se-

197 2852 331 2893 cunda
361 2853 511 2907 peticio
544 2855 630 2894 erat
662 2852 770 2906 quod
802 2853 979 2906 quesivit
1009 2856 1141 2894 totum
1163 2852 1398 2894 thesaurum
1432 2851 1457 2892 i.
1481 2864 1514 2892 0.
1537 2853 1668 2891 10111111
1690 2863 1860 2903 regnum

200 2923 348 2965 celeste
388 2937 461 2979 pro
502 2937 649 2977 genere
691 2923 868 2967 humano
904 2925 1025 2979 juxta
1064 2923 1185 2965 illud:
1234 2922 1300 2964 Sic
1346 2922 1548 2977 disposuit
1585 2921 1708 2962 11110111
1747 2923 1864 2976 pater
