1919 3157
879 63 961 104 639

87 167 170 210 lani
200 167 307 209 dixit
339 167 434 209 sibi:
475 168 615 209 maria.
668 168 723 209 At
755 167 824 209 illa
855 181 1049 210 conversa
1088 168 1277 219 cognovit.
1309 181 1445 210 vocem
1480 167 1610 220 lbesu,
1642 182 1748 222 genu

86 237 202 280 flexit
240 243 280 280 et
319 238 505 279 adoravit
543 243 583 280 et
620 239 791 280 osculari
833 238 961 280 voluit
992 238 1114 293 pedes
1153 239 1238 291 ejus
1271 243 1309 280 et
1341 239 1399 280 sic
1431 240 1609 282 ostendit
1637 239 1746 281 labo-

87 321 171 350 rem
211 309 307 362 quia
345 322 435 350 cum
469 308 596 350 adhuc
628 309 792 351 tenebre
830 314 965 351 essent
997 310 1107 351 venit
1138 309 1186 350 ad
1219 315 1526 351 monumentum
1562 310 1677 352 lbesu
1710 315 1750 352 et

86 379 142 421 ibi
182 378 317 421 stabat
355 379 533 434 plorans,
589 379 725 421 Tertio
765 380 941 422 ostendit
978 379 1181 421 dulcorem
1223 381 1317 434 quia
1355 381 1591 422 recedendis
1629 382 1748 423 disci-

85 449 193 505 pulis
233 463 313 492 non
352 450 565 492 recedebat
603 454 642 492 et
681 451 830 492 amoris
865 452 949 504 ejus
983 452 1075 503 igne
1107 464 1299 492 succensa
1333 451 1501 492 ardebat
1533 452 1746 494 desiderio.

85 519 238 571 Quarto
270 521 448 563 ostendit
479 521 817 574 consolationem,
856 522 950 576 quia
982 522 1168 577 prevenit
1198 535 1345 577 corpus
1379 535 1528 575 ungere
1560 523 1674 565 ihesu
1708 524 1747 565 in

85 591 282 647 sepulcro.

751 773 847 827 241,
880 786 982 828 app.
1005 773 1077 816 45.

200 873 331 916 Homo
363 874 527 928 quidam
561 879 648 916 erat
677 888 803 930 purus
836 874 1123 916 melancolicus
1155 875 1223 928 qui
1256 875 1457 917 intantum
1491 876 1568 917 fuit
1599 876 1744 918 debili-

81 949 192 987 tatus
225 948 265 987 et
296 945 473 1000 propriis
507 946 658 987 viribus
690 959 846 988 necnon
879 946 1064 988 sensibus
1098 946 1293 1001 privatus,
1327 947 1433 1001 quod
1467 961 1508 989 se
1540 948 1746 1002 reputavit

83 1016 199 1071 quasi
232 1020 436 1058 mortuum
462 1021 501 1058 et
532 1017 673 1058 nolens
705 1015 915 1059 comedere
947 1030 1077 1072 neque
1101 1017 1239 1059 bibere
1272 1031 1345 1059 nec
1377 1018 1599 1073 quidquam
1632 1018 1745 1060 aliud

79 1086 227 1129 facere.
282 1086 460 1140 Eligitur
491 1087 584 1129 huic
615 1087 794 1129 medicus
827 1088 874 1129 ad
908 1088 1131 1130 curandum
1164 1088 1233 1131 sed
1267 1089 1390 1130 nichil
1422 1089 1614 1144 profecit,
1655 1094 1745 1131 tan-

81 1157 172 1200 dem
203 1158 300 1200 fecit
331 1158 572 1200 medicinam
605 1159 647 1200 in
670 1159 775 1201 hunc
797 1159 974 1201 modum.
1021 1159 1203 1201 Reclusit
1235 1173 1324 1202 eum
1357 1161 1396 1201 in
1426 1160 1513 1201 loco
1546 1159 1744 1202 obschuro

80 1228 199 1271 valde
230 1233 271 1271 et
301 1228 496 1271 solitario.
556 1229 738 1272 Medicus
770 1230 947 1285 acceptis
980 1230 1220 1285 quibusdam
1253 1231 1381 1273 servis
1413 1231 1497 1273 suis
1530 1245 1670 1273 omnes
1701 1237 1747 1273 ut

80 1313 161 1342 non
200 1301 387 1354 cognosci
426 1305 594 1355 possent
631 1301 758 1354 nigris
791 1301 1043 1343 vestimentis
1079 1302 1289 1357 cooperire
1320 1303 1416 1345 fecit
1447 1307 1487 1345 et
1516 1302 1655 1344 multis
1688 1302 1745 1344 al-

79 1362 174 1413 latis
204 1371 369 1414 ferculis
400 1372 440 1413 in
462 1371 593 1413 locum
614 1373 827 1415 obscurum
853 1372 901 1414 ad
925 1386 1064 1425 egrum
1088 1374 1332 1427 perveniunt
1352 1373 1503 1415 ibidem
1526 1374 1745 1416 comesturi

81 1445 122 1484 et
160 1442 340 1485 bibituri.
388 1442 493 1492 Quid
532 1443 674 1498 plura?
721 1443 899 1485 Tandem
940 1444 1124 1499 percepit
1161 1457 1256 1496 eger
1292 1445 1370 1486 iste
1410 1445 1666 1487 comedentes
1706 1450 1746 1487 et

80 1512 277 1556 bibentes.
332 1513 406 1564 Qui
447 1514 529 1555 sint
566 1514 748 1568 inquirit.
807 1513 881 1556 Cui
919 1515 1120 1557 medicus:
1168 1516 1318 1557 mortui
1357 1529 1509 1557 sumus.
1562 1516 1619 1557 At
1655 1515 1742 1558 ille:

79 1583 212 1634 Quare
243 1585 499 1627 commeditis
531 1588 571 1627 et
602 1584 740 1627 bibitis
773 1589 813 1627 et
842 1585 912 1627 leti
944 1586 1054 1638 estis,
1087 1598 1177 1628 cum
1211 1587 1301 1629 sitis
1334 1586 1508 1628 mortui?
1554 1586 1629 1628 C-ui
1660 1600 1745 1629 me-

79 1655 216 1698 dicus:
270 1655 345 1698 hoc
390 1669 414 1698 a
460 1656 534 1698 deo
587 1657 793 1698 consecuti
840 1670 1000 1710 sumus,
1047 1657 1153 1711 quod
1201 1661 1386 1713 tempore
1430 1657 1546 1699 nobis
1593 1657 1744 1712 placito

79 1726 291 1769 comedere
329 1731 370 1769 et
409 1727 546 1769 bibere
577 1727 760 1769 valemus
798 1731 838 1770 et
869 1727 972 1770 hanc
1004 1728 1171 1771 eandem
1204 1730 1378 1782 gratiam
1411 1728 1485 1770 tibi
1518 1742 1541 1770 a
1572 1728 1646 1771 deo
1678 1743 1744 1771 ro-

79 1811 237 1852 gamus,
269 1801 315 1840 ut
346 1801 386 1840 et
416 1801 474 1851 tu,
506 1798 575 1853 qui
596 1802 781 1841 mortuus
804 1812 860 1853 es,
892 1799 927 1841 si
959 1800 1018 1841 vis
1050 1800 1262 1842 comedere
1293 1804 1334 1842 et
1363 1799 1501 1842 bibere
1532 1800 1744 1843 nobiscum

78 1869 246 1924 poteris.
293 1868 403 1922 Eger
433 1869 664 1924 respondit:
703 1870 842 1925 utique
881 1871 1089 1914 vobiscum
1122 1884 1267 1913 cenare
1298 1874 1440 1926 potero
1473 1874 1513 1913 et
1543 1871 1741 1914 desidero.

78 1938 194 1990 Quod
237 1939 470 1994 intelligens
515 1940 696 1983 medicus
740 1941 941 1996 quoddam
984 1943 1021 1984 ei
1059 1942 1205 1985 obtulit
1243 1941 1584 1997 medicamentum
1627 1943 1743 1986 valde

78 2010 178 2053 utile
226 2015 267 2053 et
310 2011 461 2053 iterum
509 2011 683 2067 amplius
725 2026 934 2067 quousque
971 2014 1187 2056 sanitatem
1228 2017 1267 2055 et
1303 2012 1617 2066 intelligentiam
1655 2013 1741 2069 ple-

78 2082 193 2125 narie
223 2083 450 2136 acquisivit.
497 2082 605 2136 Eger
635 2083 704 2125 ille
736 2083 855 2126 homo
886 2088 1076 2139 peccator
1107 2087 1181 2137 est,
1215 2083 1395 2126 medicus
1422 2097 1517 2126 vero
1540 2083 1740 2139 Christus,

78 2153 147 2208 qui
178 2157 224 2194 ut
254 2166 395 2206 egrum
410 2154 614 2206 jacentem
647 2155 688 2196 in
711 2155 880 2197 obscuro
913 2156 954 2197 in
977 2155 1114 2198 lumbo
1141 2155 1290 2197 inferni
1313 2158 1486 2207 curaret,
1520 2156 1742 2211 assumpsit

77 2224 322 2266 vestimenta
360 2224 478 2277 nigra
523 2224 548 2265 i.
580 2238 612 2266 e.
655 2225 950 2268 humanitatem
990 2231 1171 2268 nostram
1206 2226 1309 2267 vicio
1352 2225 1628 2279 denigratam,
1669 2227 1739 2269 sed

76 2295 165 2351 ipse
197 2295 246 2337 ab
279 2295 387 2336 omni
419 2300 584 2350 peccato
615 2296 809 2339 immunis
842 2298 952 2339 venit
983 2298 1024 2339 in
1045 2297 1152 2339 hunc
1173 2297 1370 2339 mundum
1404 2300 1570 2352 portans
1602 2310 1737 2340 secum

77 2366 305 2408 antidotum
337 2365 479 2408 salutis
511 2370 649 2409 eterne
679 2367 828 2410 docens
860 2372 900 2410 et
930 2369 1146 2411 ostendens
1178 2369 1286 2410 viam
1308 2372 1463 2410 rectam
1493 2368 1610 2411 nobis
1632 2369 1739 2423 egris

75 2436 102 2479 i.
126 2450 159 2479 e.
192 2436 486 2492 peccatoribus,
518 2451 727 2492 quousque
759 2439 1044 2494 perveniamus
1076 2440 1127 2482 ad
1157 2452 1327 2493 regnum
1359 2439 1551 2481 celorum.

737 2689 838 2745 242,
872 2703 974 2746 app.
997 2690 1072 2734 46.

190 2788 333 2831 Puella
363 2788 535 2843 quedam
568 2788 686 2832 valde
715 2789 885 2845 pulchra
915 2791 942 2831 5
972 2791 1120 2834 fratres
1158 2791 1335 2833 habebat
1372 2790 1489 2832 valde
1520 2803 1735 2846 pauperes,

75 2859 166 2915 ipsa
205 2873 300 2902 vero
339 2859 514 2902 habebat
551 2873 676 2901 unum
716 2860 894 2916 lapidem
941 2861 1058 2904 valde
1095 2863 1324 2917 preciosum
1371 2875 1424 2904 sc.
1469 2861 1735 2915 margaritam

76 2943 267 2985 magnam
300 2934 341 2973 et
372 2930 521 2972 valoris
552 2931 689 2984 magni
721 2931 854 2986 pretii.
908 2931 1083 2974 Istorum
1118 2933 1292 2975 fratrum
1325 2945 1428 2974 unus
1460 2936 1549 2974 erat
1579 2933 1735 2974 sonitor
