1919 3157
868 118 952 160 355

749 242 850 283 ΕΑΓ.
875 242 942 282 515.
977 243 1080 290 (4²¹5.)

657 328 723 371 De
758 329 974 371 memoria
1013 328 1179 372 mortis.

195 433 284 489 [41]
319 434 492 484 Quidam
525 435 714 490 princeps
745 439 833 477 erat
863 436 930 488 qui
961 434 1133 476 multum
1165 433 1445 476 delectabatur
1467 434 1619 476 venari.
1669 433 1750 475 Ac-

74 507 172 549 cidit
194 506 334 558 semel,
368 505 473 560 quod
497 519 586 546 cum
613 506 661 547 ud
687 506 916 548 venandum
942 506 1204 560 perrexisset,
1238 518 1335 546 casu
1358 509 1560 546 mercator
1583 504 1748 558 quidam

75 592 148 633 per
179 577 348 620 eandem
384 577 489 618 viam
524 582 686 618 secutus
720 582 793 629 est,
828 577 1050 630 vidensque
1080 576 1310 631 principem
1338 575 1564 617 formosum
1597 578 1637 616 et
1658 588 1751 628 gra-

75 650 228 690 ciosum
270 648 525 690 vestimentis
566 649 761 702 preciosis
802 648 1012 699 indutum,
1054 647 1111 688 ait
1151 647 1192 687 in
1234 646 1355 687 corde
1387 659 1481 687 suo:
1522 646 1554 687 O
1587 646 1751 687 domine

75 720 193 770 deus,
234 719 354 760 homo
395 719 472 760 iste
512 718 684 760 multum
727 719 801 760 tibi
841 722 1022 768 tenetur3
1075 730 1166 759 ecce
1208 730 1330 771 quam
1368 717 1572 758 formosus
1612 720 1673 758 est
1713 719 1754 758 et

75 796 264 832 strenuus
298 794 337 832 et
369 791 599 843 graciosus,
634 795 674 831 et
706 803 867 841 omnes,
908 789 976 843 qui
1010 792 1104 830 sunt
1136 789 1176 829 in
1210 789 1297 842 ejus
1330 788 1546 841 comitatu,
1584 787 1752 829 honeste

76 862 221 903 induti.
278 860 367 903 Hiis
413 862 601 914 cogitatis
648 861 753 902 dixit
800 861 868 902 uni
919 874 968 902 ex
1015 859 1175 901 familia
1221 859 1442 914 principis:
1495 857 1572 900 Dic
1613 857 1752 911 michi,

75 933 300 985 carissime,
333 932 522 973 dominus
556 937 691 974 vester
723 931 854 986 qualis
888 932 974 973 est?
1006 931 1082 981 Qui
1106 931 1186 972 ait:
1219 930 1296 972 Est
1317 930 1506 971 dominus
1529 928 1751 971 multarum
1781 938 1824 971 10

74 1009 299 1056 terrarum,
338 1008 379 1045 et
411 1008 556 1058 potens
589 1003 706 1045 valde
745 1003 786 1044 in
820 1016 918 1044 auro
958 1007 998 1045 et
1031 1006 1200 1056 argento
1242 1015 1288 1043 ac
1318 1000 1489 1043 familia.
1540 1000 1614 1041 Ait
1646 1013 1753 1042 mer-

75 1080 208 1118 cator:
242 1074 416 1117 Multum
449 1079 610 1116 tenetur
643 1075 730 1129 ipse
763 1074 858 1123 deo:
892 1074 1095 1115 formosus
1119 1076 1182 1115 est
1209 1076 1250 1114 et
1280 1071 1444 1127 sapiens
1467 1071 1575 1113 inter
1597 1084 1753 1124 omnes,

75 1160 175 1201 quos
208 1159 401 1200 umquam
436 1145 531 1186 vidi.
584 1145 653 1187 [lle
685 1145 760 1186 hoc
793 1145 962 1187 audiens
995 1144 1151 1187 occulte
1184 1143 1322 1185 omnia
1354 1142 1481 1184 verba
1512 1142 1754 1184 mercatoris

75 1217 240 1259 domino
279 1230 352 1258 suo
392 1217 589 1258 narravit.
634 1216 836 1258 Dominus
877 1229 973 1258 vero
1013 1216 1122 1258 circa
1152 1215 1293 1256 horam
1329 1213 1630 1268 vespertinam,
1662 1225 1754 1254 cum

76 1288 239 1330 domum
273 1287 448 1340 rediret,
481 1291 750 1329 mercatorem
784 1288 967 1341 rogavit,
1002 1290 1046 1328 ut
1078 1299 1215 1328 secum
1250 1287 1522 1340 pernoctaret.
1574 1282 1646 1326 Ille
1677 1283 1755 1325 hoc
1782 1292 1825 1327 15

75 1373 156 1401 non
196 1358 372 1401 audebat
410 1359 601 1400 resistere
643 1363 683 1400 et
723 1372 816 1400 cum
847 1358 1033 1413 principe
1079 1357 1131 1399 ad
1161 1356 1371 1399 civitatem
1405 1355 1601 1410 perrexit.
1651 1353 1754 1397 Cum

76 1422 171 1473 vero
204 1436 384 1472 castrum
418 1430 504 1483 ejus
537 1430 752 1482 intrasset,
791 1432 853 1471 tot
885 1429 1076 1481 divicias,
1116 1431 1178 1470 tot
1213 1427 1406 1483 pulchras
1439 1439 1623 1468 cameras
1657 1439 1756 1467 auro

76 1501 261 1556 depictas
303 1501 425 1554 vidit,
467 1500 573 1554 quod
614 1499 731 1542 valde
775 1500 1070 1542 admirabatur.
1134 1498 1237 1540 Cum
1280 1502 1418 1540 autem
1449 1497 1551 1538 hora
1583 1496 1755 1538 cenandi

76 1571 250 1625 adesset,
283 1571 475 1627 princeps
509 1576 779 1613 mercatorem
806 1572 927 1624 juxta
956 1584 1072 1613 suam
1096 1570 1304 1611 dominam
1336 1570 1378 1610 in
1399 1581 1544 1610 mensa
1564 1567 1756 1610 collocari

75 1643 184 1685 fecit.
231 1642 435 1684 Mercator
475 1646 609 1684 autem
651 1656 740 1684 cuni
775 1642 983 1683 dominam
1024 1642 1196 1683 vidisset
1235 1644 1320 1682 tam
1352 1639 1567 1695 pulchram
1599 1642 1639 1681 et
1669 1642 1754 1680 tam
1782 1646 1828 1681 20

75 1714 324 1768 graciosam,
364 1715 482 1769 quasi
524 1718 641 1756 extra
680 1727 721 1755 se
761 1717 904 1768 raptus
943 1713 1022 1754 fuit
1063 1717 1103 1754 et
1143 1712 1200 1753 ait
1231 1712 1273 1753 in
1306 1710 1427 1753 corde
1459 1723 1554 1752 suo:
1589 1709 1621 1752 O
1654 1709 1754 1751 deus

76 1799 212 1838 meus,
245 1786 437 1841 princeps
471 1785 629 1838 omnia,
664 1798 741 1838 que
774 1785 981 1826 desiderat
1012 1797 1080 1825 cor
1112 1797 1252 1835 suum,
1285 1782 1429 1836 habet,
1462 1794 1631 1823 uxorem
1666 1780 1755 1836 pul-

76 1857 230 1910 chram,
252 1856 359 1898 filios
382 1870 428 1898 ac
450 1855 568 1909 filias,
591 1856 791 1897 familiam
810 1855 982 1896 multam
1001 1855 1137 1896 nimis.
1172 1854 1275 1896 Cum
1293 1857 1429 1895 autem
1448 1853 1506 1895 sic
1521 1852 1755 1906 cogitasset,

77 1928 211 1970 delata
244 1933 339 1970 sunt
368 1927 524 1970 fercula
555 1931 649 1969 ante
682 1927 889 1968 dominam
922 1930 962 1968 et
991 1930 1085 1967 ante
1108 1939 1216 1978 eum,
1250 1928 1290 1967 et
1310 1937 1402 1966 ecce
1423 1923 1579 1966 cibaria
1600 1924 1757 1978 optima

76 2000 118 2041 in
159 2000 295 2054 capite
336 1999 457 2041 unius
499 1998 679 2040 defuncti
720 1998 919 2040 collocata
957 2002 998 2039 et
1037 2001 1131 2039 ante
1171 1997 1379 2057 dominam
1412 1995 1549 2050 posita
1580 1998 1677 2036 sunt
1716 1998 1757 2036 et
1780 1999 1825 2034 25

77 2071 266 2113 omnibus
299 2071 348 2112 de
378 2070 537 2112 familia
568 2070 610 2111 in
643 2068 825 2111 scutellis
859 2069 1064 2122 argenteis
1096 2067 1410 2109 ministrabatur
1430 2067 1472 2107 in
1495 2065 1601 2107 aula.
1647 2064 1756 2107 Mer-

76 2146 191 2184 cator
237 2155 328 2183 cum
369 2145 493 2197 caput
531 2141 682 2182 mortui
732 2143 827 2181 ante
868 2153 960 2182 eum
1001 2139 1190 2192 vidisset,
1240 2141 1445 2180 commota
1483 2140 1580 2179 sunt
1618 2136 1757 2178 omnia

77 2213 235 2255 viscera
267 2213 352 2267 ejus
385 2217 425 2254 et
457 2213 514 2254 ait
545 2213 586 2254 in
609 2211 730 2254 corde
753 2224 845 2252 suo:
881 2210 971 2252 Heu
993 2210 1130 2262 michi,
1162 2209 1287 2251 timeo
1310 2208 1417 2262 quod
1438 2207 1607 2262 perdam
1631 2210 1757 2262 caput

77 2298 213 2326 meum
246 2284 287 2325 in
320 2284 398 2325 isto
431 2283 539 2325 loco!
583 2282 763 2324 Domina
794 2295 890 2323 vero
922 2281 1168 2335 inquantum
1201 2279 1337 2334 potuit
1367 2293 1459 2321 eum
1493 2278 1753 2320 confortavit.

77 2355 178 2397 Cum
220 2368 315 2397 vero
357 2369 436 2396 nox
476 2354 657 2406 adesset,
699 2353 862 2394 ducitur
902 2353 944 2393 in
984 2364 1189 2393 cameram
1223 2349 1458 2403 honestam,
1500 2349 1568 2392 ubi
1599 2349 1757 2391 invenit
1780 2355 1825 2389 30

76 2425 224 2468 lectum
250 2430 455 2481 paratum,
488 2425 657 2467 cortinis
679 2423 1036 2476 circumvolutum,
1069 2426 1110 2463 et
1131 2422 1172 2462 in
1197 2421 1345 2475 angulo
1369 2421 1512 2462 domus
1535 2419 1757 2462 luminaria

77 2510 239 2551 magna.
288 2496 395 2539 Dum
430 2510 524 2539 vero
558 2496 707 2537 lectum
740 2495 955 2547 intrasset,
992 2493 1137 2535 famuli
1169 2493 1318 2534 ostium
1350 2492 1587 2534 clauserunt
1617 2494 1657 2532 et
1687 2489 1756 2532 ille

78 2568 188 2610 solus
221 2568 262 2609 in
294 2581 458 2610 camera
488 2566 706 2615 remansit;
739 2565 1003 2619 respexitque
1026 2563 1219 2617 angulum
1243 2563 1313 2605 ubi
1335 2566 1423 2605 erat
1443 2562 1594 2604 lumen.
1643 2560 1757 2602 Vidit

79 2638 179 2680 duos
211 2638 396 2681 homines
431 2643 613 2680 mortuos
648 2650 720 2690 per
753 2635 919 2677 brachia
951 2634 1188 2689 pendentes.
1237 2633 1325 2676 Hoc
1356 2633 1444 2675 viso
1476 2631 1630 2674 invasit
1661 2644 1754 2673 eum

79 2709 202 2753 timor
233 2709 533 2762 intollerabilis,
568 2708 772 2749 intantum
805 2706 913 2760 quod
947 2706 1156 2759 quiescere
1177 2718 1259 2746 non
1282 2707 1456 2759 poterat.
1505 2702 1626 2744 Mane
1658 2715 1754 2744 vero
1779 2708 1826 2743 35

79 2780 260 2822 surrexit
299 2783 340 2822 et
378 2780 453 2822 ait:
502 2779 593 2821 Heu
627 2777 772 2829 michi,
812 2777 936 2818 timeo
976 2775 1096 2817 hodie
1129 2776 1250 2829 juxta
1291 2775 1382 2816 illos
1422 2774 1522 2816 duos
1562 2772 1753 2828 pendere.

78 2849 275 2906 Princeps
309 2848 378 2904 [41
394 2848 433 2904 h]
471 2863 567 2891 vero
600 2862 690 2890 cum
725 2847 995 2899 surrexisset,
1027 2846 1124 2887 fecit
1155 2849 1426 2888 mercatorem
1459 2844 1510 2886 ad
1542 2857 1585 2885 se
1618 2843 1756 2885 vocari

80 2924 121 2963 et
151 2921 228 2964 ait:
262 2920 499 2974 Carissime,
533 2920 631 2974 quid
663 2918 737 2960 tibi
770 2918 904 2973 placet
936 2917 984 2959 de
1016 2916 1109 2959 me?
1141 2916 1198 2958 At
1218 2917 1308 2959 ille:
1341 2915 1465 2958 Michi
1495 2914 1633 2956 omnia
1653 2914 1756 2957 bene

49 3015 52 3018 Δ
78 2990 256 3046 placent,
288 2991 359 3034 sed
391 2991 498 3046 quod
530 2990 653 3033 michi
686 2988 997 3031 ministrabatur
1028 2988 1071 3029 in
1102 2988 1236 3042 capite
1265 2986 1460 3040 defuncti,
1492 2984 1601 3028 ultra
1632 2998 1753 3040 quam

1397 3059 1477 3096 234¹·

1776 585 1797 618 ιη
