1934 3142
168 161 236 202 30.

169 304 236 344 31.

168 445 236 485 32.

169 728 236 768 34.

169 1013 236 1054 36.

169 1156 236 1197 37.

169 1298 236 1339 38.

169 1441 236 1482 39.

167 1584 235 1624 40.

167 1727 234 1767 41.

164 2011 234 2052 43.

116 2166 118 2168 ’
165 2153 234 2194 44.

165 2295 233 2336 45.

165 2438 233 2478 46.

165 2580 234 2621 47.

966 53 1050 94 248

285 159 451 201 Pictura
498 159 662 201 amoris.
726 159 879 201 Narrat
924 159 1153 211 fulgencius
1200 163 1240 202 et
1285 159 1477 201 homerus
1522 160 1564 200 in
1612 158 1843 201 cintillario.

285 230 566 280 (Reichthum3
599 231 740 283 krone,
774 234 947 285 scepter,
979 230 1108 284 pfau.)

286 301 468 343 Historia
503 302 692 343 avaricie.
741 301 892 343 Beatus
925 300 1151 342 bernardus
1181 301 1284 343 vidit
1305 315 1431 343 unum
1454 301 1673 344 hominem.
1721 300 1846 352 (Fun-

286 374 363 414 ken
398 372 713 425 verschlingen.)
762 372 840 425 vgl.
867 372 936 413 lat.
965 372 1058 413 165.

285 444 469 485 Historia
502 444 773 498 paupertatis.
822 443 961 485 Refert
993 443 1219 485 leronimus
1242 448 1384 485 contra
1405 443 1683 485 Jovinianum.
1732 442 1847 494 (Dio—

285 528 408 568 genes
440 514 523 555 und
557 514 825 559 Alexander.)
873 528 1000 567 germ.
1031 515 1094 556 15.

286 585 382 627 Alia
422 585 591 627 historia
631 586 799 627 moralis
833 619 876 626 ..
911 586 1035 627 refert
1068 585 1265 627 Romulus
1308 585 1349 626 in
1389 584 1606 627 annalibus
1642 585 1844 626 indorum.

287 656 485 703 (Freiheit
518 670 590 697 aus
623 657 760 700 116116.)
808 657 996 711 3111126.

286 727 468 769 Historia
502 729 718 770 oracionis.
763 727 916 769 Narrat
939 726 1102 769 Solinus
1125 727 1175 769 de
1196 727 1455 769 mirabilibus
1477 727 1633 768 mundi.
1674 726 1848 779 (Musik-

287 798 452 852 quelle.)
500 799 571 840 lat.
600 800 694 840 150.

228 903 236 910 .
284 869 453 911 Pictura
483 870 686 924 quomodo
717 870 885 912 vexacio
909 873 983 911 etc.
1033 868 1202 922 Legitur
1224 870 1264 910 in
1289 869 1475 911 cronicis.
1526 868 1690 914 (Casars
1711 868 1848 910 todes-

287 941 484 990 zeichen.)
528 941 598 982 lat.
626 942 693 982 07.

286 1012 483 1067 Hystoria
515 1016 659 1054 contra
690 1013 833 1054 mundi
867 1015 1127 1067 apparatum.
1176 1011 1330 1052 Narrat
1361 1011 1539 1053 valerius
1570 1010 1676 1053 libro
1708 1012 1772 1052 10.
1798 1010 1849 1052 de

286 1083 539 1125 allexandro.
590 1083 704 1128 (Drei
738 1083 943 1124 schlechte
976 1082 1280 1136 eigenschaften
1313 1083 1601 1134 Alexanders.)

286 1155 471 1197 Historia
504 1155 553 1196 de
585 1155 869 1196 misericordia
900 1155 976 1196 dei.
1026 1154 1178 1196 Narrat
1200 1154 1397 1196 Romulus
1421 1155 1463 1196 in
1486 1153 1620 1196 annal.
1640 1153 1846 1195 Indorum.

286 1226 402 1271 (Drei
436 1229 613 1279 gesetze,
645 1226 772 1279 konig
804 1225 890 1267 sich
924 1226 1065 1279 zeigen
1099 1226 1192 1276 etc.)

287 1297 472 1339 Historia
507 1297 683 1339 fortune.
740 1297 1051 1352 Depingebatur
1083 1297 1249 1338 domina
1280 1297 1455 1339 fortune.
1509 1296 1728 1349 (Fortuna,
1761 1295 1848 1338 drei

284 1368 475 1419 formen.)

286 1439 470 1481 Historia
502 1439 769 1481 adulacionis.
818 1440 1020 1481 Adulacio
1053 1440 1364 1495 depingebatur.
1420 1439 1653 1492 (Adulatio,
1693 1438 1849 1494 spiegel

285 1511 327 1552 in
360 1511 432 1552 der
464 1510 604 1560 hand.)

285 1582 443 1635 Ymago
467 1581 671 1637 superbie.
712 1581 867 1624 Fabula
891 1582 1055 1624 Aviani.
1099 1583 1253 1624 Asinus
1274 1582 1408 1624 induit
1430 1581 1537 1637 pelle
1558 1581 1701 1624 leonis.
1735 1581 1848 1627 (Esel

283 1654 324 1695 in
358 1653 430 1695 der
461 1653 726 1704 lowenhaut.)

284 1725 470 1767 Historia
510 1725 674 1765 amoris.
737 1724 966 1766 Secundum
1010 1725 1190 1767 ovidium
1232 1725 1281 1767 de
1323 1728 1410 1766 arte
1449 1723 1627 1766 amandi.
1686 1724 1846 1778 (Amor,

283 1799 310 1838 4
341 1796 486 1847 rotae.)
535 1809 629 1850 app.
654 1798 721 1836 44.

226 1901 233 1910 .
281 1867 343 1909 De
391 1867 582 1908 avaricia.
645 1865 817 1919 Legitur
863 1867 971 1921 quod
1008 1880 1166 1922 pauper
1204 1867 1370 1922 quidam
1409 1867 1523 1909 venit
1561 1866 1612 1909 ad
1651 1880 1845 1921 magnum

281 1939 445 1980 festum.
495 1937 706 1984 (Geschirr
738 1938 927 1990 stehlen.)
978 1952 1071 1993 app.
1097 1939 1135 1979 2.

283 2010 415 2052 Homo
455 2014 516 2052 est
548 2011 591 2050 in
624 2023 666 2051 se
699 2010 867 2051 divisus.
923 2009 1093 2063 Legitur
1127 2009 1233 2064 quod
1266 2010 1308 2051 in
1341 2009 1509 2052 castello
1542 2023 1695 2052 emaus
1752 2009 1847 2062 (Ge-

283 2082 476 2136 spalten.)
527 2081 598 2122 lat.
627 2081 721 2122 176.

284 2153 470 2194 Historia
509 2152 712 2206 quomodo
749 2152 927 2193 mundus
959 2152 1229 2194 transformat
1262 2156 1337 2195 etc.
1392 2152 1532 2194 Refert
1564 2152 1722 2194 boetius
1752 2152 1844 2195 libr.

283 2223 333 2265 de
367 2224 562 2265 consolat.
587 2225 626 2264 4.
677 2223 840 2274 (Circe.)

282 2295 344 2336 De
377 2308 516 2350 pugna
549 2295 612 2336 dei
646 2298 789 2336 contra
821 2295 1054 2349 dyabolum.
1103 2295 1306 2337 Narratur
1337 2296 1378 2336 in
1411 2295 1537 2349 gestis
1566 2308 1844 2337 romanorum.

284 2366 492 2412 (Horatier
524 2366 608 2407 und
641 2365 876 2417 Curiatier.)

282 2437 466 2478 Historia
498 2437 547 2478 de
579 2437 889 2490 ingratitudine.
939 2437 1171 2479 Secundum
1205 2438 1312 2492 quod
1345 2438 1403 2480 ait
1435 2437 1590 2480 Seneca
1620 2438 1661 2480 in
1685 2439 1738 2480 3a
1759 2438 1846 2494 epi-

284 2508 401 2550 stola.
451 2507 747 2561 (Gottergaben
782 2508 1072 2555 verschm‘aht-.)
1122 2523 1215 2564 app.
1240 2510 1308 2551 43.

284 2579 346 2621 De
386 2579 541 2621 accidia
584 2580 670 2620 sive
711 2581 896 2634 pigricia.
961 2579 1129 2633 Legitur
1168 2580 1402 2635 parabolice
1441 2580 1490 2622 de
1527 2581 1701 2634 quodam
1734 2594 1843 2634 rege.

283 2650 384 2694 (Der
415 2650 595 2699 faulste.)
643 2651 712 2691 lat.
738 2651 805 2691 91.

282 2721 400 2763 Auch
447 2722 512 2763 die
557 2723 830 2775 erweiterung
874 2722 946 2764 der
990 2722 1245 2765 Moralitates
1283 2724 1339 2765 im
1378 2723 1466 2764 cod.
1491 2721 1844 2777 Confluent.116,

167 2797 287 2846 quart
324 2798 375 2839 (a.
405 2794 531 2842 1422)
572 2793 626 2834 ist
668 2793 834 2846 wichtig
869 2794 936 2834 fiir
974 2794 1039 2835 die
1072 2795 1349 2848 entwicklung
1380 2794 1452 2836 der
1484 2793 1610 2836 Gesta
1639 2793 1844 2836 Romano-

165 2877 278 2916 rum,
320 2864 419 2905 doch
460 2864 561 2917 gebe
599 2864 663 2906 ich
703 2877 780 2905 nur
818 2865 890 2906 das
928 2865 1016 2906 hier
1048 2879 1128 2907 neu
1160 2866 1393 2919 eiugefiigte
1426 2879 1477 2907 an
1509 2866 1592 2907 und
1625 2865 1844 2907 bezeichne

166 2934 238 2976 das
272 2935 422 2976 bereits
454 2935 726 2988 mitgetheilte
760 2935 885 2976 durch
921 2937 985 2978 die
1018 2937 1263 2992 capitelzahl
1293 2938 1363 2979 des
1389 2937 1476 2979 cod.
1497 2936 1839 2979 Confluent.355.
