1954 3137
169 194 263 234 132.

169 335 264 375 133.

169 476 263 517 134.

168 618 262 658 135.

168 689 263 730 136.

167 831 262 871 137.

168 973 264 1014 138.

168 1114 262 1155 139.

167 1257 263 1298 140.

167 1400 262 1440 141.

166 1542 262 1583 142.

166 1685 262 1726 143.

167 1827 263 1868 144.

167 1969 262 2010 145.

165 2111 261 2153 146.

166 2253 261 2294 147.

166 2394 262 2435 148.

167 2466 261 2506 149.

166 2606 262 2648 150.

168 2746 261 2788 151.

168 2887 262 2930 152.

298 2888 515 2943 >Tyberius
547 2890 591 2931 in
623 2890 791 2931 civitate
819 2889 1007 2931 Romana
1038 2891 1230 2944 regnavit
1261 2889 1330 2944 qui
1362 2889 1468 2930 miro
1501 2888 1636 2930 modo.
1685 2887 1861 2940 (Goldne

978 86 1061 129 154

313 192 545 248 Imperator
577 192 816 236 Fridericus
840 193 1046 235 secundus
1069 206 1196 235 unam
1221 196 1383 248 portam
1406 206 1698 235 marmoream.
1740 193 1867 245 (Mar-

314 263 530 313 morthor.)
578 263 650 305 lat.
676 264 745 305 54.

313 334 488 384 Quidam
530 333 642 375 lusor
683 347 901 376 occurrens
935 334 1054 376 beato
1088 333 1329 377 Bernhardo
1363 335 1579 389 equitanti.
1638 334 1714 387 (St.
1737 334 1868 378 Bern-

313 405 416 446 hard
449 405 533 446 und
566 405 639 447 der
672 405 854 460 spieler.)
902 405 974 447 lat.
1004 406 1098 447 170.

313 475 512 531 Adonyas
546 490 618 518 rex
654 477 859 530 quendam
893 476 1023 518 filium
1058 475 1398 532 pulcherrimum.
1448 476 1636 527 (Justitia
1667 500 1715 505 —
1748 476 1867 528 Pax.)

311 546 382 588 lat.
408 547 477 588 55.

312 617 439 659 Cesar
462 618 675 671 Augustus
698 618 931 660 Romanum
954 618 1125 672 regebat
1146 618 1383 673 imperium.
1431 618 1636 671 (Census.)
1681 631 1777 674 app.
1797 619 1866 660 63.

312 688 485 742 Legitur
526 689 635 743 quod
676 693 760 731 tres
794 702 964 744 syrenes
997 689 1040 730 in
1073 689 1211 730 insula
1244 690 1370 731 maris
1402 689 1592 732 fuissent.
1643 689 1867 742 (Sirenen.)

313 773 408 814 app.
432 760 502 800 41.

312 830 578 872 Consuetudo
632 833 722 872 erat
773 834 874 885 aput
918 830 1127 872 Romanos
1181 831 1289 885 quod
1339 832 1565 874 victoribus
1616 831 1866 887 triumphus.

313 901 547 956 (Triumph‚
581 901 913 954 besehreibung.)
964 915 1059 956 app.
1085 902 1153 943 56.

313 971 499 1021 Quedam
539 971 689 1013 mulier
728 973 896 1014 nomine
933 972 1106 1015 Medusa
1146 973 1321 1029 pulchra
1360 973 1492 1016 valde.
1558 973 1754 1025 (Medusa
1784 973 1868 1015 und

311 1042 519 1094 Perseus.)
571 1056 667 1098 app.
693 1044 761 1085 22.

311 1112 485 1166 Legitur
524 1114 567 1155 in
600 1114 708 1155 vitas
741 1117 907 1169 patrum
943 1114 1051 1168 quod
1085 1115 1255 1170 quidam
1290 1128 1493 1169 egressus.
1551 1115 1669 1167 (Drei
1700 1128 1866 1169 narren,

313 1184 439 1226 sehon
480 1185 589 1236 109.)
637 1185 709 1227 lat.
737 1186 833 1226 165.

313 1255 443 1297 Filius
485 1256 640 1311 quippe
672 1257 782 1309 regis
814 1256 1063 1298 ierusalalen
1097 1256 1367 1312 desponsavit
1398 1257 1478 1300 sibi
1509 1256 1650 1300 filiam.
1709 1257 1866 1309 (Hoeh-

313 1327 407 1381 zeit,
443 1327 694 1380 gef'angnis.)
744 1341 838 1382 app.
863 1328 932 1369 23.

312 1398 398 1440 Rex
438 1412 644 1441 asswerus
683 1399 840 1452 grande
878 1398 1114 1440 convivium
1147 1399 1306 1441 eunetis
1339 1399 1612 1455 principibus.
1667 1397 1866 1452 (Esther.)

311 1469 383 1511 lat.
412 1470 507 1511 177.

310 1540 534 1596 Pampejus
568 1541 716 1583 statuit
747 1554 822 1596 pro
854 1540 943 1595 lege
978 1541 1085 1595 quod
1111 1541 1286 1596 quilibet
1307 1541 1426 1584 miles
1449 1544 1544 1596 post
1564 1544 1755 1584 mortem.
1804 1541 1866 1593 (In

311 1610 459 1653 waffen
492 1612 732 1665 begraben.)
777 1612 849 1654 lat.
877 1613 973 1653 134.

313 1684 431 1725 Titus
463 1683 506 1724 in
539 1683 707 1725 civitate
739 1697 915 1725 romana
947 1684 1138 1736 regnavit
1170 1683 1240 1738 qui
1266 1683 1413 1725 statuit
1434 1696 1510 1738 pro
1531 1683 1635 1737 lege.
1683 1682 1864 1735 (Foeus.)

311 1755 383 1796 lat.
408 1754 476 1796 57.

309 1826 565 1879 Benegarius
597 1825 789 1879 regnavit
821 1826 891 1880 qui
925 1826 1072 1868 statuit
1102 1839 1178 1881 pro
1207 1825 1297 1879 lege
1320 1825 1428 1879 quod
1451 1825 1698 1880 quicunque.
1748 1825 1865 1877 (Drei

311 1897 581 1950 wahrheiten,
613 1897 723 1949 srei.)
770 1897 841 1939 lat.
867 1898 936 1938 58.

310 1968 516 2010 Leuneius
555 1968 747 2021 regnavit
785 1972 933 2023 potens
973 1968 1093 2010 valde
1133 1969 1202 2022 qui
1236 1981 1326 2010 oum
1362 1967 1490 2010 semel
1523 1980 1598 2022 per
1627 1967 1863 2023 imperium.

314 2039 521 2093 (Ingratus
554 2039 637 2080 und
672 2038 837 2088 Guido.)
888 2039 959 2080 lat.
987 2040 1083 2080 119.

311 2110 509 2153 Othozias
547 2112 739 2163 regnavit
779 2111 848 2164 qui
888 2113 972 2151 tres
1010 2109 1115 2151 filios
1149 2110 1327 2152 habebat
1359 2122 1460 2164 quos
1493 2109 1671 2151 multum
1704 2108 1862 2151 dilexit.

313 2181 575 2235 (Baumerbe,
610 2182 659 2223 of.
685 2182 772 2234 54.)
822 2195 950 2234 germ.
977 2182 1043 2222 81.

310 2252 463 2294 Darius
504 2253 546 2293 in
580 2253 748 2294 civitate
780 2265 954 2294 romana
984 2252 1176 2305 regnavit
1208 2252 1390 2307 prudens
1422 2251 1554 2293 valde.
1612 2249 1863 2303 (Jonathas.)

310 2324 381 2365 lat.
410 2324 505 2364 120.

311 2394 337 2436 J
341 2394 559 2436 ovinianus
582 2394 810 2448 imperator
831 2395 1023 2447 regnavit
1044 2397 1190 2448 potens
1208 2393 1341 2436 valde.
1376 2392 1671 2444 (Jovinianus.)
1703 2391 1775 2434 lat.
1791 2392 1861 2434 59.
1881 2439 1892 2451 „

310 2465 502 2520 Hanybal
529 2465 719 2518 regnavit
740 2469 887 2520 potens
911 2465 1030 2506 valde
1053 2466 1122 2519 qui
1145 2469 1307 2507 tantum
1332 2465 1497 2506 unicam
1519 2463 1647 2505 filiam
1669 2462 1860 2505 habebat.
1895 2480 1900 2484 »
1952 2470 1954 2501 1

330 2536 481 2577 Redde.
546 2535 619 2576 lat.
644 2537 712 2577 20.

312 2537 565 2648 gataviaims
587 2606 777 2659 regnavit
801 2606 915 2648 dives
938 2607 1059 2649 valde
1082 2607 1149 2661 qui
1175 2620 1299 2662 super
1322 2606 1462 2648 omnia
1482 2618 1668 2647 uxorem.
1703 2604 1862 2657 (Hilde-

312 2677 470 2730 garde.)
521 2690 615 2732 app.
642 2677 711 2718 53.

311 2747 497 2789 Herodes
537 2749 729 2801 regnavit
768 2748 837 2802 qui
877 2748 1005 2789 filiam
1047 2748 1262 2804 pulchram
1296 2747 1488 2790 habebat.
1545 2746 1713 2800 (Sieben
1740 2746 1861 2800 jahre

312 2821 435 2868 treu.)
484 2832 612 2872 germ.
638 2819 706 2860 59.

314 2959 465 3012 angel.)
512 2960 583 3001 lat.
610 2960 677 3002 85.
