1929 3157
64 184 133 237 16(

63 337 127 379 17.

62 621 127 662 19.

59 763 128 805 20.

59 905 127 946 21.

59 1047 128 1088 22.

60 1188 129 1231 23.

61 1331 130 1373 24.

60 1474 130 1516 25.

60 1617 128 1659 26.

870 91 945 132 187

175 195 408 251 Apolonius
449 196 490 237 in
529 196 698 238 civitate
738 209 840 238 rom.
875 210 987 250 regn.
1020 197 1089 250 qui
1131 197 1278 239 statuit
1313 210 1385 252 pro
1416 196 1518 250 lege.
1574 196 1754 247 (Foeus.)

176 266 247 308 lat.
271 267 339 307 57.

176 335 401 393 Lenoppus
434 338 476 379 in
508 337 585 380 civ.
610 351 712 380 rom.
738 351 851 391 regu.
877 338 947 393 qui
979 339 1088 381 inter
1117 342 1276 382 ceteras
1300 339 1486 382 virtutes.
1537 340 1641 390 (100
1662 352 1756 392 gro-

178 407 334 458 schen.)
380 408 451 450 lat.
479 409 545 449 72³).

118 510 128 520 .
177 478 394 521 Polencius
427 479 468 520 in
501 479 577 521 civ.
603 492 705 520 rom.
732 493 844 533 regn.
870 481 986 534 cujus
1021 480 1227 536 possessio
1260 494 1412 534 magna
1437 484 1538 523 erat.
1587 479 1754 531 (Sieben

169 549 291 603 jahre
323 551 445 600 tren.)
494 563 621 603 germ.
647 551 716 592 55».

175 621 318 676 Agyos
357 621 399 662 iu
442 621 518 662 civ.
550 634 652 662 rom.
684 634 797 674 regn.
830 621 1011 676 prudens
1054 621 1173 664 valde
1214 625 1254 664 et
1287 621 1518 664 bellicosus.
1572 621 1755 672 (Narben

177 692 352 745 zeigen.)
398 691 469 733 lat.
496 692 564 733 87.

176 762 388 804 Adrianus
421 763 464 804 in
497 763 573 804 civ.
598 776 700 804 rom.
726 776 838 816 regn.
864 763 934 818 qui
967 763 1114 805 statuit
1146 776 1220 818 pro
1252 762 1354 817 lege.
1405 763 1529 815 (Halb
1562 764 1755 817 geritten,

178 833 392 885 abweich.)
441 832 511 875 lat.
540 834 634 875 124.

177 903 434 947 Theodosius
466 904 507 946 in
542 904 710 946 civitate
742 918 844 946 rom.
869 918 982 959 regn.
1007 905 1190 961 prudens
1223 909 1264 948 et
1287 909 1447 960 potens.
1497 904 1634 959 (Lear,
1668 905 1756 947 drei

176 974 367 1027 tuchtein)
414 988 508 1031 app.

177 1045 374 1088 Aucelius
407 1047 447 1087 in
479 1046 554 1088 civ.
575 1060 677 1088 rom.
697 1060 811 1100 regn.
836 1046 1019 1102 prudens
1041 1047 1161 1090 valde
1185 1047 1255 1102 qui
1276 1048 1318 1090 in
1341 1047 1504 1090 finibus.
1556 1047 1758 1099 (Freund-

177 1117 283 1160 liche
314 1118 475 1168 worte.)
524 1117 594 1160 lat.
624 1119 718 1159 130.

179 1187 377 1231 Caclades
417 1189 459 1230 in
500 1189 576 1231 civ.
609 1202 711 1231 rom.
743 1203 856 1243 regn.
888 1189 934 1231 In
966 1190 1082 1243 cujus
1115 1189 1292 1245 imperio
1326 1194 1444 1232 erant
1476 1190 1556 1232 duo
1589 1189 1755 1233 milites.

178 1259 413 1314 (Nachtigal
447 1260 620 1311 tiidten.)
668 1260 738 1302 lat.
771 1262 865 1302 121.

179 1331 388 1373 Antonius
428 1331 469 1373 in
510 1332 586 1373 civ.
618 1345 720 1374 rom.
752 1346 867 1386 regn.
897 1332 1080 1388 prudens
1113 1332 1233 1374 valde
1267 1333 1337 1386 qui
1369 1333 1516 1374 statuit
1546 1346 1621 1388 pro
1654 1332 1757 1386 lege.

147 1401 434 1454 ‚(Feuerlfirm
468 1402 672 1457 befohlen,
705 1403 818 1446 feind
851 1403 1048 1446 schlafert
1080 1403 1177 1455 ein.)
1227 1417 1323 1459 app.

178 1474 443 1516 Andronicus
492 1475 533 1515 in
581 1475 658 1516 civ,
693 1488 795 1516 rom.
831 1475 1022 1529 regnavit
1068 1478 1215 1530 potens
1254 1474 1387 1517 valde.
1453 1473 1577 1527 (Drei
1614 1475 1759 1528 fragen

176 1545 323 1597 liisen.)
371 1545 443 1587 lat.
469 1546 537 1587 71.

177 1616 389 1659 Bononius
434 1617 477 1658 in
519 1618 595 1660 civ.
629 1631 732 1659 rom.
765 1631 880 1671 regn.
912 1617 1094 1673 prudens
1134 1617 1255 1660 valde
1294 1617 1366 1660 sed
1405 1617 1518 1660 omni
1556 1621 1756 1673 tempore.

177 1689 374 1740 (Aussatz
409 1689 743 1745 vorgespiegelt.)
791 1689 862 1731 lat.
891 1689 985 1730 132.

191 1839 406 1877 LXXXIV.
449 1839 541 1877 Cod.
559 1840 727 1876 Londin.
746 1840 852 1876 Bibl.
871 1840 986 1876 Harl.
1005 1839 1091 1886 219,
1117 1841 1252 1884 quart.
1280 1839 1414 1884 (friiher
1438 1840 1624 1883 D'Ewes).

467 1912 522 1947 131.
541 1912 705 1947 39—79.
745 1912 827 1948 XV.
842 1912 896 1958 jh.
936 1912 979 1947 15
1001 1922 1094 1956 cap„
1121 1911 1353 1947 bruohstiiek.

178 2001 307 2045 Gesta
338 2002 619 2045 Romanorum
654 2007 695 2045 et
726 2015 868 2045 GOI‘Um
901 2002 1182 2045 redUCCiOneS.

390 2153 583 2190 LXXXV.
623 2152 714 2190 Cod.
734 2153 900 2189 Londin.
919 2153 1024 2190 Bibl.
1044 2154 1159 2190 Harl.
1178 2153 1271 2200 406,
1297 2154 1433 2198 quart.

447 2225 497 2260 131.
518 2226 754 2270 lom—143,
781 2229 1005 2270 pergament.
1043 2225 1124 2261 XV.
1140 2225 1192 2271 jh.
1231 2226 1275 2260 37
1299 2235 1377 2270 cap.

185 2366 400 2403 LXXXVI.
439 2365 531 2402 Coa.
550 2366 717 2402 Londin.
735 2366 841 2402 Bibl.
860 2367 974 2402 Harl.
994 2367 1104 2412 2270,
1131 2367 1202 2402 fol.
1230 2365 1364 2408 (friiher
1389 2365 1642 2411 Burscough.).

596 2438 809 2473 Bl.1—85.
850 2438 931 2473 xv.
952 2437 1006 2484 jh.
1051 2439 1118 2473 102
1143 2448 1222 2483 cap.

179 2527 242 2570 Bl.
269 2529 354 2570 1-
371 2530 396 2571 6
429 2528 568 2582 index,
607 2528 660 2571 bl.
686 2528 845 2570 7—85
876 2531 979 2571 text.

123 2645 132 2654 .
181 2611 406 2654 Anselmus
446 2612 488 2654 in
527 2611 696 2654 civitate
734 2624 908 2654 romana
943 2611 1135 2666 regnavit
1171 2611 1354 2668 prudens
1396 2611 1527 2654 valde.
1585 2611 1760 2663 (Baum-

180 2683 307 2736 erbe.)
355 2697 484 2737 germ.
511 2684 579 2724 81.

180 2754 459 2797 Dioclitianus
492 2755 534 2796 in
567 2754 735 2796 civitate
767 2767 941 2796 romana
960 2754 1152 2808 regnavit
1172 2753 1355 2810 prudens
1379 2753 1510 2796 valde.
1560 2752 1761 2806 (Strauss-

180 2826 304 2877 nest.)
353 2839 448 2881 app.

183 2895 267 2939 Leo
314 2896 542 2952 imperator
588 2896 629 2938 in
676 2896 752 2938 civ.
784 2909 888 2938 rom.
919 2909 1032 2950 regn.
1067 2896 1137 2952 qui
1176 2896 1322 2939 habuit
1359 2895 1487 2938 filiam
1529 2895 1758 2952 pulchram.

182 2967 391 3019 (Socrates
424 2967 663 3019 heirathet.)
711 2966 782 3009 lat.
808 2968 876 3009 61.
