1949 3162
1020 93 1105 135 580

232 209 322 242 ante
349 200 573 256 populares
604 208 692 241 erat
721 201 891 255 quidam
920 200 1037 241 homo
1070 201 1275 255 depictus,
1308 200 1457 241 habens
1487 202 1532 241 in
1563 201 1707 242 dextra
1738 199 1886 241 libram

233 287 322 312 cum
352 272 556 327 pondere,
595 273 642 311 in
680 272 768 312 leva
802 273 927 327 yessit
962 271 1125 323 ulnam,
1163 273 1209 311 in
1245 272 1406 326 cinqulo
1442 273 1567 326 {jessit
1601 271 1768 312 bursam
1798 285 1889 312 cum

231 344 351 383 varia
381 350 539 383 moneta
549 357 561 391 ‚·
591 344 686 383 item
716 351 807 384 ante
836 344 1023 397 reqinam
1053 350 1170 382 erant
1198 343 1346 383 medici
1376 350 1412 383 et
1426 344 1697 398 piymentarii
1719 341 1791 383 sub
1813 341 1889 383 hac

220 413 389 467 forma.-
435 413 550 454 homo
590 422 676 455 erat
709 415 871 470 positus
911 415 955 454 in
995 414 1187 454 cathedra
1225 414 1477 469 nzayistrali,
1519 415 1657 469 posito
1700 413 1803 454 libro
1843 414 1889 453 in

187 488 209 523 5
232 499 357 525 manu
396 485 560 536 dextra,
601 499 719 526 urceo
761 493 796 526 et
820 486 967 540 pioeide
995 486 1042 525 in
1072 486 1263 537 sinistra,
1303 486 1348 525 in
1379 485 1540 539 cinqulo
1573 484 1722 525 habens
1742 484 1888 539 ferra-

233 563 366 596 menta
396 556 576 596 ulcerum
597 564 634 597 et
652 557 886 605 vulnerum,-
916 557 1011 597 item
1031 556 1158 609 juxta
1178 570 1266 596 eum
1298 556 1413 597 homo
1441 557 1500 597 sic
1508 556 1742 610 formatus:
1773 555 1889 597 homo

234 634 367 668 tenens
389 641 555 667 manum
575 628 759 669 dextram
780 635 951 669 erectam
972 628 1028 668 ad
1042 628 1302 668 invitandum
1324 635 1575 669 transeuntes
1591 642 1672 683 pro
1691 627 1888 682 hospicio,

235 698 363 739 levam
394 706 528 739 tenens
553 699 721 754 plenam
746 713 854 754 pane
869 699 1045 755 pulchro
1068 706 1103 740 et
1124 699 1296 754 desuper
1315 714 1388 739 vas
1410 714 1500 740 cum
1519 700 1630 750 vino,
1663 700 1708 739 in
1729 697 1890 754 cinyulo

234 777 369 810 tenens
405 769 535 810 claves
544 785 557 819 ,·
594 771 689 811 item
724 772 769 811 in
800 772 969 811 sinistra
1005 777 1128 825 parte
1164 777 1256 810 ante
1286 770 1455 810 militem
1491 770 1608 811 homo
1649 777 1736 811 erat
1772 769 1892 822 hujus

167 842 211 878 10
223 841 385 895 forme:
416 841 569 882 scilicet
596 842 642 882 in
662 857 786 882 manu
817 843 962 882 dextra
992 841 1141 882 habens
1173 842 1303 882 clai-es
1334 856 1520 895 maqnas,
1553 843 1598 882 in
1627 841 1714 882 leva
1743 839 1893 882 habens

234 912 389 964 ulnam,
421 913 466 953 in
488 913 649 967 cinqulo
681 912 830 953 habens
863 913 1027 953 bursam
1058 928 1147 954 oum
1169 914 1351 954 denariis
1361 928 1373 962 ‚·
1403 914 1498 953 item
1529 920 1620 953 ante
1646 926 1781 967 reyem
1807 919 1894 952 erat

235 983 350 1024 homo
383 983 532 1024 habens
564 985 735 1039 capillos
764 985 937 1040 yspidos
969 992 1005 1025 et
1035 985 1247 1036 distortos,
1287 986 1333 1025 in
1363 985 1506 1025 deaetra
1536 999 1662 1024 manu
1691 983 1895 1024 modicam

228 1056 468 1110 pecuniam,
506 1056 551 1095 in
584 1056 671 1096 leva
708 1055 858 1097 habens
896 1063 976 1096 tres
1016 1056 1201 1107 taxillos,
1242 1057 1287 1096 in
1325 1055 1487 1111 cingsulo
1526 1054 1675 1096 habens
1706 1055 1894 1110 pixidem

236 1126 378 1166 litteris
403 1126 582 1181 plenam.
634 1126 724 1168 Rem
755 1142 845 1167 cum
875 1128 997 1167 istam
1020 1128 1231 1182 picturam
1260 1127 1441 1179 vidisset,
1474 1134 1630 1168 tantum
1659 1127 1705 1167 in
1735 1141 1782 1168 ea
1811 1133 1894 1167 stu-

168 1197 212 1232 15
236 1197 338 1250 duit,
372 1198 482 1252 quod
511 1199 756 1253 sapientiam
786 1213 980 1253 magynam
1010 1199 1174 1238 incenit.

353 1266 578 1321 Carissimi,
610 1271 685 1310 iste
714 1284 786 1310 rea:
817 1268 930 1310 debet
960 1284 1041 1310 esse
1073 1269 1243 1324 quilibet
1272 1269 1400 1310 bonus
1432 1266 1702 1322 Christianus,
1735 1277 1771 1311 et
1793 1284 1895 1326 pre-

238 1341 354 1395 cipue
387 1341 584 1396 princeps
620 1341 684 1381 vel
717 1341 923 1395 prelatus,
964 1342 1037 1396 qui
1073 1349 1240 1396 uterque
1277 1355 1414 1382 eorum
1453 1340 1565 1382 debet
1601 1356 1682 1382 esse
1717 1343 1763 1382 in
1793 1341 1895 1383 solio

231 1412 394 1466 positus
419 1426 618 1467 purpura
646 1413 836 1465 indutus,
878 1427 954 1467 que
976 1412 1136 1467 fiyurat
1164 1414 1353 1453 virtutem
1380 1414 1515 1467 ‘qratie
1552 1420 1589 1454 et
1615 1427 1776 1454 morum
1802 1412 1896 1468 pul-

238 1481 526 1534 chritudinem,
569 1483 715 1538 quibus
746 1498 856 1525 mens
889 1492 925 1524 et
955 1485 1096 1524 anima
1126 1482 1360 1525 Christiana
1391 1485 1536 1524 ornari
1565 1483 1699 1536 debet,
1740 1491 1777 1525 et
1803 1498 1898 1540 pre-

169 1558 214 1592 20
239 1554 356 1608 cipue
387 1555 598 1609 principis
644 1556 727 1595 sive
767 1555 943 1610 prelati,
987 1557 1109 1610 quasi
1144 1555 1347 1596 habitibus
1384 1557 1579 1596 virtutum
1615 1569 1690 1610 pre
1726 1554 1898 1596 subditis

240 1624 445 1677 omnibus,
493 1633 538 1666 ut
575 1641 723 1681 corpus
764 1626 847 1680 ejus
884 1627 1063 1668 reluceat
1101 1628 1236 1667 aureis
1275 1626 1470 1679 vestibus,
1518 1641 1712 1668 coronam
1749 1625 1898 1667 habens

237 1697 284 1736 in
322 1698 475 1752 capite,
524 1711 600 1752 que
640 1698 813 1738 ostendit
848 1699 894 1738 in
930 1712 1022 1753 reqe
1058 1699 1215 1753 reqiam
1253 1699 1512 1753 diqnitatem,
1559 1713 1636 1753 que
1673 1705 1730 1739 est
1761 1697 1900 1753 ¹qloria

232 1767 406 1822 populi,
456 1783 539 1822 qua
577 1767 831 1810 subditorum
872 1770 1052 1810 omnium
1095 1770 1204 1810 oculi
1241 1771 1283 1809 in
1327 1784 1416 1810 eum
1461 1770 1698 1825 diriyuntur
1743 1777 1779 1811 et
1821 1768 1903 1809 sibi

241 1837 442 1879 obediunt.
492 1838 544 1879 In
577 1836 693 1893 [156]
727 1855 854 1881 manu
887 1840 974 1881 leva
1006 1840 1138 1895 defert
1164 1840 1310 1896 pilam,
1346 1855 1422 1895 que
1454 1841 1628 1882 ostendit
1654 1855 1790 1896 reyem
1819 1854 1902 1881 esse

171 1913 216 1947 25
240 1910 615 1951 administratorem
646 1918 682 1951 et
707 1913 964 1966 provisorem
995 1914 1176 1953 omnium
1213 1911 1489 1964 subditorum,
1527 1913 1574 1953 in
1604 1913 1747 1954 dextra
1775 1927 1902 1953 manu

240 1988 456 2036 sceptrum,
491 1982 701 2022 ostendens
723 1982 807 2035 ejus
829 1982 1044 2036 justiciam
1076 1991 1113 2024 et
1141 1985 1333 2039 riqorem,
1368 1983 1514 2038 quibus
1545 1983 1676 2024 malos
1708 1990 1899 2035 coerceat,

243 2067 343 2107 quos
374 2067 491 2093 amor
521 2054 683 2094 virtutis
715 2070 741 2094 a
771 2054 879 2095 malo
911 2069 994 2095 non
1024 2055 1221 2108 refrenat,
1255 2062 1291 2095 et
1322 2055 1433 2096 ultra
1464 2062 1588 2111 caput
1607 2056 1716 2111 reqis
1738 2055 1904 2096 lucerna

243 2123 392 2176 lucens,
428 2138 503 2178 que
525 2125 713 2179 desiynat
732 2127 840 2180 reqis
861 2126 1199 2166 misericordiam.
1241 2125 1343 2167 Item
1363 2128 1509 2182 reqina
1538 2142 1564 2167 a
1593 2134 1711 2182 parte
1733 2127 1904 2167 sinistra

244 2202 300 2235 est
329 2196 504 2247 caritas,
547 2210 623 2250 que
654 2204 711 2237 est
735 2196 930 2250 formosa
960 2198 1004 2237 in
1036 2198 1197 2249 anima,
1237 2198 1345 2238 unde
1375 2197 1521 2238 mulier
1551 2196 1622 2238 sub
1660 2211 1753 2253 reqe
1782 2196 1904 2238 Ihesu

175 2271 219 2305 30
244 2264 400 2307 Christo
433 2265 546 2307 debet
574 2281 656 2307 esse
686 2268 914 2308 verecunda
947 2276 984 2308 et
1018 2269 1198 2323 pudiea3
1237 2269 1410 2309 secundo
1452 2268 1565 2310 debet
1600 2283 1700 2310 esse·
1719 2276 1832 2310 casta
1869 2276 1906 2310 et

243 2337 430 2387 honesta,·
477 2339 598 2378 tercio
639 2337 753 2379 debet
790 2353 871 2379 esse
909 2341 1074 2394 sapiens
1117 2347 1153 2380 et
1189 2341 1364 2381 discreta
1410 2347 1447 2380 et
1482 2339 1614 2381 verbis
1651 2348 1688 2382 et
1722 2339 1904 2382 ‘moribus

243 2409 434 2449 modesta.
470 2408 572 2450 Item
601 2423 822 2450 assessores
853 2410 1005 2451 scilicet
1024 2409 1186 2463 judices
1216 2412 1262 2451 in
1293 2411 1506 2460 cathedra3
1536 2411 1609 2451 isti
1637 2419 1731 2452 sunt
1749 2411 1907 2467 prelati

246 2488 282 2521 et
309 2481 600 2535 predicatores,
635 2482 708 2535 qui
737 2480 879 2522 debent
907 2482 1106 2523 mandata
1137 2483 1295 2523 domini
1324 2483 1540 2534 custodire,
1575 2481 1699 2523 libros
1727 2483 1756 2523 i.
1782 2497 1812 2524 e.
1836 2497 1911 2537 sa<

247 2566 360 2591 cram
389 2553 638 2607 scripturam
668 2554 831 2607 aperire
856 2553 1028 2608 populo.
1093 2554 1215 2594 Miles
1256 2560 1313 2594 est
1352 2553 1479 2594 bonus
1517 2551 1793 2606 Christianus,
1834 2555 1908 2609 qui

179 2626 223 2661 35
248 2621 362 2663 debet
390 2624 550 2663 armari
579 2622 694 2663 bonis
724 2623 953 2664 virtutibus.
987 2624 1110 2664 Miles
1132 2625 1403 2680 accinyendus
1425 2623 1652 2677 balneatur,
1684 2632 1730 2666 ut
1757 2640 1907 2666 novam

247 2695 375 2734 vitam
406 2694 550 2745 ducat,
589 2695 684 2734 item
720 2695 765 2734 in
805 2696 995 2735 oracione
1028 2703 1266 2750 pernoctat,
1299 2703 1442 2751 petens
1479 2694 1561 2736 sibi
1599 2696 1795 2737 divinitus
1827 2711 1907 2752 per

247 2765 448 2818 qratiam,
493 2765 603 2819 quod
638 2779 722 2805 non
753 2773 890 2820 potest
921 2780 1002 2821 per
1038 2774 1255 2816 naturam3
1301 2768 1360 2807 sic
1397 2774 1434 2807 et
1471 2765 1598 2807 bonus
1636 2764 1903 2808 Christianus.

251 2835 373 2875 Miles
416 2850 511 2876 vero
556 2834 669 2876 debet
713 2834 900 2877 balneari
951 2851 1062 2891 aqua
1107 2837 1375 2892 confessionis
1420 2844 1457 2877 et
1500 2839 1635 2893 sepius
1683 2839 1908 2879 orationem

251 2905 480 2959 infundere.
535 2906 670 2947 Multa
706 2914 801 2947 sunt
835 2909 1066 2948 necessaria
1103 2909 1247 2961 militi,
1280 2910 1421 2963 primo
1453 2916 1498 2949 ut
1533 2910 1586 2949 sit
1622 2910 1787 2964 sapiens
1797 2925 1810 2959 ,-
1849 2910 1908 2949 sio

183 2983 228 3018 40
254 2974 523 3030 Christianus,
556 2985 601 3018 ut
620 2978 809 3018 addiscat
826 2980 1072 3033 sapientiam
1093 2987 1235 3020 contra
1256 2979 1487 3028 diabolum;
1519 2980 1692 3020 secundo
1712 2979 1910 3021 incumbit
