1954 3137
245 191 312 231 43.

245 334 314 375 44.

245 475 314 516 45.

245 618 313 659 46.

245 760 314 802 47.

245 903 315 945 48.

246 1046 315 1087 49.

247 1189 315 1230 50.

247 1331 315 1372 51.

248 1472 316 1514 52.

250 1617 317 1658 53.

250 1759 319 1801 54.

251 1902 319 1943 55.

252 2044 321 2085 56.

253 2186 321 2228 5ῖ.

254 2328 322 2370 58.

254 2472 323 2513 59.

256 2614 324 2655 60.

257 2756 324 2797 61.

1043 85 1125 127 124

362 189 505 231 Helius
546 190 585 231 111
623 190 788 232 civitate
820 204 990 232 romana
1022 192 1209 245 regnavit
1241 193 1309 246 qui
1341 206 1431 235 cum
1465 192 1590 235 semel
1623 193 1672 234 de
1703 206 1784 235 una
1815 193 1913 235 civi-

361 265 458 303 tate.
509 261 658 311 (Kreuz
691 262 767 304 mit
798 262 1070 314 inschriften.)
1117 263 1189 305 lat.
1217 263 1284 305 65.

363 332 588 388 Symachus
627 335 815 387 regnavit
853 333 1032 389 prudens
1072 334 1190 376 valde
1231 337 1428 389 quantum
1468 334 1520 377 ad
1559 334 1804 391 temporalia
1843 335 1915 378 sed

362 403 525 446 stultus.
575 403 817 456 (Schwarz.)
865 418 991 458 germ.
1017 405 1085 447 35.

364 473 540 517 Severus
581 476 770 529 regnavit
802 476 870 530 qui
904 476 1273 536 pulchram-filiam
1307 477 1484 520 habebat
1513 478 1689 519 unicam.
1742 475 1916 529 (Waffen

363 545 627 600 aufh‘angen.)
676 547 747 589 lat.
773 548 839 589 66.

363 616 569 659 Antonius
600 618 789 672 regnavit
820 618 863 659 in
895 618 1008 672 cujus
1041 618 1214 674 imperio
1247 623 1335 661 erat
1359 619 1523 674 quidam
1546 619 1662 662 miles
1686 618 1755 674 qui
1777 618 1914 662 semel.

364 687 553 739 (Wiiste.)
603 702 698 744 app.
723 690 761 731 3.

363 759 639 801 Maximianus
672 760 712 801 in
745 760 910 802 civitate
941 773 1112 802 romana
1142 761 1330 815 regnavit
1360 761 1473 805 dives
1502 761 1620 804 valde
1640 762 1683 804 in
1705 761 1818 816 eujus
1839 760 1917 802 im-

363 831 490 886 perio.
539 830 714 882 (Weiser
744 831 847 885 folgt
878 831 967 873 dem
1001 834 1181 881 narren.)
1229 832 1298 875 lat.
1325 833 1392 875 67.

363 902 601 944 Alexander
632 902 674 944 in
707 902 871 944 civitate
902 916 1073 945 romana
1103 904 1291 957 regnavit
1317 904 1384 958 qui
1406 903 1582 946 habebat
1603 902 1731 946 filium
1753 902 1918 944 nomine

363 973 618 1016 celestinum.
671 973 809 1024 (Pserd
841 974 918 1016 mit
950 975 1051 1016 zwei
1083 974 1278 1026 schafen.)
1325 974 1394 1017 lat.
1422 976 1517 1017 163.

364 1044 489 1087 Cesar
526 1044 716 1098 regnavit
753 1045 794 1086 111
835 1045 1000 1087 civitate
1040 1059 1211 1088 romana
1249 1047 1291 1087 in
1329 1045 1443 1099 eujus
1475 1059 1600 1100 regno
1633 1048 1722 1089 erat
1753 1044 1939 1100 quidam·

365 1116 496 1158 miles.
546 1115 688 1167 (Krote
721 1115 803 1157 und
836 1116 1059 1170 schlange.)
1106 1117 1176 1159 lat.
1201 1117 1269 1158 99.

365 1186 599 1229 Gordianus
638 1187 827 1240 regnavit
864 1191 1010 1242 potens
1049 1187 1168 1230 valde
1206 1188 1247 1229 in
1284 1188 1397 1242 cujus
1429 1188 1602 1243 imperio
1635 1191 1724 1230 erat
1754 1187 1918 1242 quidam

363 1258 495 1300 miles.
546 1258 737 1310 (Hahne.)
784 1258 854 1300 lat.
881 1259 947 1300 68.

364 1329 566 1371 Narratur
605 1329 654 1372 de
693 1329 850 1371 duobus
884 1329 1083 1372 militibus
1117 1343 1289 1384 quorum
1321 1344 1425 1372 unus
1458 1330 1651 1373 manebat
1679 1330 1722 1372 in
1753 1329 1918 1385 Egipto.

366 1400 573 1456 (Egypten
605 1401 689 1442 und
721 1400 933 1452 Baldach.)
980 1400 1049 1442 lat.
1078 1402 1173 1443 171.

365 1471 664 1528 Dyoclecionus
697 1473 884 1525 regnavit
916 1472 985 1527 qui
1016 1473 1160 1514 statuit
1191 1486 1265 1528 pro
1294 1472 1383 1527 lege
1416 1472 1522 1527 quod
1545 1473 1579 1514 si
1602 1472 1748 1515 mulier
1771 1472 1919 1527 aliqua.

367 1543 494 1593 (Sohn
526 1543 659 1585 todtet
689 1547 842 1585 mutter
873 1544 1015 1595 nicht.)
1061 1543 1132 1585 lat.
1160 1545 1254 1585 100.

367 1615 508 1657 Refert
540 1613 772 1656 valerianus
806 1615 912 1669 quod
946 1615 1110 1670 quidam
1143 1616 1369 1671 imperator
1399 1615 1545 1657 statuit
1574 1628 1648 1670 pro
1679 1614 1780 1669 lege.
1831 1613 1922 1666 (Za-

366 1687 537 1737 leucus.)
582 1686 654 1727 lat.
680 1686 747 1727 50.
969 1743 971 1745 -

366 1757 470 1800 Erat
517 1757 682 1811 quidam
728 1757 955 1812 imperator
1001 1761 1146 1813 potens
1186 1757 1303 1800 valde
1342 1757 1383 1799 in
1422 1758 1536 1812 cujus
1576 1757 1751 1813 imperio
1792 1759 1921 1800 erant.

368 1829 542 1879 (Nackte
568 1829 832 1882 jungfrauen,
866 1829 992 1870 schon
1023 1830 1064 1883 4,
1096 1829 1185 1871 hier
1218 1828 1429 1880 abweich.)
1475 1828 1546 1870 lat.
1574 1828 1669 1871 115.

369 1900 510 1942 Gallus
542 1900 731 1953 regnavit
761 1900 941 1955 prudens
974 1913 1020 1942 ao
1051 1904 1196 1955 potens
1228 1900 1346 1942 valde
1372 1900 1441 1955 qui
1463 1899 1667 1955 quoddam
1688 1898 1920 1955 pallacium.

370 1971 812 2023 (Keuschheitshemd.)
858 1971 928 2013 lat.
954 1972 1020 2013 69.

369 2042 573 2084 Narratur
605 2042 655 2084 de
687 2042 863 2096 quodam
887 2042 1052 2086 homine
1076 2044 1144 2098 qui
1167 2046 1336 2085 vocatur
1358 2041 1574 2085 Ganterus.
1624 2041 1798 2093 (Frende
1820 2041 1924 2084 ohne
1953 2038 1954 2048 ¹

370 2114 503 2165 ende.)
550 2113 620 2155 lat.
649 2114 742 2154 101.
1952 2141 1954 2176 ¹

372 2184 618 2238 Sagittarius
652 2184 817 2238 quidam
849 2198 1020 2240 parvam
1053 2185 1254 2227 aviculam
1287 2185 1452 2227 nomine
1483 2184 1770 2241 phylemenam
1802 2183 1923 2239 cepit.

372 2256 488 2308 (Drei
519 2255 758 2297 weisheiten
789 2255 960 2303 lehren.)
1005 2256 1076 2298 lat.
1105 2257 1198 2298 167.

371 2327 474 2369 Erat
505 2326 667 2380 quidam
702 2340 774 2368 rex
807 2327 875 2382 qui
909 2328 1112 2382 quendam
1145 2341 1368 2383 pauperem
1401 2327 1452 2369 ad
1484 2326 1654 2369 divicias
1688 2328 1728 2369 et
1750 2325 1926 2368 honores

371 2398 589 2454 promovit.
641 2397 928 2449 (Freundliche
960 2402 1118 2450 worte.)
1165 2398 1235 2441 lat.
1262 2400 1358 2441 130.

371 2470 475 2512 Erat
520 2469 686 2523 quidam
732 2482 804 2510 rex
852 2470 921 2523 qui
960 2469 1087 2512 filiam
1128 2469 1340 2525 pulchram
1382 2468 1559 2512 habebat
1598 2482 1644 2511 ac
1682 2468 1923 2524 sapientem.

374 2540 490 2593 (Drei
521 2540 696 2593 fragen.)
742 2539 813 2581 lat.
838 2541 904 2582 To.

374 2611 546 2662 Quidam
586 2624 658 2652 rex
701 2614 789 2652 erat
826 2611 867 2652 in
909 2612 1046 2666 anglia
1081 2613 1124 2654 in
1163 2613 1277 2667 cujus
1317 2624 1442 2666 regno
1482 2615 1600 2653 erant
1638 2610 1717 2653 duo
1758 2610 1923 2653 milites.

374 2683 522 2735 (Guido
555 2681 638 2723 und
670 2681 848 2737 Tyrius.)
898 2682 968 2725 lat.
995 2685 1088 2725 172.

373 2754 631 2796 Vallerianus
667 2753 856 2807 regnavit
885 2758 1030 2809 potens
1062 2755 1180 2798 valde
1212 2755 1281 2810 qui
1311 2757 1472 2797 tantum
1503 2753 1665 2796 unicam
1695 2752 1822 2795 filiam
1854 2753 1926 2795 ha-

374 2825 508 2867 bebat.
558 2823 766 2876 (Strioke.)
816 2838 908 2880 app.
938 2827 1001 2867 16.

317 2929 325 2937 .
374 2895 546 2946 Quidam
579 2909 651 2937 rex
686 2898 774 2937 erat
805 2896 872 2950 qui
905 2899 1063 2938 tautum
1097 2897 1262 2939 unicum
1289 2895 1417 2938 filium
1446 2895 1634 2938 habebat.
1683 2894 1925 2948 (Freundes-

374 2966 531 3022 probe.)
577 2966 648 3009 lat.
677 2967 769 3010 129.
