1949 3162
140 468 161 501 5

118 824 160 857 10

116 1179 160 1213 15

117 1749 162 1783 20

119 2106 163 2139 25

119 2460 164 2493 30

987 70 1072 110 394

187 189 349 230 semper
382 188 542 216 sursum
579 175 627 216 ad
663 176 828 217 arbores
862 176 1042 230 respicit.
1091 175 1143 216 Et
1176 175 1263 217 ille:
1298 175 1360 216 Ex
1395 190 1472 229 quo
1503 176 1562 217 ita
1585 177 1760 231 perfecte
1783 189 1866 218 me-

188 247 366 288 dicinam
407 259 539 287 meam
583 250 718 288 tecum
758 247 855 300 feci,
899 247 1004 288 sicut
1049 250 1089 288 et
1121 250 1183 299 tn,
1229 246 1349 287 modo
1383 247 1501 288 ambo
1534 247 1662 289 simus
1694 246 1858 302 equales

187 331 261 359 nec
302 318 410 358 inter
450 330 524 357 nos
565 318 619 358 sit
657 319 884 360 contentio!
932 317 986 359 Et
1027 318 1085 358 sic
1126 317 1244 359 ambo
1286 317 1486 372 posthoc
1519 318 1747 360 adinvicem
1781 318 1868 360 sine

188 388 448 430 contentione
482 389 686 430 vixerunt.

306 460 592 501 Moralimeio.
627 459 854 512 Carissimi,
878 472 952 514 per
974 460 1073 500 istos
1098 459 1198 500 duos
1223 459 1400 500 medicos
1423 459 1652 512 intelligere
1673 459 1868 502 debemus

186 529 317 583 legem
351 543 499 571 novam
533 534 573 572 et
606 531 836 584 antiquam,
880 544 957 584 que
991 530 1109 572 ambe
1146 530 1346 572 curabant
1379 534 1575 584 quantum
1610 531 1661 572 ad
1694 530 1868 573 salutem

188 601 337 642 anime.
386 600 513 643 Facta
545 605 606 643 est
638 602 850 643 contencio
883 605 924 643 et
956 601 1086 643 adhuc
1119 605 1181 643 est
1212 601 1319 642 inter
1341 600 1598 643 Christianos
1631 606 1672 644 et
1700 601 1869 655 Judeos,

187 685 265 726 que
305 671 372 713 lex
412 676 474 714 est
513 672 657 714 melior
697 676 737 714 et
774 672 994 727 perfectior
1035 673 1086 714 ad
1118 672 1377 727 probandum
1412 672 1641 714 veritatem.
1691 671 1872 722 Quilibet

191 743 330 785 oculos
364 743 532 785 alterius
566 743 766 796 extraxit,
808 744 881 785 hoc
914 748 976 785 est
1007 743 1181 786 dictum:
1220 744 1262 785 in
1293 743 1384 796 lege
1415 743 1584 797 antiqua
1614 743 1745 786 multa
1776 748 1873 786 sunt

188 828 211 856 a
251 814 397 868 quibus
438 815 537 856 deus
578 815 759 856 extraxit
799 815 905 856 sicut
948 814 1086 856 decem
1119 818 1314 870 precepta
1345 814 1387 855 in
1420 815 1590 869 antiqua
1621 814 1732 868 lege,
1765 815 1872 857 sicut

187 885 369 927 salvator
402 886 478 927 ait:
519 885 610 926 Non
651 886 742 927 veni
776 887 935 929 solvere
976 887 1107 939 legem
1148 886 1220 927 sed
1252 885 1442 940 implere3
1484 890 1530 927 ut
1561 885 1596 927 si
1628 886 1777 940 aliquis
1808 886 1871 928 in-

186 957 329 998 tendat
361 957 482 998 deum
526 956 684 1007 videre,
725 962 889 1012 oportet
926 962 971 999 ut
1010 958 1060 999 ad
1093 970 1239 998 novam
1273 956 1404 1010 legem
1444 961 1631 999 recurrat
1662 961 1702 999 et
1732 958 1872 999 tunica

186 1027 384 1083 baptismi
418 1042 461 1069 se
494 1028 650 1069 induat.
703 1028 860 1070 Corvus
893 1030 1005 1071 venit
1036 1032 1076 1070 et
1107 1029 1247 1083 rapuit
1277 1041 1402 1069 unum
1436 1028 1597 1069 oculum
1629 1028 1870 1082 Judeorum‚

187 1103 233 1140 ut
272 1113 353 1141 non
396 1103 567 1155 possent
604 1099 820 1142 veritatem
860 1101 1020 1154 videre,
1061 1104 1101 1141 et
1139 1101 1181 1141 in
1213 1100 1301 1141 loco
1341 1099 1460 1153 hujus
1493 1099 1672 1155 ponebat
1709 1099 1870 1142 oculum

188 1184 311 1225 capre
344 1170 502 1212 scilicet
534 1171 731 1224 quasdam
767 1172 1024 1225 cerimonias,
1059 1171 1205 1225 quibus
1237 1174 1427 1224 utuntur,
1461 1184 1534 1226 per
1567 1184 1668 1225 quas
1700 1171 1873 1213 credunt

187 1241 307 1282 deum
344 1241 496 1295 videre,
531 1245 572 1283 et
603 1241 720 1283 ibunt
752 1243 803 1284 ad
836 1243 1027 1284 tenebras
1050 1243 1289 1295 exterioreS,
1322 1242 1391 1284 ubi
1415 1242 1494 1284 erit
1514 1241 1634 1284 fletus
1657 1246 1698 1284 et
1719 1241 1871 1285 stridor

187 1312 389 1354 dencium.

870 1544 972 1586 CAP.
999 1545 1066 1586 77.
1091 1546 1194 1596 (69.)

513 1629 649 1690 Quod
684 1632 747 1676 ad
781 1632 960 1677 divitias
996 1646 1091 1676 non
1129 1638 1191 1676 est
1227 1631 1542 1677 anhelandum.

305 1739 408 1781 Erat
440 1739 606 1793 quidam
640 1753 727 1793 rex,
761 1740 828 1794 qui
862 1740 962 1782 duas
994 1739 1100 1782 filias
1133 1739 1328 1791 habebat;
1361 1753 1444 1782 una
1476 1744 1564 1782 erat
1595 1739 1872 1795 pulcherrima

189 1815 229 1853 et
268 1810 457 1853 omnibus
503 1824 714 1864 amorosa,
757 1811 887 1853 altera
924 1812 1043 1865 nigra
1081 1816 1121 1853 et
1161 1811 1349 1853 omnibus
1389 1811 1542 1852 odiosa.
1599 1811 1687 1853 Rex
1726 1811 1871 1853 videns

187 1881 293 1923 filias
327 1896 422 1923 suas
456 1896 577 1923 unam
612 1882 840 1938 pulchram,
874 1882 997 1924 aliam
1030 1883 1206 1936 nigram,
1240 1883 1298 1924 eis
1330 1883 1499 1924 nomina
1529 1883 1746 1938 imposuit3
1780 1882 1871 1938 pul-

189 1954 284 1995 chre
317 1953 399 1995 filie
432 1954 629 2009 imposuit
661 1968 807 1996 nomen
833 1955 989 1996 scilicet
1010 1954 1275 2007 Rosimunda,
1308 1954 1425 2008 nigre
1452 1953 1535 1996 filie
1556 1967 1706 1996 nomen
1728 1953 1872 1996 Gratia

189 2025 324 2080 plena.
375 2024 534 2066 Deinde
566 2039 784 2080 preconem
818 2040 892 2081 per
923 2030 1055 2068 totum
1088 2039 1259 2078 regnum
1282 2026 1396 2067 misit
1417 2025 1730 2080 promulgando,
1763 2025 1871 2080 quod

191 2110 332 2138 omnes
365 2096 567 2149 venirent,
602 2100 642 2138 et
672 2096 777 2138 filias
811 2111 905 2138 suas
937 2098 979 2138 in
1012 2097 1321 2138 matrimonium
1355 2097 1472 2138 daret
1502 2096 1598 2150 illis,
1631 2097 1700 2151 qui
1722 2097 1773 2138 ad
1794 2096 1871 2138 hoc

191 2167 304 2221 digni
347 2171 495 2208 essent.
552 2167 791 2222 Quicunque
834 2182 928 2210 vero
970 2169 1182 2223 pulchram
1221 2167 1350 2210 filiam
1390 2168 1433 2209 in
1471 2181 1642 2210 uxorem
1683 2168 1870 2223 accipiet,

192 2237 315 2292 [fflb]
351 2238 477 2280 nichil
517 2252 607 2280 cum
649 2253 697 2280 ea
735 2239 814 2280 nisi
854 2239 1201 2294 pulchritudinem
1243 2240 1466 2289 obtineret;
1505 2239 1576 2281 sed
1609 2239 1678 2294 qui
1710 2239 1870 2292 nigram

190 2309 317 2351 filiam
358 2309 399 2350 in
432 2323 602 2351 uxorem
646 2310 871 2366 acciperet,
913 2314 1044 2352 totum
1078 2325 1248 2364 regnum
1282 2315 1376 2366 post
1416 2311 1501 2364 ejus
1534 2311 1744 2353 decessum
1779 2323 1870 2352 cum

191 2395 239 2423 ea
273 2381 489 2422 obtineret.
537 2380 658 2422 Multi
691 2381 765 2423 hoc
800 2382 1012 2424 audientes
1046 2382 1096 2423 ad
1130 2383 1283 2424 curiam
1318 2382 1427 2435 regis
1460 2385 1674 2436 venerunt,
1707 2385 1748 2423 et·
1778 2394 1871 2423 cum

191 2452 292 2493 duas
324 2451 430 2493 filias
474 2451 678 2505 viderent,
720 2467 860 2495 omnes
893 2454 942 2495 ad
978 2453 1189 2508 pulchram
1223 2453 1349 2494 filiam
1383 2453 1603 2495 currebant
1634 2456 1675 2494 et
1706 2466 1796 2494 eam
1828 2453 1871 2493 in

191 2537 362 2565 uxorem
396 2522 602 2578 petebant.
653 2522 796 2566 Gratia
830 2524 963 2579 plena,
997 2525 1115 2578 nigra
1147 2525 1244 2577 filia,
1277 2538 1415 2566 amare
1446 2523 1572 2566 flevit.
1620 2523 1693 2566 Ait
1715 2524 1752 2566 ei
1772 2537 1868 2566 rex:
1898 2578 1903 2581 q

192 2595 224 2637 Ο
247 2595 344 2648 filia,
379 2595 429 2637 ob
463 2608 584 2648 quam
619 2609 704 2636 rem
739 2595 935 2649 affligitur
961 2596 1098 2637 anima
1120 2596 1217 2637 tua?
1250 2596 1324 2637 Ait
1344 2595 1433 2637 illa:
1467 2595 1499 2637 O
1523 2595 1701 2648 domine,
1733 2595 1870 2637 nullus

192 2671 274 2719 est,
315 2667 384 2720 qui
415 2679 480 2707 me
514 2666 670 2719 visitet,
713 2680 787 2708 nec
821 2681 976 2709 mecum
1011 2668 1222 2721 loquatur3
1264 2680 1404 2709 omnes
1438 2666 1488 2708 ad
1520 2680 1701 2708 sororem
1735 2680 1869 2708 meam

192 2742 363 2779 currunt
401 2742 440 2778 et
484 2751 624 2779 omnes
664 2751 728 2779 me
768 2739 1012 2793 despiciunt.
1060 2739 1132 2780 Ait
1163 2742 1301 2793 pater:
1342 2737 1374 2780 O
1406 2737 1509 2791 filia,
1541 2738 1729 2792 ignoras,
1763 2738 1869 2792 quod

121 2817 166 2850 35
193 2809 329 2849 omnia
361 2822 453 2850 mea
483 2812 554 2850 tua
586 2812 694 2861 sunt,
727 2813 767 2850 et
795 2810 862 2863 qui
886 2814 925 2851 te
948 2809 1272 2864 desponsaverit,
1304 2822 1472 2862 regnum
1499 2822 1632 2851 meum
1656 2809 1868 2852 obtinebit.

194 2879 267 2920 Illa
301 2880 357 2920 sic
400 2880 644 2922 comfortata
685 2894 706 2921 a
737 2879 852 2929 fletu
877 2881 1075 2923 cessabat.
1123 2880 1222 2923 Post
1258 2880 1331 2923 hec
1372 2881 1484 2922 venit
1516 2881 1682 2935 quidam
1713 2894 1785 2923 rex
1818 2879 1869 2923 ad

289 2961 331 2994 10
356 2960 498 3005 quibus]
526 2967 611 3007 oriy.
628 2970 710 3006 qua.
