1919 3157
834 84 914 125 317

40 196 168 233 terra:
211 190 245 232 A
277 203 342 232 me
375 189 625 241 absorberis,
666 188 867 230 infernus:
910 189 947 230 A
979 201 1043 230 me
1075 186 1330 240 deglucieris.
1388 186 1576 227 Secunda
1609 199 1707 226 vox:

39 260 176 303 Redde
209 264 283 303 etc.
332 259 436 309 Quid
469 259 636 300 reddere
669 258 816 300 debes?
868 259 1006 301 Primo
1038 261 1146 300 certo
1179 258 1252 298 deo
1287 257 1464 298 animani
1500 255 1708 308 mundam,

39 345 159 386 quam
197 331 295 374 deus
329 331 377 372 ad
411 343 525 372 suam
560 329 869 371 similitudinem
903 330 1057 372 creavit
1088 333 1128 371 et
1159 342 1232 383 per
1264 328 1349 381 ejus
1381 328 1613 382 passionem
1647 340 1709 368 re-

39 402 178 444 demit.
232 401 309 443 Per
340 401 562 443 secundum
597 400 733 442 Redde
766 401 861 455 quid
894 401 1015 443 debes
1048 399 1243 442 reddere?
1296 399 1414 440 verte
1447 398 1586 439 divina
1619 410 1709 452 pre-

38 477 158 528 cepta
196 472 409 515 serviendo
450 471 629 513 decimas
670 471 898 513 oblaciones
932 476 972 514 et
1002 476 1132 514 totum
1165 483 1312 525 corpus
1346 469 1385 510 in
1419 469 1504 522 ejus
1537 468 1708 510 servicio

38 543 266 586 voluntarie
305 548 344 585 te
376 542 582 584 offerendo
617 547 659 583 ut
692 542 844 597 poteris
877 543 1010 585 dicere
1043 555 1133 584 cuin
1167 540 1254 582 Ps.:
1293 539 1474 581 Reddam
1509 539 1582 580 tibi
1616 542 1708 580 vota

37 627 141 656 mea.
196 613 274 656 Per
313 614 485 656 tercium
525 613 660 655 Redde
700 613 926 667 intelligas,
968 613 1074 667 quod
1111 612 1185 654 deo
1219 611 1342 653 debes
1374 610 1543 652 reddere
1576 609 1708 664 primo

38 689 168 728 totum
199 698 346 740 corpus
369 689 498 737 tuum,
532 688 575 725 ut
598 697 687 726 eum
712 684 858 738 diligas
881 689 966 726 toto
990 683 1123 736 corde,
1156 686 1243 724 tota
1266 682 1417 734 anima,
1450 685 1536 722 tota
1560 683 1707 732 mente,

37 759 82 797 ut
120 756 175 798 sis
215 760 384 811 paratus
425 768 498 810 pro
537 755 622 808 ejus
663 768 801 797 amore
839 755 976 797 onmia
1008 755 1217 810 pacienter
1248 752 1423 794 tolerare
1455 750 1632 792 secundo
1666 754 1709 791 ut

37 826 182 880 diligas
221 826 453 882 proximum
493 829 608 866 tuum
652 826 757 867 sicut
799 826 989 881 teipsum.
1046 824 1190 866 Tereia
1221 837 1320 865 vox:
1361 822 1471 875 Fuge
1503 825 1577 863 etc.
1632 820 1709 862 Per

37 898 214 953 primum
247 896 358 951 Fuge
391 896 512 939 debes
545 896 786 950 intelligere,
821 897 927 951 quod
951 897 1090 950 fugere
1113 895 1235 937 debes
1259 893 1465 936 diabolum
1489 906 1563 948 per
1585 905 1709 947 opera

36 968 316 1011 misericordie
356 972 397 1010 et
437 967 700 1020 humilitatis,
742 968 938 1009 mundum
979 981 1052 1023 per
1091 969 1399 1022 paupertatem,
1439 976 1602 1006 carnem
1638 976 1709 1017 per

30 1039 231 1094 jejunium
265 1043 305 1082 et
336 1040 579 1081 castitatem.
628 1039 705 1081 Per
732 1039 954 1082 secundum
978 1037 1089 1091 Fuge
1111 1036 1330 1090 intelligas,
1364 1035 1484 1090 quod,
1518 1035 1557 1076 in
1581 1046 1709 1087 quan-

35 1115 123 1152 tum
161 1111 336 1166 poteris,
379 1111 508 1152 vitare
543 1109 665 1152 debes
699 1116 866 1165 peccata
898 1114 937 1152 et
968 1109 1177 1165 propriam
1211 1106 1464 1149 voluntatem
1497 1109 1537 1147 et
1567 1104 1710 1146 mundi

36 1181 260 1224 vanitatem
293 1185 333 1224 et
365 1181 619 1224 consorcium
652 1182 867 1224 malorum.
915 1181 993 1223 Per
1018 1179 1193 1222 tercium
1214 1178 1326 1232 Fuge
1348 1176 1569 1229 intelligas,
1602 1174 1710 1229 quod

34 1253 175 1307 fugere
206 1252 328 1295 debes
360 1253 565 1295 infernum
598 1257 638 1294 et
670 1253 755 1307 ejus
787 1266 936 1308 penam
969 1265 1042 1307 per
1074 1250 1380 1302 contricionem,
1412 1246 1709 1290 confessionem

37 1327 76 1367 et
114 1323 456 1378 satisfactionem,
497 1324 593 1378 quia
631 1338 734 1379 puer
765 1328 885 1366 natus
918 1326 980 1365 est
1010 1321 1150 1375 nobis,
1189 1321 1303 1374 cujus
1334 1319 1552 1374 imperium
1587 1330 1711 1372 super

34 1395 216 1437 humeris
249 1395 348 1449 ejus.
396 1394 574 1436 Puerum
606 1395 732 1437 istum
764 1395 926 1437 ihesum
949 1393 1157 1446 Christum
1190 1391 1310 1433 multi
1338 1392 1640 1446 persequuntur
1672 1391 1712 1429 et

35 1466 194 1521 ipsum,
235 1469 433 1521 quantum
473 1465 515 1506 in
555 1466 612 1508 eis
653 1469 735 1520 est,
775 1479 864 1508 cum
907 1465 1023 1507 viciis
1058 1468 1098 1506 et
1129 1461 1476 1518 concupiscenciis
1508 1459 1708 1502 occidunt.

37 1535 117 1579 Sed
149 1536 227 1579 duo
260 1537 453 1590 armigeri
486 1537 570 1578 scil.
595 1537 784 1592 potencia
815 1537 956 1579 divina
988 1539 1027 1578 et
1051 1549 1125 1577 sua
1145 1534 1285 1588 gracia
1308 1547 1331 1576 a
1353 1532 1543 1575 cordibus
1565 1530 1711 1572 talium

34 1621 205 1664 puerum
241 1607 401 1649 [hesum
433 1608 619 1663 rapiunt,
663 1608 758 1662 quia
798 1622 901 1663 puer
932 1607 1074 1649 lhesus
1106 1619 1187 1648 non
1220 1605 1396 1647 libenter
1428 1602 1602 1657 quiescit
1633 1601 1711 1643 nisi

34 1679 77 1720 in
115 1678 204 1721 loco
241 1678 405 1720 mundo.
459 1678 566 1721 Puer
599 1678 738 1721 Ihesus
778 1679 945 1734 ponitur
976 1679 1018 1720 in
1051 1677 1195 1719 arbore
1228 1675 1313 1718 scil.
1338 1676 1379 1717 in
1412 1674 1603 1727 ecclesia,
1643 1672 1711 1714 ubi

37 1748 120 1791 dux
151 1749 281 1792 bonus
313 1749 496 1805 prelatus
529 1764 621 1792 eum
653 1750 836 1792 inveniet
857 1763 930 1805 per
953 1762 1078 1805 opera
1099 1747 1312 1789 meritoria
1334 1750 1372 1789 et
1395 1746 1525 1787 nutrit
1546 1743 1710 1797 munde,

35 1821 107 1863 sed
138 1820 258 1863 homo
291 1821 417 1862 miser
444 1834 526 1863 non
548 1821 697 1863 timens
720 1821 840 1863 deum
865 1820 1013 1876 accipit
1036 1833 1126 1861 eum
1150 1819 1190 1860 in
1215 1818 1348 1870 altari,
1382 1821 1422 1858 et
1442 1820 1539 1858 tunc
1559 1815 1713 1870 poterit

36 1893 86 1936 de
124 1906 171 1935 eo
203 1892 302 1946 dici,
343 1892 450 1947 quod
481 1892 630 1934 dicitur
661 1906 798 1946 genes.
823 1904 912 1933 xv1.
944 1891 993 1933 de
1024 1890 1199 1945 Joseph:
1239 1889 1346 1932 Fera
1376 1887 1558 1943 pessima
1589 1886 1711 1928 devo-

35 1964 144 2006 ravit
172 1963 303 2005 filium
334 1977 470 2005 meum
502 1963 527 2004 i.
548 1976 581 2005 e.
605 1962 827 2005 Christum.
882 1962 926 2005 Si
957 1962 1018 2004 vis
1051 1975 1147 2015 ergo
1178 1964 1267 2002 tute
1298 1958 1539 2015 procedere,
1573 1956 1711 1999 occide

34 2034 216 2090 leporem
248 2034 334 2076 scil.
358 2047 522 2076 carnem
554 2037 666 2076 tuam
698 2034 725 2076 i.
745 2047 778 2076 e.
803 2033 989 2076 carnales
1022 2031 1257 2074 affectiones
1279 2044 1353 2086 per
1375 2029 1621 2082 oracionem,
1648 2028 1711 2082 je-

29 2105 192 2160 junium
226 2109 266 2147 et
296 2105 587 2160 elemosynam,
621 2108 661 2147 et
692 2106 751 2147 sic
783 2104 953 2147 extrahe
985 2116 1054 2146 cor
1084 2107 1216 2156 tuum,
1247 2106 1294 2144 ut
1324 2114 1427 2157 puer
1448 2099 1588 2142 Ihesus
1620 2102 1711 2154 pot-

37 2176 116 2219 erit
145 2176 296 2219 salvari
327 2180 368 2218 et
397 2182 532 2218 tecum
564 2189 743 2229 manere,
777 2179 818 2218 et
846 2175 972 2217 filiam
1003 2178 1118 2216 tuam
1140 2174 1166 2215 i.
1187 2187 1220 2216 e.
1245 2173 1423 2214 animam
1447 2171 1708 2226 desponsare.

39 2245 128 2302 [24]
164 2246 244 2290 Sed
275 2247 412 2303 sepius
438 2247 652 2300 contingit,
685 2247 793 2301 quod
815 2246 935 2288 homo
957 2246 1158 2288 recidivat
1180 2248 1221 2287 et
1239 2244 1400 2286 litteras
1424 2242 1567 2284 scribit
1586 2254 1711 2283 manu

37 2318 206 2373 propria
243 2322 317 2361 etc.
375 2317 531 2360 Littere
562 2318 639 2360 iste
671 2322 766 2360 sunt
797 2317 1070 2371 cogitaciones
1102 2316 1210 2358 male
1242 2319 1282 2358 et
1312 2326 1503 2370 perverse
1537 2312 1587 2354 ad
1619 2325 1711 2367 per-

38 2388 283 2444 petrandum
314 2389 437 2442 mala,
469 2402 542 2444 per
574 2401 652 2443 que
682 2401 784 2444 puer
816 2388 885 2431 ille
917 2388 1083 2430 omnino
1116 2401 1140 2429 a
1168 2391 1209 2430 te
1231 2386 1516 2439 extinguatur3
1549 2386 1589 2425 et
1610 2382 1710 2424 istas

37 2457 196 2502 litteras
235 2459 378 2502 scribit
418 2459 538 2501 uxori
576 2459 603 2500 i.
624 2473 657 2501 e.
681 2460 795 2501 carni
827 2459 1057 2515 appetendo
1089 2458 1230 2512 gulam
1263 2455 1337 2511 [et]
1370 2455 1599 2508 luxuriam,
1640 2452 1711 2496 sed

39 2530 228 2573 sacerdos
265 2531 464 2573 discretus
503 2529 588 2573 scil.
620 2530 829 2573 confessor
869 2534 990 2585 atque
1029 2529 1263 2585 predicator
1303 2527 1424 2570 debet
1455 2525 1615 2581 aperire
1647 2537 1712 2566 sa—

39 2613 151 2644 cram
188 2602 436 2657 scripturam
477 2604 518 2643 et
557 2600 698 2643 stilum
738 2600 972 2644 litterarum
1003 2601 1029 2642 i.
1055 2614 1088 2642 e.
1114 2599 1317 2641 malorum
1350 2610 1520 2653 operum
1552 2598 1712 2637 mutare

39 2684 112 2727 per
148 2672 446 2728 penitenciam,
486 2675 525 2714 et
562 2674 661 2714 tunc
695 2684 798 2727 puer
828 2671 968 2714 Ihesus
1008 2671 1096 2713 sine
1127 2670 1250 2712 dubio
1282 2672 1396 2710 tuam
1429 2667 1611 2709 animam
1643 2665 1712 2707 de-

40 2743 262 2798 sponsabit.
314 2743 382 2785 Ad
414 2756 535 2798 quam
569 2742 932 2797 desponsacionem
964 2741 1173 2797 principes
1205 2743 1325 2783 erunt
1356 2738 1488 2780 vocati
1521 2736 1606 2779 scil.
1631 2736 1712 2778 vir-

39 2815 146 2856 tutes
178 2813 406 2856 cardinales
438 2817 479 2857 et
509 2813 686 2855 theorice
720 2816 759 2855 et
789 2812 848 2856 sic
879 2813 1034 2868 poteris
1065 2825 1158 2854 cum
1190 2811 1353 2854 Christo
1386 2821 1570 2862 regnare.

134 2894 177 2929 18
201 2893 369 2938 humeris]
396 2900 482 2940 oriy.
499 2893 698 2929 humerum.

1736 827 1779 861 10

1737 1181 1779 1215 15

1736 1538 1781 1571 20

1737 1893 1780 1928 25

1736 2250 1781 2284 30

1736 2602 1781 2637 35
