1919 3157
854 66 937 107 625

65 169 299 225 nuptiarum
350 171 659 213 constituerunt.
729 171 813 214 Rex
871 184 963 213 vero
1016 175 1108 213 aute
1156 171 1320 226 nuptias
1367 173 1478 214 venit
1523 172 1572 214 de
1617 176 1727 215 terra

65 244 216 282 sancta.
287 240 330 282 In
384 242 448 283 via
499 242 600 284 vidit
658 242 813 283 leonem
860 243 1050 295 juvenem
1112 255 1157 284 ac
1208 241 1446 297 leopardum
1499 243 1725 286 adinvicem

65 324 266 366 pugnans,
300 316 339 353 et
363 312 579 367 leopardus
602 313 684 354 fere
717 312 872 354 leonem
908 313 1066 354 occidit.
1119 312 1203 354 Rex
1236 326 1330 354 vero
1363 312 1469 354 leoni
1501 314 1727 370 compacie-

63 381 196 436 batur,
229 381 408 435 gladium
443 384 623 425 extraxit
644 389 684 425 et
709 388 850 425 contra
871 382 1109 438 leopardum
1143 384 1341 438 pugnavit
1372 388 1411 425 et
1443 398 1532 426 eum
1566 386 1725 428 occidit.

61 451 144 494 Leo
191 466 286 496 vero
334 455 470 496 statim
519 469 651 508 regem
701 455 944 509 sequebatur
990 467 1117 509 usque
1170 453 1220 495 ad
1267 467 1390 496 mare.
1445 455 1529 497 Rex
1582 470 1725 499 navem

62 524 244 566 ascendit
281 529 321 567 et
357 524 514 567 leonem
558 527 597 567 iu
635 530 743 567 terra
784 525 952 567 dimisit.
1018 524 1096 567 Sed
1143 524 1204 566 leo
1245 524 1320 566 hoc
1360 525 1500 568 videns
1538 540 1619 569 non
1658 527 1727 569 ob-

61 598 195 637 stante
226 595 268 637 in
298 609 410 638 mare
442 597 606 639 saltavit
637 602 676 639 et
708 600 801 651 post
830 609 973 638 navem
1007 595 1186 637 natabat.
1234 595 1319 638 Rex
1353 610 1447 638 vero
1479 597 1553 639 hoc
1586 597 1726 640 videns

61 669 184 708 naute
216 667 399 722 precepit
431 673 474 710 ut
505 682 595 710 eum
629 667 915 720 introduceret,
948 671 988 709 et
1015 667 1073 709 sic
1104 667 1254 709 factum
1288 670 1361 709 est.
1415 667 1516 709 Cum
1549 682 1643 711 vero
1676 669 1725 710 ad

60 739 212 778 terram
243 744 454 792 venerunt,
487 753 558 781 rex
592 739 640 780 ad
671 743 847 780 castrum
883 751 998 779 suum
1033 738 1255 792 equitabat,
1288 737 1350 780 leo
1383 752 1473 781 eum
1505 739 1725 794 peditando

60 807 317 862 sequebatur.
373 809 472 851 Cum
507 824 600 852 vero
640 823 767 865 prope
799 814 975 851 castrum
1011 809 1190 851 venisset
1224 810 1416 851 nuncium
1449 810 1581 865 primo
1614 811 1727 852 misit

60 877 111 919 ad
142 879 474 934 auscultandum,
508 881 708 936 quomodo
740 881 880 934 regina
913 894 954 922 se
987 879 1174 931 haberet3
1213 880 1385 923 nuncius
1416 881 1540 923 rediit
1571 881 1725 923 denun-

59 949 171 991 cians
203 951 309 1005 regi,
350 952 456 1006 quod
489 965 627 994 omnes
664 951 882 993 nobiliores
915 951 1029 1005 regni
1068 951 1110 992 in
1143 965 1285 993 mensa
1321 951 1508 994 sederent
1540 965 1586 994 eo
1619 952 1725 1007 quod

58 1021 200 1074 regina
236 1023 395 1078 nupciis
436 1027 523 1065 erat
559 1023 711 1065 tradita
749 1023 815 1064 uni
855 1022 988 1064 militi.
1043 1021 1129 1064 Rex
1168 1035 1258 1064 cum
1299 1022 1374 1065 hoc
1412 1023 1592 1065 audisset
1631 1036 1726 1065 con·

58 1091 210 1134 vivium
242 1092 352 1135 solus
383 1094 565 1147 intravit,
597 1093 659 1136 leo
693 1107 786 1136 vero
819 1093 1076 1148 sequebatur,
1109 1106 1199 1135 cum
1231 1093 1389 1135 invenit
1420 1107 1560 1136 omnes
1591 1106 1725 1137 come-

58 1161 198 1204 dentes
245 1167 285 1205 et
324 1164 493 1206 militem
533 1178 624 1207 cum
664 1165 721 1207 eis
760 1165 828 1219 qui
868 1165 1052 1218 reginam
1101 1164 1439 1220 desponsaverat,
1486 1164 1549 1207 leo
1588 1177 1723 1207 coram

58 1233 246 1275 omnibus
278 1234 392 1276 illum
426 1236 577 1277 invasit
608 1240 648 1278 et
686 1236 843 1278 occidit.
883 1235 998 1286 Quod
1020 1235 1202 1278 videntes
1235 1235 1303 1277 alii
1336 1236 1454 1278 valde
1485 1236 1723 1278 timuerunt.

56 1302 130 1346 Ait
160 1317 251 1346 rex:
284 1305 410 1348 nolite
442 1306 598 1360 timere,
633 1307 741 1349 solus
773 1307 962 1349 inimicus
995 1320 1108 1349 meus
1141 1311 1202 1349 est
1233 1307 1402 1361 occisus,
1435 1320 1604 1350 uxorem
1627 1320 1722 1350 vero

55 1375 236 1428 graviter
266 1377 428 1432 punivit
459 1381 499 1420 et
529 1377 686 1420 leonem
720 1391 856 1420 secum
889 1378 1079 1420 continue
1110 1379 1253 1420 tenuit.

173 1447 383 1490 Reductzo.
439 1448 670 1503 Carissimi,
703 1462 774 1490 rex
807 1450 885 1491 iste
917 1453 1051 1504 potest
1080 1449 1157 1491 dici
1192 1449 1362 1504 quilibet
1393 1448 1522 1491 bonus
1555 1420 1724 1492 Cristia-

55 1529 145 1570 nus,
177 1519 245 1572 qui
269 1518 391 1562 habet
422 1533 464 1562 se
486 1521 619 1576 ipsum
654 1520 934 1576 principaliter
964 1534 1103 1574 regem
1135 1525 1175 1562 et
1197 1533 1338 1562 versus
1361 1523 1515 1562 terram
1538 1524 1721 1563 sanctam

54 1587 80 1628 i.
111 1601 144 1630 e.
175 1602 346 1643 regnum
379 1590 527 1634 celeste
557 1605 630 1647 per
668 1605 794 1647 opera
831 1591 1041 1634 meritoria
1086 1605 1266 1647 pergere.
1330 1590 1409 1633 Sed
1456 1605 1552 1648 sepe
1591 1591 1722 1646 miles,

54 1657 80 1699 i.
104 1672 137 1701 e.
170 1661 346 1703 mundus
385 1662 462 1704 iste
499 1663 625 1704 trahit
663 1676 854 1716 uxorem,
895 1663 918 1704 i.
944 1676 977 1704 e.
1011 1675 1176 1705 carnem
1215 1675 1306 1704 cum
1339 1663 1455 1705 viciis
1496 1665 1537 1705 et
1575 1676 1723 1705 concu-

54 1730 292 1786 piscenciis,
333 1736 372 1775 et
403 1734 564 1788 quando
597 1734 716 1776 homo
749 1734 894 1777 melius
925 1734 1055 1776 credit
1083 1734 1222 1776 vivere
1253 1734 1363 1776 venit
1398 1733 1484 1787 lec,
1525 1747 1578 1776 sc.
1611 1747 1721 1776 mors

55 1805 96 1843 et
132 1802 328 1845 mundum
368 1817 391 1846 a
429 1809 468 1847 te
507 1805 711 1859 extinguit
750 1811 791 1848 et
828 1806 885 1847 sic
924 1809 986 1848 est
1023 1805 1143 1847 homo
1184 1805 1366 1860 perditus
1406 1805 1448 1846 in
1481 1818 1650 1860 corpore
1682 1809 1723 1847 et

54 1872 95 1914 in
128 1874 276 1916 animo.

171 1945 384 1988 Reductz'o.
437 1946 669 2000 Carissimi,
710 1961 784 1989 rex
822 1948 898 1990 iste
938 1950 999 1990 est
1029 1947 1129 1989 deus
1161 1947 1231 2002 qui
1262 1947 1454 1989 transivit
1485 1947 1535 1989 ad
1565 1951 1720 1990 terram

54 2018 259 2070 sanctam,
298 2017 323 2058 i.
355 2030 387 2058 e.
429 2017 573 2060 celum.
629 2017 795 2060 Interim
836 2018 954 2061 miles
992 2019 1069 2061 iste
1108 2031 1161 2060 sc.
1196 2017 1394 2073 dyabolus
1433 2018 1592 2061 confert
1629 2031 1720 2060 cum

53 2086 208 2141 regina,
240 2087 282 2129 id
314 2091 376 2130 est
401 2089 538 2131 anima
560 2088 684 2131 Cristi
716 2102 879 2144 sponsa,
912 2089 1018 2144 quod
1052 2090 1087 2131 ei
1119 2090 1178 2132 sic
1207 2089 1409 2132 consentit
1440 2089 1546 2144 quod
1578 2102 1721 2145 pecca-

53 2160 138 2199 tum
178 2159 417 2213 committit,
455 2159 517 2203 leo
561 2174 654 2202 vero
688 2164 750 2203 est
779 2160 886 2202 filius
926 2161 1012 2214 dei,
1053 2161 1122 2215 qui
1161 2164 1303 2202 contra
1333 2160 1594 2216 leopardum,
1632 2161 1658 2202 i.
1684 2174 1717 2203 e.

53 2227 272 2284 dyabolum
306 2231 520 2285 pugnavit,
553 2236 594 2274 et
624 2245 715 2285 rex,
754 2232 780 2273 i.
803 2246 835 2274 e.
870 2236 987 2287 pater
1018 2231 1192 2285 celestis,
1224 2231 1341 2273 illum
1372 2232 1582 2274 inimicum
1616 2232 1719 2275 occi-

53 2298 115 2341 dit
145 2305 185 2342 et
216 2301 426 2342 victoriam
469 2303 658 2357 optinuit.
714 2301 791 2345 Sed
833 2316 924 2345 cum
956 2303 1054 2345 deus
1089 2303 1138 2344 ad
1164 2302 1364 2356 judicium
1397 2303 1556 2345 venerit
1586 2307 1626 2345 et
1655 2303 1718 2345 leo

53 2382 108 2412 sc.
142 2371 239 2413 deus
281 2374 321 2413 et
358 2372 477 2414 homo
510 2373 725 2428 apparebit
754 2374 904 2415 ibidem
939 2377 978 2415 et
1010 2374 1042 2415 si
1074 2374 1276 2415 invenerit
1306 2374 1511 2416 hominem
1545 2374 1717 2430 dyabolo

52 2441 309 2496 conjunctum
345 2442 561 2497 dyabolum
595 2445 754 2498 occidit,
787 2444 862 2487 hoc
893 2450 955 2486 est
987 2445 1138 2486 eternis
1172 2445 1287 2499 penis
1314 2445 1527 2499 judicabit.
1588 2445 1717 2499 Roge-

53 2525 143 2554 mus
175 2526 270 2567 ergo
303 2513 510 2555 dominum
542 2519 725 2556 nostrum
760 2515 918 2558 Ihesum
952 2515 1131 2557 Cristum
1163 2519 1236 2558 etc.

726 2767 820 2822 217,
853 2779 957 2821 app.
980 2766 1048 2809 21.

171 2866 288 2914 Miles
321 2867 483 2926 quidam
517 2871 604 2910 erat
635 2868 702 2923 qui
735 2868 896 2910 unicum
929 2866 1056 2909 filium
1092 2867 1268 2910 habebat
1298 2879 1415 2921 quem
1447 2866 1621 2908 multum
1653 2865 1714 2908 di-

0 2965 2 2969 ·
54 2937 167 2984 lexit.
213 2941 341 2984 Filius
363 2942 440 2983 iste
472 2953 562 2982 cum
596 2940 646 2981 ad
668 2943 815 2981 etatem
852 2938 1102 2994 pervenisset
1132 2938 1286 2993 incepit
1315 2950 1459 2979 manus
1489 2941 1529 2979 et
1549 2936 1722 2980 brachia

97 3023 316 3060 Oesterley,
339 3023 431 3051 Gesta
451 3022 661 3050 Romanorum.
1392 3012 1437 3046 40
