1929 3162
65 930 105 963 lo

65 1307 105 1340 15

62 2020 106 2052 25>

63 2492 107 2525 30

931 59 1016 99 334

132 163 430 217 profunditate,
478 177 559 205 non
610 168 771 218 poterat
820 178 908 206 esse
956 164 1234 217 tranquillitas
1282 165 1421 206 maris.
1485 165 1640 208 Eodem
1681 166 1815 220 modo,

132 235 325 288 quamdiu
361 239 572 289 peccatum
608 235 841 289 hospitatur
873 236 913 276 in
947 235 1068 276 corde
1100 235 1291 288 hominis,
1325 236 1488 277 racione
1512 237 1626 290 cujus
1649 250 1816 279 consur-

132 306 191 358 git
222 309 447 360 tempestas
481 319 643 358 magna,
677 306 773 347 dum
807 309 951 346 contra
983 306 1103 347 deum
1138 311 1369 347 murmurat
1401 308 1670 361 consciencia,
1703 311 1816 350 tran-

133 376 315 429 quillitas
348 390 436 418 esse
469 390 547 418 non
585 381 730 430 potest,
765 377 893 418 donec
924 375 1052 418 Jonas
1085 390 1134 418 ex
1168 378 1261 418 navi
1296 382 1335 419 et
1366 383 1578 432 peccatum
1613 391 1663 420 ex
1696 379 1817 422 corde

133 447 364 501 expellatur
396 451 435 489 et
467 448 645 489 cessabit
677 452 903 502 tempestas
936 448 976 489 id
1011 452 1073 489 est
1105 462 1310 489 remorsus
1344 450 1611 501 consciencie,
1654 450 1816 504 quando

132 522 343 572 peccatum
395 519 434 560 in
483 519 687 573 profundo
736 519 884 560 inferni
934 519 1207 572 demergatur.
1272 519 1366 560 Ideo
1414 534 1492 561 non
1541 521 1817 563 sustineamus

131 589 376 643 yrundinem
411 590 451 631 id
485 594 547 632 est
579 595 791 645 peccatum
823 590 863 631 in
898 590 1031 642 corde,
1067 590 1137 632 sed
1171 590 1450 632 desideremus
1483 592 1610 633 vitam
1633 595 1816 634 eternam

132 659 328 713 obtinere,
363 660 414 702 ad
448 674 583 714 quam.

801 838 903 880 CAP.
938 838 1005 879 35.
1041 838 1142 890 (34).

273 920 344 963 De
377 921 507 974 pacis
543 920 865 976 reformatione
903 925 943 964 et
976 922 1172 966 vindicta
1211 936 1307 964 pam
1348 921 1675 980 (lissipcmtium.

247 1015 419 1068 Legitur
452 1017 490 1057 in
525 1017 650 1068 gestis
684 1016 975 1069 Romanorum,
1018 1017 1123 1070 quod
1157 1017 1251 1059 talis
1285 1023 1374 1059 erat
1405 1018 1670 1070 consuetudo,
1710 1019 1816 1072 quod

132 1100 221 1127 cum
256 1087 427 1129 formari
459 1087 626 1129 deberet
659 1088 796 1142 aliqua
838 1102 917 1142 pax
959 1088 1066 1129 inter
1099 1102 1282 1142 magnos,
1324 1089 1431 1130 inter
1471 1102 1572 1142 quos
1611 1089 1818 1130 discordia

133 1163 233 1209 erat,
276 1159 551 1200 ascendebant
583 1163 763 1200 montem
797 1173 989 1212 magnum
1033 1164 1073 1200 et
1113 1159 1240 1201 altum
1275 1163 1316 1201 et
1347 1160 1574 1201 ducebatur
1617 1173 1745 1213 agnus
1778 1164 1819 1202 et

132 1229 393 1271 occidebatur
426 1234 466 1272 et
496 1230 539 1271 in
571 1234 793 1284 conspectu
826 1244 967 1271 eorum
1002 1232 1168 1284 sanguis
1202 1232 1288 1285 ejus
1322 1229 1607 1272 effundebatur
1639 1231 1679 1272 in
1704 1231 1817 1286 pacis

130 1301 486 1353 reformacionem,
520 1301 561 1342 in
595 1302 756 1354 signum
791 1302 898 1355 quod
933 1302 1179 1356 quicumque
1212 1302 1374 1343 illorum
1408 1315 1552 1356 pacem
1581 1301 1816 1357 dissiparet,

131 1371 180 1413 de
214 1385 259 1413 eo
292 1385 441 1425 magna
474 1372 655 1413 vindicta
686 1373 939 1427 reciperetur
972 1378 1011 1415 et
1043 1374 1211 1426 sanguis
1244 1374 1330 1427 ejus
1364 1373 1653 1415 effunderetur.

250 1442 476 1491 Carissimi,
519 1444 658 1496 magni
700 1444 854 1485 domini
887 1444 1054 1486 fuerunt
1094 1445 1193 1505 degis
1236 1449 1354 1499 pater
1391 1448 1432 1486 et
1461 1444 1595 1486 homo.
1647 1443 1710 1485 De
1741 1443 1816 1485 deo

132 1514 231 1555 dicit
261 1513 501 1555 Psalmista:
544 1514 842 1567 Magnitudinis
876 1516 962 1569 ejus
995 1530 1075 1557 non
1110 1521 1172 1557 est
1204 1515 1310 1556 linis.
1358 1515 1419 1556 De
1452 1515 1629 1568 homine,
1664 1515 1732 1569 qui
1766 1514 1817 1556 ad

136 1583 206 1637 [32
219 1583 258 1638 b]
291 1585 514 1637 imaginem
548 1586 612 1626 dei
644 1586 776 1627 factus
810 1591 883 1638 est,
923 1586 1164 1628 psalmista:
1215 1586 1364 1628 Omnia
1396 1586 1605 1639 subjecisti
1638 1585 1713 1628 sub
1745 1599 1817 1641 pe-

133 1655 250 1697 dibus
291 1656 376 1708 ejus
410 1661 484 1698 etc.
549 1656 660 1698 luter
698 1658 799 1698 istos
841 1671 1012 1711 magnos
1051 1662 1139 1700 erat
1179 1657 1405 1710 discordia,
1454 1658 1659 1699 intantum
1709 1657 1816 1711 quod

132 1733 391 1781 quotcunque
425 1728 718 1781 moriebantur,
752 1729 801 1770 ad
836 1730 1040 1771 infernum
1074 1729 1385 1771 descenderunt.
1435 1728 1584 1770 Postea
1614 1728 1723 1770 facta
1755 1732 1818 1770 est

132 1812 213 1853 pax
246 1812 396 1852 magna
427 1799 535 1840 inter
567 1799 686 1840 deum
721 1804 761 1841 et
793 1800 1014 1853 hominem,
1047 1801 1089 1842 in
1123 1801 1237 1854 cujus
1271 1800 1383 1854 pacis
1416 1800 1709 1841 reformatione
1742 1799 1816 1841 du-

133 1870 300 1912 cebatur
333 1883 461 1923 agnus
494 1870 535 1911 id
569 1874 631 1912 est
653 1870 840 1913 Christus
875 1885 998 1926 super
1030 1876 1211 1914 montem
1235 1871 1428 1924 calvarie,
1462 1871 1531 1912 ubi
1555 1871 1817 1913 occidebatur

133 1946 173 1983 et
205 1940 491 1982 effundebatur
530 1943 697 1994 sanguis
740 1943 826 1996 ejus
858 1943 900 1983 in
933 1943 1109 1995 signum,
1152 1943 1258 1997 quod
1301 1943 1532 1996 quicunque
1571 1955 1711 1984 eorum
1744 1954 1817 1996 pa·

134 2026 219 2054 cem
260 2012 494 2066 dissiparet,
537 2013 585 2054 de
626 2027 671 2054 eo
713 2014 895 2055 maxima
934 2014 1116 2056 vindicta
1156 2015 1409 2068 reciperetur
1448 2018 1488 2055 et
1527 2014 1694 2066 sanguis
1729 2012 1816 2066 ejus

133 2082 422 2124 effunderetur.
478 2083 571 2124 Ideo
613 2084 645 2125 si
688 2089 852 2138 pactum
895 2098 986 2126 cum
1028 2085 1102 2127 deo
1134 2085 1320 2138 fregeriS,
1361 2085 1497 2137 gravis
1538 2084 1720 2126 vindicta
1752 2097 1815 2125 se-

134 2159 339 2208 queretur.
395 2153 599 2203 Quantam
642 2155 863 2197 vindictam
906 2157 1038 2198 credis
1079 2161 1117 2198 te
1149 2157 1313 2208 habere,
1357 2156 1391 2197 si
1424 2169 1484 2208 ea,
1528 2169 1606 2210 que
1638 2155 1680 2196 in
1715 2154 1816 2210 bap-

132 2226 255 2267 tismo
288 2225 530 2280 promisisti,
562 2225 734 2279 fregisti.

800 2404 902 2446 CAP.
937 2405 1007 2445 36.
1041 2404 1143 2455 (35.)

665 2484 739 2528 De
777 2500 911 2530 cursu
946 2487 1031 2530 vite
1069 2485 1276 2531 hominis.

248 2579 420 2634 Legitur
452 2579 501 2621 de
534 2579 711 2633 quodum
745 2595 853 2634 rege,
888 2582 957 2636 qui
990 2585 1084 2623 ante
1113 2582 1253 2623 omnia
1283 2584 1474 2623 naturam
1507 2581 1684 2622 hominis
1707 2580 1816 2623 desi-

134 2651 304 2693 derabat
335 2651 452 2693 scire.
506 2650 550 2691 In
584 2651 698 2704 cujus
731 2651 904 2706 imperio
938 2656 1027 2694 erat
1050 2652 1217 2706 quidam
1241 2652 1510 2707 philosophus
1533 2665 1662 2705 sagax
1684 2651 1816 2705 valde,

134 2722 183 2763 de
215 2722 329 2775 cujus
362 2721 532 2763 consilio
565 2722 725 2776 operati
758 2726 854 2764 sunt
885 2723 1017 2764 multi.
1071 2723 1159 2764 Rex
1191 2737 1283 2764 cum
1316 2723 1365 2764 de
1398 2736 1444 2764 eo
1478 2723 1673 2776 audisset,
1711 2735 1817 2764 nun-

135 2793 238 2833 cium
282 2792 333 2834 ad
371 2806 463 2834 eum
506 2793 678 2846 direxit,
726 2797 772 2834 ut
811 2794 898 2835 sine
940 2794 1134 2835 ulteriore
1174 2794 1374 2835 dilacione
1415 2793 1466 2834 ad
1507 2807 1600 2835 eum
1637 2793 1811 2835 veniret.

63 2867 109 2901 35
133 2862 429 2918 Philosophus,
475 2877 567 2906 cum
614 2863 867 2905 voluntatem
916 2865 1023 2917 regis
1070 2864 1364 2917 intellexisset,
1415 2864 1528 2906 venit
1565 2864 1617 2906 ad
1657 2877 1810 2917 regem.

133 2934 206 2975 Ait
244 2935 279 2975 ei
318 2949 411 2976 rex:
464 2934 679 2988 Magister,
728 2948 752 2975 a
790 2939 830 2976 te
869 2935 1122 2990 sapienciam
1162 2939 1203 2978 et
1241 2935 1472 2977 doctrinam
1520 2935 1610 2976 volo
1659 2935 1814 2977 audire.
