1949 3162
147 462 168 496 ω

130 818 172 851 10

134 1530 179 1564 20

991 57 1076 97 474

192 170 271 212 Vix
305 169 412 211 enim
446 168 534 221 ejus
567 165 796 207 amiciciam
829 163 904 205 sub
936 162 1009 203 hoc
1031 166 1151 217 pacto
1184 160 1461 210 obtinuerunt,
1495 156 1650 198 scilicet
1683 154 1790 209 quod
1823 153 1874 195 ad

192 242 346 284 curiam
382 239 468 292 ejus
501 237 692 292 pedester
734 240 774 278 et
813 238 1001 288 equester
1040 232 1195 288 pariter
1237 231 1260 272 i.
1286 244 1319 271 e.
1353 227 1648 281 semiequitans
1681 230 1721 267 et
1753 225 1875 267 semi-

194 310 408 354 ambulans
441 309 613 361 veniret,
646 312 686 350 et
717 307 823 362 quod
848 306 1014 347 (luceret
1036 316 1170 345 secum
1198 303 1373 343 amicum
1396 298 1682 341 fidelissimum
1704 300 1745 339 et
1760 296 1876 350 jocu-

194 384 367 425 latorem
410 381 611 435 optimum
658 384 698 421 et
743 378 953 419 inimicum
997 374 1329 431 perfidissimum.
1395 370 1511 412 Miles
1559 369 1734 410 multum
1781 380 1876 409 con-

195 454 382 496 tristatus
414 452 594 504 cogitare
626 450 754 505 cepit,
797 447 1000 502 quomodo
1041 446 1116 487 hoc
1150 448 1289 499 posset
1322 442 1507 497 implere.
1564 439 1748 490 Quadam
1782 450 1876 479 vero

195 529 326 578 nocte,
359 537 449 565 cum
483 522 744 578 peregrinum
781 519 984 573 quendam
1019 516 1201 572 hospicio
1234 513 1469 568 recepisset,
1502 511 1607 552 clam
1632 510 1738 552 dixit
1759 508 1879 551 uxori

196 610 286 639 sue:
329 594 440 648 Scio,
484 593 590 648 quod
626 591 829 647 peregrini
864 593 1098 645 promptam
1134 586 1348 642 pecuniam
1382 596 1518 625 secum
1559 584 1747 637 portant3
1788 578 1878 621 volo

197 679 313 721 ergO,
347 667 381 708 si
414 670 458 707 tu
490 664 690 716 suaseris,
731 676 822 704 eum
856 660 1107 711 interficere,
1149 662 1189 700 et
1220 656 1437 712 pecuniam
1471 654 1556 706 ejus
1590 651 1878 696 obtinebimus.

197 740 254 781 At
292 738 384 780 illa:
423 736 582 779 Bonum
625 738 687 776 est
727 732 958 775 consilium.
1014 730 1181 772 Cunctis
1222 741 1316 781 ergo
1350 723 1648 768 dormientibus
1680 723 1790 764 circa
1820 721 1882 762 di-

197 809 379 852 luculum
413 808 545 861 surgit
583 805 723 858 miles,
764 804 948 846 excitans
990 801 1252 857 peregrinum
1295 803 1334 840 et
1367 797 1478 839 abire
1504 796 1641 849 jubet;
1684 798 1724 836 et
1754 805 1880 835 unum

200 882 249 924 de
282 882 366 924 suis
399 879 538 921 vitulis
570 878 612 919 in
635 878 767 921 frusta
800 875 922 917 scidit
953 887 1110 929 ponens
1143 885 1234 914 eum
1268 871 1309 911 in
1343 882 1471 911 sacco.
1521 865 1680 909 Deinde
1711 876 1882 906 uxorem

199 967 314 995 suam
350 952 502 994 excitat
534 950 635 991 dans
669 948 747 990 sibi
780 959 957 998 saccum,
991 948 1036 986 ut
1066 945 1108 985 in
1142 941 1291 996 angulo
1325 941 1470 982 domus
1504 936 1785 989 absconderet,
1823 934 1884 976 di-

199 1038 314 1066 cens:
349 1023 524 1064 Tantum
557 1023 681 1075 caput
713 1022 753 1061 et
784 1031 905 1059 crura
933 1030 1025 1058 cum
1049 1015 1227 1057 brachiis
1258 1013 1299 1054 in
1323 1012 1398 1053 hoc
1420 1023 1537 1052 sacco
1570 1008 1702 1064 posui,
1735 1019 1884 1061 corpus

201 1100 336 1138 autem
370 1095 412 1135 in
443 1096 584 1134 nostro
617 1090 777 1133 stabulo
811 1088 995 1144 sepelivi.
1059 1086 1149 1128 Hiis
1182 1085 1302 1126 dictis
1336 1080 1634 1136 aliquantulum
1668 1077 1884 1135 pecuniam

201 1167 280 1209 sibi
313 1164 567 1217 ostendebat,
602 1176 648 1204 ac
679 1163 713 1204 si
742 1161 856 1203 illam
880 1159 1097 1214 peregrino
1121 1160 1282 1198 mortuo
1317 1153 1565 1196 abstulisset.
1614 1150 1716 1193 Cum
1749 1152 1886 1191 autem

202 1239 288 1281 dies
322 1237 504 1288 adesset,
538 1240 583 1276 ut
613 1233 779 1275 domino
813 1245 885 1273 suo
919 1244 961 1272 se
995 1231 1271 1285 presentaret,
1310 1225 1469 1280 accepit
1501 1238 1524 1265 a
1556 1222 1712 1265 dextris
1744 1233 1886 1262 canem

203 1316 243 1352 et
282 1321 454 1364 parvum
494 1306 623 1348 filium
667 1318 785 1345 suum
825 1304 865 1344 in
906 1301 1062 1355 gremio
1104 1304 1144 1341 et
1183 1311 1351 1340 uxorem
1392 1310 1415 1338 a
1453 1294 1645 1337 sinistris.
1703 1292 1888 1346 Cumque

203 1385 337 1423 castro
372 1378 526 1421 domini
560 1377 622 1419 sui
657 1375 1030 1431 appropinquaret,
1072 1372 1263 1413 dextrum
1296 1382 1388 1410 crus
1421 1381 1544 1423 super
1576 1366 1740 1407 dorsum
1775 1363 1888 1405 canis

205 1453 267 1494 sui
300 1451 411 1494 velut
443 1450 632 1504 equitans
666 1447 824 1503 posuit,
857 1459 930 1501 per
964 1444 1138 1486 alterum
1172 1440 1419 1495 gradiendo,
1457 1440 1596 1493 sicque
1628 1435 1818 1492 pedester
1850 1436 1891 1475 ct

205 1526 395 1578 equester
427 1525 607 1563 castrum
641 1518 797 1560 domini
830 1517 894 1558 sui
935 1516 1119 1557 intravit.
1176 1513 1263 1563 Quo
1296 1512 1383 1553 viso
1421 1524 1494 1552 rex
1534 1522 1624 1551 cum
1659 1505 1890 1549 astantibus

205 1594 445 1636 mirabatur.
496 1592 568 1634 Ait
600 1592 636 1633 ei
667 1604 762 1632 rex:
797 1588 874 1630 Ubi
909 1592 970 1629 est
1003 1587 1159 1628 amicus
1191 1589 1285 1626 tuus
1318 1579 1608 1624 fidelissimus?
1640 1578 1716 1629 Qui
1749 1576 1891 1619 statim

206 1666 429 1719 evaginans
461 1663 644 1718 gladium
678 1675 794 1703 suum
830 1673 973 1701 canem
1006 1658 1187 1712 graviter
1220 1654 1464 1706 vulneravit,
1498 1652 1568 1706 qui
1599 1663 1691 1693 cum
1714 1648 1892 1691 clamore

207 1741 248 1780 et
279 1736 418 1778 dolore
450 1735 574 1788 fugit3
614 1733 761 1775 deinde
793 1732 910 1774 miles
945 1744 1036 1772 eum
1070 1727 1298 1779 revocavit,
1339 1729 1380 1768 et
1410 1723 1524 1765 canis
1557 1722 1608 1764 ad
1641 1734 1734 1764 eum
1766 1719 1889 1761 venit.

206 1809 314 1851 Ecce
350 1806 637 1849 fidelissimum
678 1804 854 1846 amicum
895 1802 1053 1844 meum!
1096 1799 1172 1842 Cui
1212 1812 1305 1840 rex:
1345 1796 1499 1838 Verum
1538 1793 1653 1836 dicis.
1711 1790 1792 1833 Ubi
1830 1793 1893 1833 est

138 1888 182 1923 25
202 1880 408 1935 joculator
440 1877 562 1920 tuus?
601 1876 677 1918 Cui
710 1875 848 1917 miles:
889 1873 995 1915 Ecce
1027 1870 1223 1928 parvulus
1255 1869 1363 1910 filius
1396 1880 1533 1920 meus,
1574 1878 1667 1907 cum
1700 1866 1794 1905 ante
1827 1874 1892 1903 me

208 1952 325 2003 ludit,
359 1963 554 2003 magnum
587 1947 785 1989 solacium
818 1945 942 1987 michi
974 1944 1084 1986 facit.
1134 1942 1207 1984 Ait
1238 1955 1331 1983 rex:
1372 1938 1451 1981 Ubi
1483 1941 1546 1980 est
1576 1935 1782 1978 maximus
1814 1932 1892 1974 ini-

210 2023 340 2065 micus
373 2021 494 2063 tuus?
527 2019 604 2069 Qui
637 2018 776 2060 statim
801 2017 914 2059 dedit
935 2016 1099 2071 alapam
1123 2013 1349 2065 uxorisne,
1382 2011 1542 2052 dicens:
1576 2007 1711 2058 Quare
1741 2010 1786 2047 tu
1807 2008 1892 2046 tam

210 2093 416 2149 impudice
463 2091 635 2146 respicis
682 2089 891 2131 dominum
940 2100 1076 2129 meum
1124 2083 1290 2138 regem?
1345 2082 1418 2124 llla
1468 2080 1609 2122 statim
1660 2075 1892 2132 respondit:

212 2166 244 2208 O
293 2163 510 2206 maledicte
556 2161 781 2213 homicida,
831 2173 956 2214 quare
1006 2171 1068 2199 me
1116 2154 1324 2211 percutis?
1375 2153 1522 2195 Nonne
1566 2151 1608 2192 in
1655 2149 1776 2190 domo
1823 2151 1895 2189 tua

141 2245 187 2279 30
213 2236 381 2292 propria
420 2233 684 2277 lamentabile
725 2231 991 2274 homicidium
1031 2227 1281 2284 perpetrasti
1328 2229 1368 2267 et
1407 2238 1481 2279 pro
1521 2221 1683 2264 modica
1721 2218 1895 2275 pecunia

146 2601 189 2634 35

213 2307 474 2363 peregrinum
509 2304 720 2347 occidisti?
754 2304 906 2345 Iterum
938 2301 1056 2343 miles
1086 2299 1200 2341 dedit
1230 2298 1267 2339 ei
1300 2296 1476 2351 alapam,
1509 2294 1668 2335 dicens:
1702 2290 1735 2333 Ο
1767 2288 1895 2331 male-

213 2379 335 2431 dicta,
370 2391 441 2419 cur
472 2376 601 2418 filium
624 2381 739 2417 tuum
765 2374 1035 2416 dehonestare
1068 2383 1150 2412 non
1170 2368 1391 2411 formidas!
1425 2365 1510 2415 Que
1535 2363 1674 2405 statim
1697 2360 1896 2404 iracunda

213 2454 300 2492 tota
331 2450 440 2490 facta
473 2452 534 2489 est
566 2450 606 2488 et
637 2447 762 2488 dixit:
797 2445 956 2497 Venite,
991 2442 1202 2485 ostendam
1237 2439 1353 2481 vobis
1386 2450 1563 2489 saccum,
1595 2435 1637 2476 in
1670 2446 1748 2487 quo
1772 2430 1896 2474 occisi

215 2521 422 2577 peregrini
453 2523 578 2574 caput
610 2523 649 2559 et
681 2517 847 2558 brachia
887 2515 1046 2571 posuit,
1089 2518 1129 2555 et
1167 2510 1395 2562 stabulum,
1436 2509 1479 2550 in
1511 2520 1590 2561 quo
1630 2505 1716 2559 ejus
1748 2515 1896 2558 corpus

217 2592 418 2648 sepelivit.
487 2590 587 2631 Cum
643 2589 870 2641 venissent,
923 2591 968 2628 ut
1020 2585 1327 2640 experirentur,
1381 2584 1421 2622 et
1469 2579 1602 2621 locum
1655 2576 1742 2630 ejus
1794 2587 1897 2616 uxor

219 2664 471 2713 ostenderet,
523 2661 603 2702 cito
652 2659 911 2711 effodientes,
962 2658 1060 2698 visis
1109 2655 1301 2698 carnibus
1351 2650 1534 2693 vitulinis
1583 2648 1895 2702 obstupuerunt.

218 2735 433 2777 Astuciam
466 2732 610 2774 militis
643 2735 934 2783 cognoscentes
968 2728 1102 2782 dignis
1136 2730 1176 2768 et
1200 2725 1389 2767 laudibus
1423 2735 1514 2764 eum
1548 2719 1796 2770 extulerunt,
1829 2716 1898 2771 qui

219 2810 364 2861 postea
396 2805 559 2846 domino
593 2816 664 2844 suo
697 2802 783 2854 regi
816 2800 984 2856 speciali
1018 2797 1248 2841 dilectionis
1282 2793 1441 2837 vinculo
1475 2796 1537 2835 est
1568 2803 1766 2833 annexus.

338 2877 626 2919 Μοναῖέεασίο.
689 2872 926 2925 Carissimi,
968 2870 1086 2912 miles
1118 2870 1215 2921 iste,
1256 2867 1326 2922 qui
1358 2865 1422 2907 sui
1452 2863 1560 2917 regis
1593 2861 1773 2916 graciam
1806 2872 1899 2915 per-

150 2957 197 2993 40
222 2949 339 3002 didit,
373 2952 436 2990 est
466 2949 671 3003 peccator,
704 2944 787 2999 qui,
820 2943 871 2984 ad
903 2941 1166 2984 obtinendam
1199 2939 1378 2993 graciam
1402 2935 1556 2978 domini
1589 2933 1665 2987 sui,
1697 2930 1901 2988 premittit
