1954 3137
179 1804 243 1846 10.

180 1946 246 1987 11.

181 2088 247 2130 12.

182 2231 248 2273 13.

184 2373 250 2415 14.

184 2444 250 2486 15.

187 2586 252 2627 16.

186 2727 252 2768 17.

189 2869 254 2910 18.

966 65 1048 106 116

622 273 801 309 XXXIV.
840 272 930 308 Cod.
955 272 1136 308 Fuldens.
1161 272 1207 319 B,
1231 272 1289 319 12,
1315 273 1385 308 fol.

724 345 957 379 131.1—80a.
998 344 1098 379 1460.
1136 345 1181 378 82
1203 354 1282 389 cap.

286 440 391 483 Text
411 440 464 482 bl.
486 440 673 494 1-—79a‚
699 440 872 493 register
896 439 948 481 bl.
966 440 1172 481 7932—80
1183 457 1220 482 α.
1260 439 1551 482 Ausffihrliche
1574 437 1837 492 darstellung.

230 557 239 565 .
286 522 506 578 Pompejus
537 523 726 576 regnavit
755 523 797 564 in
829 522 994 564 civitate
1024 536 1196 564 romana
1227 522 1340 565 dives
1372 536 1494 578 super
1526 522 1664 564 omnia
1695 534 1742 564 ac
1769 534 1840 576 po-

287 597 390 636 tens.
440 593 652 645 (Entfiihrt
684 594 765 635 und
798 593 1052 646 beschenkt.)
1100 593 1169 636 lat.
1198 595 1233 635 1.

288 664 514 707 Gracianus
552 666 740 718 regnavit
778 665 846 720 qui
886 665 1031 707 statuit
1070 679 1143 720 pro
1181 665 1269 719 lege
1308 665 1382 708 sub
1420 678 1527 721 pena
1558 663 1702 706 mortis
1735 662 1842 718 quod

286 735 374 778 filii.
423 735 548 789 (Zwei
579 736 742 790 briider,
776 736 927 788 onkel.)
975 736 1046 778 lat.
1072 738 1109 778 2.

286 807 519 849 Fridericus
566 807 609 849 in
654 807 819 850 civitate
862 821 1032 849 romana
1074 807 1262 861 regnavit
1306 808 1373 862 qui
1412 807 1611 850 remansit
1649 807 1718 849 diu
1756 807 1844 849 sine

287 878 415 934 prole.
465 878 588 932 (Ring
620 879 691 920 der
724 878 1052 932 vergessenheit.)
1099 879 1168 921 lat.
1197 881 1261 920 10.

288 949 392 992 Erat
429 950 595 1004 quidam
636 950 861 1005 imperator
898 951 939 992 in
971 951 1085 1005 cujus
1124 950 1297 1005 imperio
1338 953 1425 993 erat
1457 949 1620 1005 quidam
1655 948 1844 992 sacerdos

287 1020 481 1063 lubricus.
530 1021 856 1076 (Hundsquelle.)
904 1021 973 1064 lat.
1002 1023 1067 1063 12.

288 1091 460 1142 Quidam
494 1092 720 1148 imperator
752 1096 840 1135 erat
872 1093 940 1147 qui
973 1093 1185 1148 pulchram
1217 1107 1387 1136 uxorem
1419 1092 1562 1135 habuit
1595 1105 1716 1148 quam
1740 1092 1844 1134 miro

288 1163 422 1205 modo.
471 1163 531 1215 (C.
558 1163 608 1206 D.
633 1163 686 1206 M.
713 1164 777 1216 R.)
824 1164 895 1206 lat.
922 1165 987 1205 13.

289 1234 408 1277 Miles
441 1235 604 1289 quidam
639 1238 728 1277 erat
760 1235 829 1289 qui
861 1238 1041 1277 castrum
1073 1235 1393 1290 pulcherrimum
1416 1235 1593 1278 habebat
1612 1235 1653 1277 in
1678 1248 1756 1290 quo
1778 1247 1846 1290 cy-

289 1305 417 1347 conie.
467 1305 704 1357 (Storchin.)
751 1306 821 1348 lat.
847 1307 914 1348 82.

231 1407 241 1417 .
290 1375 479 1418 Justinus
519 1377 562 1419 in
593 1378 759 1420 civitate
789 1391 961 1420 romana
992 1378 1180 1431 regnavit
1212 1378 1279 1432 qui
1312 1377 1456 1420 statuit
1486 1390 1561 1433 pro
1591 1376 1692 1431 lege.
1746 1375 1847 1428 (Un-

290 1450 406 1489 treue
438 1461 567 1501 gegen
600 1450 802 1501 erretter.)
853 1448 924 1491 lat.
952 1449 1045 1490 117.

290 1518 443 1560 Narrat
475 1519 655 1561 albertus
686 1520 792 1574 quod
814 1523 999 1575 tempore
1020 1519 1201 1576 Philippi
1224 1523 1313 1563 erat
1333 1520 1399 1562 via
1421 1520 1528 1563 inter
1550 1520 1651 1562 duos
1673 1522 1846 1562 montes.

292 1589 470 1641 (Drache
501 1590 557 1632 im
589 1590 831 1644 hohlwege.)
877 1591 948 1632 lat.
976 1591 1070 1632 145.

291 1661 404 1704 Dicit
423 1661 613 1717 ysidorus
637 1662 745 1717 quod
768 1665 830 1704 est
852 1662 1015 1717 quidam
1038 1662 1144 1718 lapis
1167 1663 1237 1717 qui
1258 1677 1427 1717 magnes
1448 1666 1628 1706 vocatur.
1668 1661 1850 1716 (Magnet

292 1733 377 1775 und
408 1733 546 1785 stahl.)
596 1747 689 1789 app.
715 1735 782 1775 40.

293 1803 397 1846 Erat
436 1804 601 1859 quidam
642 1819 716 1847 rex
754 1805 873 1847 valde
913 1809 1058 1860 potens
1100 1805 1169 1860 qui
1209 1806 1413 1860 quandam
1450 1806 1646 1848 forestam
1683 1805 1848 1848 fecerat.

294 1875 639 1927 (Hundenamen.)
686 1876 756 1918 lat.
785 1878 878 1918 142.

293 1946 433 1989 Refert
457 1947 639 2000 justinus
673 1947 780 2001 quod
812 1948 920 1990 cives
952 1948 1229 1991 lacedemonie
1261 1948 1611 2005 conspiraverunt.
1667 1946 1851 2000 (Waehs-

296 2017 470 2069 schrift.)
517 2018 588 2060 lat.
613 2019 680 2059 21.

294 2087 447 2130 Narrat
486 2089 727 2142 augustinus
766 2090 873 2143 quod
905 2090 1054 2146 egipcii
1086 2091 1183 2133 olim
1215 2090 1407 2134 volebant
1437 2090 1649 2134 deofacerc
1679 2090 1851 2146 ysidem.

297 2159 388 2211 (Isis
420 2160 504 2202 und
537 2160 734 2216 Serapis.)
780 2160 851 2202 lat.
877 2162 944 2203 22.

296 2230 449 2274 Narrat
487 2232 674 2274 eusebius
706 2232 748 2273 in
780 2233 952 2275 cronicis
985 2233 1034 2276 de
1067 2233 1243 2288 quodam
1272 2234 1522 2289 imperatore
1555 2233 1624 2288 qui
1654 2231 1852 2288 populum

296 2316 453 2344 roman.
504 2302 742 2353 (Coriolan.)
788 2303 858 2345 lat.
886 2305 980 2346 137.

298 2373 455 2426 Regina
477 2374 651 2428 quedam
674 2375 861 2429 concepit
882 2374 1011 2417 filium
1035 2389 1058 2417 a
1078 2375 1244 2418 rustico.
1285 2375 1513 2428 (Zweierlei
1532 2375 1660 2428 tuch.)
1696 2374 1767 2417 lat.
1784 2374 1852 2416 26.

297 2444 527 2499 Imperator
559 2445 725 2499 quidam
749 2449 837 2487 erat
856 2446 900 2487 in
922 2447 1036 2501 cujus
1058 2447 1232 2502 imperio
1255 2451 1344 2490 erat
1365 2447 1532 2503 quidam
1553 2446 1685 2489 miles.
1730 2444 1855 2498 (Wei-

298 2515 451 2558 nendes
483 2515 709 2569 hiindlein.)
758 2516 828 2558 lat.
853 2517 920 2559 28.
1907 2507 1911 2509 ’

299 2585 416 2629 Miles
465 2587 631 2640 quidam
678 2591 765 2629 erat
812 2588 880 2642 qui
918 2589 1089 2631 intravit
1127 2590 1310 2646 egiptum
1349 2590 1534 2644 cogitans
1573 2588 1682 2644 quod
1719 2587 1854 2631 vellet.

303 2655 402 2708 (Gut
434 2660 702 2710 anvertraut.)
747 2658 818 2700 lat.
846 2660 939 2701 118.

301 2727 433 2770 Homo
466 2729 632 2783 quidam
665 2734 752 2772 erat
784 2730 853 2784 qui
884 2731 1050 2774 unicum
1081 2731 1211 2774 filium
1242 2732 1419 2775 habebat
1451 2732 1516 2774 cui
1546 2734 1642 2787 post
1667 2733 1854 2773 mortem.

304 2798 554 2852 (Oelfasser.)
602 2814 695 2856 app.
720 2800 788 2842 50.

303 2868 476 2918 Quidam
499 2871 724 2927 imperator
741 2875 829 2914 erat
845 2874 914 2927 qui
933 2875 1079 2917 statuit
1094 2889 1167 2931 pro
1186 2875 1274 2929 lege
1293 2875 1401 2929 quod
1418 2875 1574 2917 victori.
1609 2873 1856 2930 (Triumph.)

302 2939 372 2981 lat.
398 2942 465 2982 30.
