1919 3131
90 160 158 202 37.

88 301 156 343 38.

87 371 156 414 39.

82 512 153 555 40.

82 584 152 626 41.

80 725 150 767 42.

78 867 149 908 43.

72 1220 143 1262 46.

71 1361 142 1404 47.

70 1502 140 1545 48.

67 1643 137 1686 49.

64 1784 134 1828 50.

63 1855 133 1898 51.

62 1925 132 1968 52.

62 2066 131 2109 53.

60 2205 130 2249 54.

59 2346 128 2389 55.

58 2485 128 2529 56.

57 2555 127 2598 57.

57 2694 126 2737 58.

57 2762 126 2806 59.

57 2832 126 2875 60.

912 69 964 112 31

207 161 382 212 Quidam
416 166 532 208 faber
564 173 652 210 erat
684 170 799 213 dives
832 173 951 216 valde
981 175 1049 229 qui
1075 176 1198 230 juxta
1219 192 1334 223 mare
1356 183 1562 226 manebat.
1613 186 1780 234 (Sohatz

205 232 261 274 im
296 234 475 287 baume.)
520 237 589 280 lat.
619 242 713 282 109.

205 302 381 353 Quidam
414 321 487 349 rex
521 312 610 350 erat
643 311 710 363 qui
745 314 891 355 statuit
912 328 986 369 pro
1009 315 1110 370 lege.
1154 319 1545 378 (Todestrompete.)
1590 325 1659 368 lat.
1684 329 1776 369 145³».

202 372 366 417 Dicitur
387 377 438 419 de
461 379 637 432 quodam
663 395 758 435 rege
781 384 850 437 qui
873 389 1034 428 tantum
1057 389 1223 431 unicum
1247 390 1377 434 filium
1398 393 1588 437 habebat.
1623 397 1779 447 (Wein-

203 443 362 498 ffisser.)
410 447 479 490 lat.
507 450 574 491 7-2.

200 513 289 558 Lex
320 517 543 572 aliquando
577 525 665 562 erat
699 522 739 564 in
772 524 940 567 civitate
972 539 1156 570 romana.
1206 533 1310 581 (100
1337 534 1568 586 groscben.)
1617 536 1687 578 lat.
1709 538 1775 579 73.

200 585 305 629 Erat
343 588 509 642 quidam
550 604 622 633 rex
664 593 733 647 qui
773 597 933 636 tantum
968 597 1134 640 unicum
1170 599 1297 643 filium
1333 603 1522 647 habebat.
1579 606 1776 657 (Narreu-

201 657 342 712 apsel.)
390 658 460 701 lat.
486 661 554 702 74.

198 726 286 770 Rex
318 730 485 783 quidam
521 735 611 774 erat
642 734 711 787 qui
734 734 836 776 duos
858 735 1088 791 leporarios
1111 739 1301 784 habebat.
1351 744 1517 795 (Hunde
1539 746 1624 788 und
1648 748 1774 800 wolf.)

197 796 269 839 lat.
298 800 393 840 133.

199 867 307 910 Olim
341 869 510 924 quidam
543 885 614 914 rex
649 877 738 916 erat
765 876 833 929 qui
856 880 940 920 tres
964 878 1068 921 filias
1091 880 1392 935 pulcherrimas
1415 885 1604 930 habebat.
1656 888 1773 939 (Drei

195 939 411 992 wittwen.)
460 941 530 984 lat.
557 944 625 985 75.

195 1008 353 1053 Civitas
385 1013 560 1067 quedam
595 1018 685 1057 erat
715 1015 757 1057 in
791 1030 872 1071 qua
904 1023 1024 1062 erant
1056 1025 1232 1075 quatuor
1263 1024 1425 1079 phisici.
1477 1027 1592 1078 (Vier
1625 1030 1770 1081 arzte.)

193 1080 265 1123 lat.
292 1083 387 1123 132.

136 1183 145 1192 .
190 1150 358 1194 Accidit
378 1153 421 1194 iu
445 1155 622 1208 quadam
646 1156 815 1199 civitate
838 1159 946 1212 quod
969 1160 1049 1202 duo
1072 1163 1235 1205 medici.
1272 1164 1578 1221 (Ziegenauge.)
1610 1168 1680 1210 lat.
1700 1170 1767 1212 76.

190 1221 356 1265 Accidit
387 1225 514 1267 semel
547 1226 655 1280 quod
677 1240 751 1270 rex
775 1229 942 1283 quidam
967 1231 1018 1273 ad
1041 1233 1248 1276 nundinas
1271 1237 1468 1290 perrexit.
1521 1237 1767 1292 (Sarcinae.)
1828 1284 1838 1290 ,

191 1291 262 1334 lat.
290 1295 386 1335 173.

164 1362 276 1406 ,Rex
316 1365 484 1419 quidam
524 1366 623 1408 fecit
660 1381 734 1422 per
773 1371 906 1412 totum
946 1386 1117 1426 regnum
1151 1375 1423 1430 proclamare.
1482 1378 1591 1430 (Den
1624 1393 1767 1424 armen

190 1433 257 1476 die
289 1434 551 1488 herrsohaft.)
601 1436 673 1479 lat.
702 1439 797 1480 131.

187 1503 275 1547 Rex
310 1506 476 1560 quidam
512 1511 601 1549 erat
632 1509 702 1562 qui
734 1509 836 1552 duas
868 1511 975 1554 filias
1008 1512 1198 1558 habebat.
1256 1516 1409 1569 (Sohon
1442 1519 1526 1561 und
1559 1519 1765 1574 hasslich.)

186 1574 257 1617 lat.
283 1577 350 1618 77.

185 1644 306 1688 Miles
338 1648 506 1702 quidam
540 1653 630 1692 erat
660 1651 731 1704 qui
763 1652 931 1695 unicum
963 1653 1092 1696 filium
1128 1655 1318 1700 habebat.
1368 1658 1498 1710 (Sohn
1530 1660 1765 1705 zerfleisoht

184 1716 303 1768 sich.)
352 1731 447 1774 app.
472 1720 541 1761 21.

182 1785 269 1829 Rex
302 1788 470 1842 quidam
505 1790 722 1845 pulchram
753 1792 880 1835 tiliam
914 1793 1104 1838 habebat.
1152 1798 1302 1849 (Treue
1330 1799 1516 1853 wittwe.)
1563 1801 1635 1843 lat.
1662 1803 1729 1844 78.

181 1856 365 1907 Quedam
397 1859 547 1902 mulier
578 1865 668 1904 erat
697 1863 866 1906 nomine
897 1865 1071 1920 pulchra
1102 1867 1235 1910 valde.
1291 1869 1510 1921 (Medusa.)
1569 1885 1664 1927 app.
1690 1873 1758 1914 22.

181 1926 311 1970 Filius
351 1929 506 1986 quippe
536 1931 800 1976 Jherusalem
838 1934 1108 1991 desponsavit
1146 1938 1238 1980 sibi.
1303 1939 1543 1995 (Hoohzeit⁷
1584 1942 1649 1984 ins
1691 1956 1760 1996 ge-

179 1997 380 2052 fangnis.)
429 2013 524 2056 app.
549 2003 617 2044 23.

179 2067 284 2110 Erat
315 2070 485 2124 quidam
515 2085 588 2114 rex
621 2073 714 2127 pius
749 2077 790 2116 et
821 2078 968 2129 potens
1002 2077 1072 2131 qui
1104 2077 1284 2121 habebat
1315 2092 1500 2124 uxorem.
1554 2081 1758 2133 (Keusohe

177 2138 263 2180 und
295 2140 533 2184 unkeusche
565 2145 730 2196 angen.)
778 2157 874 2200 app.
899 2146 968 2187 24.

177 2207 408 2252 Porotheus
439 2211 667 2266 imperator
696 2227 813 2257 rome
843 2217 1045 2269 regnavit.
1095 2217 1240 2269 (Vater
1272 2219 1372 2262 oder
1401 2224 1556 2263 mutter
1584 2221 1754 2275 folgen.)

177 2277 249 2321 lat.
277 2280 343 2321 14.

179 2347 404 2403 Gregorius
439 2351 669 2406 imperator
700 2355 891 2408 regnavit
921 2356 992 2411 qui
1024 2357 1172 2399 statuit
1202 2371 1278 2412 pro
1310 2358 1413 2414 lege.
1470 2360 1588 2412 (Drei
1620 2361 1754 2404 wahr-

176 2418 328 2474 heiten‚
360 2420 471 2472 frei.)
518 2420 589 2463 lat.
614 2423 682 2465 58.

176 2487 307 2543 Tytus
339 2490 382 2532 in
414 2491 583 2534 civitate
614 2506 788 2536 romana
818 2494 1009 2548 regnavit
1040 2496 1110 2549 qui
1143 2498 1303 2540 statuit.
1353 2498 1532 2551 (Foeas.)
1585 2500 1655 2542 lat.
1680 2501 1749 2542 57.

175 2555 409 2612 Gorgonius
447 2562 638 2615 regnavit
674 2563 719 2605 in
758 2564 927 2607 civitate
964 2577 1150 2608 romana.
1215 2567 1359 2619 (Vater
1397 2569 1553 2623 heilen,
1598 2574 1753 2614 mutter

174 2627 320 2681 nieht.)
363 2629 434 2672 lat.
463 2632 558 2673 112.

173 2696 329 2741 Demas
359 2701 550 2753 regnavit
580 2701 696 2744 dives
717 2702 837 2744 valde
860 2703 930 2757 qui
950 2706 1250 2748 torneamenta.
1299 2707 1522 2760 (Turnier.)
1560 2709 1631 2751 lat.
1653 2710 1748 2752 113.

175 2765 369 2810 Oliminis
400 2770 643 2814 incivitate
675 2771 882 2815 babilonie
913 2775 1114 2828 regnavit.
1164 2776 1266 2828 (Der
1296 2777 1478 2829 faulste.)
1525 2777 1596 2820 lat.
1621 2780 1689 2821 91.

172 2835 428 2881 Allexander
458 2841 650 2894 regnavit
681 2842 752 2896 qui
783 2842 1042 2886 dominatum
1073 2846 1205 2888 tocius
1237 2847 1381 2889 mundi
1409 2847 1602 2890 obtinuit.
1653 2848 1748 2899 (Ba-

174 2904 324 2959 silisk.)
371 2907 443 2950 lat.
473 2910 567 2951 139.
