1919 3131
73 176 136 218 12.

74 317 136 360 13.

73 388 137 430 14.

75 530 137 572 15.

75 674 138 715 16.

75 816 140 857 17.

76 957 140 1000 18.

76 1100 140 1142 19.

73 1171 141 1214 20.

73 1243 142 1284 21.

139 1354 143 1358 .
191 1313 308 1366 bild.)
355 1327 482 1366 germ.
511 1312 574 1353 18.

74 1385 142 1427 22.

75 1529 144 1571 23.

76 1600 145 1642 24.

77 1743 146 1786 25.

78 1886 146 1929 26.

79 1957 148 2000 27.

80 2100 149 2143 28.

81 2242 150 2284 29.

83 2385 151 2426 30.

84 2455 152 2496 31.

85 2525 153 2568 32.

87 2667 155 2710 33.

87 2738 155 2780 34.

89 2879 156 2922 35.

880 68 933 109 7‘.»

184 175 246 217 De
285 188 379 228 rege
419 178 459 216 et
491 173 712 215 Seuasculo
747 178 823 215 otc.
879 173 1053 224 Quidam
1086 171 1235 214 nobilis
1268 172 1503 226 imperator.
1563 171 1745 223 (Kaisar-

185 245 358 298 tochter‚
392 243 635 295 seneschal.)
683 257 810 297 germ.
839 247 903 286 11.

185 316 247 359 De
279 316 419 370 iniquo
446 315 596 369 judice.
654 315 752 357 Erat
785 315 951 370 ‹luidam
986 315 1223 369 imperator.
1272 312 1530 366 (Schimleu.)
1582 312 1652 354 lat.
1678 314 1745 353 25).

185 386 247 430 De
299 386 520 428 honoribus
568 387 733 428 victoris
782 391 821 429 et
868 386 1080 428 molestiis.
1145 385 1248 426 Erat
1295 384 1458 438 quidam
1509 384 1745 439 imperator.

186 457 438 512 (Triumplnl
487 457 557 499 lat.
584 459 651 498 30.

186 529 249 572 De
288 532 420 570 morte
456 528 711 570 Allexaudri.
767 527 1020 570 Allexander
1060 540 1151 569 oum
1193 525 1417 582 sepultura.
1473 525 1748 575 (Alexanders

187 600 439 654 begrabnis.)
484 599 554 640 lat.
580 600 647 640 31.

185 671 248 714 De
287 671 432 713 arbore
471 675 511 712 et
550 670 599 712 de
640 669 836 712 uxoribus
869 670 1094 725 suspensis.
1150 669 1287 711 Refert
1316 668 1517 710 Valerius.
1568 667 1750 722 (Hi‘inge-

187 742 344 794 baum.)
392 742 462 784 lat.
487 743 555 783 33.

188 813 250 856 De
291 814 434 867 regina
473 817 513 855 et
551 812 708 854 duobus
747 811 854 853 filiis.
912 811 1097 867 Typinus
1137 812 1338 865 regnavit.
1394 810 1627 862 (Stiefkind
1668 809 1751 852 und

188 883 382 937 rechtes)
428 884 498 925 lat.
529 886 621 925 11⁴3.

187 955 250 999 De
270 955 455 1008 Diogene
484 954 745 1010 philozopho.
791 954 932 997 Refert
955 953 1169 996 Saturnus.
1218 953 1443 1008 (Diogenes
1465 953 1548 994 und
1570 952 1752 995 Alexan-

189 1027 295 1081 der.)
341 1027 412 1069 lat.
442 1028 506 1068 15.

188 1099 251 1142 De
283 1098 496 1141 sacrificio.
545 1097 685 1140 Refert
706 1096 895 1139 Valerius
927 1097 969 1138 in
992 1097 1118 1139 tercio
1140 1096 1258 1139 libro.
1308 1094 1487 1149 (Kohle.)
1534 1108 1661 1148 germ.
1685 1095 1748 1136 16.

188 1169 252 1213 De
284 1170 429 1212 arbore
462 1169 613 1211 infecta
644 1172 719 1210 ete.
770 1168 885 1211 Sicut
916 1173 987 1224 ayt
1020 1168 1215 1210 Polinius.
1261 1167 1490 1220 (Theriak.)
1534 1180 1661 1220 germ.
1687 1167 1750 1208 17.

186 1241 249 1284 De
295 1241 474 1295 imagine
519 1245 560 1282 et
602 1254 728 1294 regno
768 1239 911 1282 mundi
949 1243 1023 1282 ete.
1080 1239 1222 1282 Refert
1258 1238 1524 1281 Allexander.
1582 1236 1753 1291 (Virgils

190 1384 253 1427 De
285 1385 423 1426 anima
457 1383 689 1425 adulterata
720 1387 794 1425 etc.
842 1382 946 1424 Erat
977 1381 1143 1437 quidam
1176 1381 1414 1436 imperator.
1464 1379 1595 1434 (Sohn
1626 1379 1757 1422 todtet

192 1459 345 1498 mutter
376 1454 522 1508 nieht.)
567 1454 638 1496 lat.
669 1455 761 1496 100.

192 1527 255 1570 De
275 1526 407 1570 Roma
429 1526 632 1581 quomodo
655 1529 717 1568 est
739 1529 895 1582 aperta.
938 1524 983 1567 In
1003 1524 1139 1567 medio
1160 1537 1288 1566 rome.
1331 1521 1549 1577 (Curtius.)
1595 1521 1665 1563 lat.
1685 1522 1755 1563 43.

193 1598 256 1641 De
296 1597 433 1654 puella
473 1601 514 1640 et
551 1597 722 1640 nutrice.
775 1597 879 1639 Erat
917 1596 1084 1651 quidam
1123 1596 1362 1651 imperator.
1418 1593 1757 1648 (Kaisertochter,

192 1668 376 1726 pallast.)
423 1683 551 1723 germ.
576 1669 644 1711 22.

194 1742 257 1785 De
286 1744 462 1796 quatuor
484 1740 710 1783 heremitis.
755 1739 924 1793 Legitur
946 1739 988 1781 in
1010 1739 1116 1780 vitas
1139 1741 1318 1793 patrum.
1367 1735 1549 1790 (Grosste
1571 1733 1757 1789 tugend.)

196 1827 290 1869 app.
319 1816 354 1854 l.

194 1885 257 1928 De
287 1884 432 1937 regina
463 1896 542 1938 que
573 1886 657 1925 tres
689 1881 794 1924 filios
828 1884 903 1924 ete.
951 1881 1038 1923 Rex
1061 1880 1240 1935 quidam.
1289 1876 1552 1933 (Sohiessen.)
1598 1877 1668 1919 lat.
1687 1876 1757 1918 45.

196 1955 259 1999 De
289 1955 380 1997 fure
412 1957 452 1996 et
483 1954 644 2009 hospite
677 1953 884 2007 vigilante.
933 1952 1109 2003 Quidam
1140 1952 1206 1994 fur
1238 1951 1299 1994 ad.
1321 1950 1546 2004 cujusdam.
1597 1947 1760 2004 (Mond-

196 2026 359 2080 strahl.)
405 2025 477 2068 lat.
505 2026 600 2067 136.

195 2098 259 2142 De
296 2097 427 2140 milite
466 2096 535 2150 qui
576 2095 678 2138 semi
709 2094 925 2138 ambulans
958 2094 1081 2137 venit.
1141 2094 1315 2144 Quidam
1346 2092 1478 2135 miles.
1535 2089 1660 2144 (Halb
1693 2102 1761 2144 ge-

196 2168 354 2222 ritten.)
401 2167 473 2209 lat.
503 2168 596 2209 124.

196 2240 260 2284 De
290 2240 450 2282 duobus
480 2238 678 2281 fratribus
711 2242 786 2280 ete.
833 2237 967 2280 Erant
997 2236 1076 2279 duo
1108 2236 1272 2279 fratres.
1321 2233 1440 2290 (Drei
1472 2228 1759 2285 buohstaben.)

199 2325 327 2366 germ.
351 2312 420 2352 26.

198 2383 261 2426 De
292 2382 425 2425 tribus
457 2380 635 2434 regibus.
682 2379 769 2421 Rex
802 2379 1027 2421 Danorum.
1077 2378 1202 2431 (Heil.
1227 2377 1315 2419 drei
1346 2375 1527 2430 konige.)
1573 2374 1646 2417 lat.
1670 2374 1739 2415 47.

199 2453 263 2496 De
293 2452 444 2495 Zelono
476 2452 738 2507 imperatore.
787 2450 928 2492 Refert
952 2450 1153 2492 Valerius.
1203 2446 1450 2502 (Zaleucus.)
1496 2446 1567 2488 lat.
1592 2446 1660 2487 50.

200 2525 262 2568 De
292 2523 549 2566 Allexandro
581 2535 743 2576 magno.
798 2521 1052 2564 Allexander
1082 2534 1270 2575 magnus.
1327 2517 1539 2573 (Geschirr
1571 2513 1762 2569 stehlen.)

201 2609 298 2652 app.
322 2596 362 2637 2.

200 2666 265 2709 De
286 2666 391 2721 Tyto
424 2668 465 2707 et
486 2664 657 2718 Virgilio
691 2667 731 2705 et
761 2661 792 2704 F
797 2675 881 2705 oca.
924 2662 1052 2717 Tytus
1084 2662 1128 2704 in
1153 2661 1333 2704 civitate.
1375 2659 1550 2711 (Focas.)
1598 2657 1669 2699 lat.
1693 2656 1762 2699 57.

202 2737 266 2780 De
296 2740 512 2792 peccatore
543 2739 584 2778 et
614 2734 882 2777 confessione.
928 2733 1171 2787 Eenogarus
1203 2733 1441 2788 imperator.
1491 2728 1610 2784 (Drei
1630 2727 1765 2770 wahr-

203 2808 356 2861 heiten,
387 2806 497 2860 frei.)
549 2806 620 2848 lat.
644 2806 713 2847 58.

204 2878 267 2922 De
298 2878 547 2935 probaeione
582 2877 782 2920 bonorum
816 2878 856 2918 et
887 2874 1102 2917 malorum.
1157 2873 1308 2917 Eehias
1339 2871 1539 2926 regnavit.
1595 2870 1764 2925 (Baum-

206 2949 334 3004 erbe.)
380 2962 509 3003 germ.
534 2948 603 2990 81.
