1919 3157
871 61 950 101 471

74 180 166 209 mea
197 171 302 208 esset
337 180 440 208 uxor
473 167 571 219 ejus.
622 166 675 209 Et
708 166 757 207 ab
791 166 859 208 illo
892 166 956 208 die
991 167 1143 221 incepit
1174 179 1262 206 eam
1297 165 1465 218 diligere
1500 170 1538 206 et
1571 165 1756 206 clenodia

73 237 184 279 dare.
234 236 412 280 Domina
445 251 539 279 vero
573 239 701 279 eciam
736 238 838 279 miro
873 237 992 279 modo
1026 251 1117 279 eum
1152 236 1297 278 dilexit
1329 241 1381 287 et,
1416 236 1577 290 quando
1609 237 1755 290 potuit,

74 309 125 350 ad
158 322 248 350 eum
283 309 476 361 accessit,
511 315 549 351 et
583 309 772 351 omnibus
807 309 962 351 viribus
996 308 1225 359 nitebatur,
1259 309 1292 348 si
1326 307 1520 362 possibile
1554 311 1681 358 esset,
1715 307 1755 348 in

76 380 207 421 virum
247 381 432 435 accipere
473 385 565 435 post
605 387 777 422 mortem
824 381 898 421 viri
939 380 1014 421 sui.
1080 379 1181 420 Erat
1221 384 1357 420 autem
1400 383 1494 419 ante
1534 378 1754 419 fenestram

75 451 199 492 castri
231 452 341 493 senis
374 451 516 492 militis
551 451 671 492 arbor
704 451 873 494 ficuum.
908 451 947 491 in
981 464 1060 504 qua
1094 450 1205 491 omni
1239 455 1355 490 nocte
1389 449 1625 504 philomena
1656 448 1757 489 resi-

75 522 217 573 debat,
266 536 344 577 que
386 521 560 563 dulciter
600 522 814 574 cantabat,
863 521 968 576 quod
1020 527 1188 576 propter
1230 521 1344 574 cujus
1385 525 1549 561 cantum
1592 520 1757 560 domina

75 593 248 646 singulis
280 593 468 635 noctibus
502 593 683 635 surrexit
715 597 755 634 et
792 592 841 634 ad
874 592 1096 633 fenestram
1137 592 1340 646 perrexit,
1383 596 1421 633 et
1459 605 1532 646 per
1563 604 1758 644 magnum

75 664 260 719 spacium
301 664 452 706 ibidem
494 663 780 720 exspectabat,
825 667 867 704 ut
907 663 1111 704 canticum
1155 662 1388 717 philomene
1430 661 1601 703 audiret.
1658 660 1758 702 Cum

76 735 152 777 hoc
189 736 441 791 percepisset
483 737 543 777 vir
583 736 689 789 ejus,
739 734 845 788 quod
893 733 1066 787 singulis
1107 733 1294 776 noctibus
1342 737 1549 786 surgeret,
1599 733 1656 773 ait
1704 732 1759 774 ei:

76 805 319 856 Carissima,
359 821 438 861 qua
471 807 519 848 de
552 820 675 848 causa
715 805 764 846 de
796 804 901 846 lecto
934 804 1107 858 singulis
1140 804 1328 846 noctibus
1372 802 1533 856 surgis?
1573 802 1658 852 Que
1697 816 1761 845 re-

77 877 261 934 spondit:
303 877 435 934 Super
467 878 655 920 arborem
688 876 752 917 fici
787 876 898 917 omni
931 881 1048 917 nocte
1081 875 1234 917 residet
1270 874 1526 930 philomena,
1569 888 1646 928 que
1678 879 1762 917 tam

76 948 252 991 dulciter
283 955 442 1002 cantat,
482 949 588 1003 quod
621 952 783 1002 oportet
821 960 885 988 me
918 960 1085 1000 surgere
1118 952 1159 988 et
1191 960 1279 988 eam
1321 946 1475 987 audire.
1532 945 1649 987 Miles
1690 945 1765 987 hoc

77 1020 248 1062 audiens
296 1020 345 1063 de
384 1033 504 1061 mane
544 1020 725 1061 surrexit
763 1026 804 1060 et
841 1032 932 1059 cum
975 1031 1069 1060 arcu
1110 1022 1149 1059 et
1189 1018 1340 1070 sagitta
1379 1017 1428 1058 ad
1470 1016 1658 1058 arborem
1700 1016 1765 1058 fici

77 1092 283 1147 perrexit,
331 1090 607 1146 philomenam
653 1090 802 1132 occidit
842 1095 880 1131 et
924 1102 993 1131 cor
1033 1089 1216 1131 extraxit
1256 1093 1296 1130 et
1335 1088 1453 1129 uxori
1498 1088 1763 1142 presentavit.

77 1162 256 1205 Domina
297 1162 438 1204 videns
478 1175 546 1203 cor
586 1161 841 1216 philomene,
880 1159 993 1202 flevit
1032 1174 1170 1201 amare
1211 1159 1370 1201 dicens:
1414 1158 1446 1199 O
1487 1158 1595 1200 bona
1633 1158 1765 1213 philo-

79 1247 220 1286 mena,
267 1233 422 1286 fecisti,
472 1233 577 1287 quod
626 1232 824 1281 debuisti;
873 1245 946 1284 ego
990 1245 1079 1272 sum
1120 1244 1244 1272 causa
1286 1230 1429 1271 mortis
1469 1234 1548 1271 tue.
1614 1228 1764 1271 Statim

78 1305 271 1347 nuncium
307 1305 357 1346 ad
384 1305 577 1359 juvenem
614 1303 786 1345 militem
820 1303 945 1355 misit,
979 1302 1212 1344 nunciando
1246 1302 1280 1343 ei
1315 1300 1601 1343 crudelitatem
1624 1301 1764 1342 mariti

80 1376 283 1430 e0,-quod
314 1375 593 1431 philomenam
627 1375 911 1417 interfecisset.
965 1373 1082 1415 Miles
1115 1373 1191 1415 hoc
1222 1372 1394 1414 audiens
1433 1376 1640 1414 commota
1671 1375 1768 1413 sunt

81 1449 219 1491 omnia
251 1448 408 1490 viscera
441 1447 548 1500 ejus,
591 1451 630 1488 et
669 1447 728 1488 ait
759 1446 799 1487 in
833 1445 955 1487 corde
988 1458 1081 1486 suo:
1122 1444 1154 1486 Ο
1188 1445 1222 1486 si
1254 1447 1463 1485 constaret
1494 1443 1562 1485 isti
1597 1443 1765 1496 crudeli,

81 1524 258 1574 quantus
297 1523 359 1561 est
398 1532 513 1560 amor
552 1519 659 1559 inter
701 1531 764 1558 me
805 1521 845 1558 et
884 1529 998 1558 suam
1048 1529 1242 1568 uxorem,
1291 1515 1408 1570 pejus
1449 1528 1515 1556 me
1555 1518 1765 1556 tractaret.

80 1591 273 1633 Armavit
303 1590 428 1643 igitur
461 1603 503 1631 se
536 1588 689 1644 duplici
724 1591 936 1629 armatura
967 1591 1008 1629 et
1039 1591 1217 1628 castrum
1254 1586 1425 1628 intravit
1457 1590 1496 1628 et
1528 1599 1666 1627 senem
1690 1585 1767 1626 mi-

80 1662 194 1705 litem
235 1662 397 1704 occidit.
452 1660 550 1702 Post
582 1660 657 1701 hoc
690 1660 769 1701 cito
803 1659 978 1700 moritur
1018 1672 1119 1699 uxor
1151 1671 1246 1711 sua,
1287 1662 1328 1700 et
1365 1658 1454 1713 ipse
1492 1669 1584 1698 cum
1617 1657 1767 1710 gaudio

81 1747 250 1776 uxorem
291 1733 400 1775 senis
440 1732 584 1773 militis
624 1731 746 1772 occisi
788 1731 828 1772 in
869 1729 1180 1771 matrimonium
1220 1729 1358 1781 duxit,
1406 1732 1447 1770 et
1484 1727 1606 1770 ambo
1646 1727 1766 1781 longo

81 1810 266 1861 tempore
298 1804 492 1846 vixerunt
522 1807 563 1845 et
593 1803 634 1844 in
668 1815 767 1857 pace
799 1801 925 1842 vitam
959 1800 1165 1842 finierunt.

200 1875 434 1927 Carissimi,
483 1888 557 1929 per
604 1875 704 1915 istos
750 1872 849 1914 duos
882 1871 1036 1913 milites
1083 1870 1314 1924 intelligere
1355 1869 1551 1912 debemus
1596 1869 1766 1925 Moysen

83 1947 324 2004 prophetam
375 1951 415 1988 et
461 1946 672 1987 dominum
720 1947 906 1985 nostrum
956 1942 1117 1984 lhesum
1157 1941 1381 1983 Christum.
1445 1941 1632 1983 Christus
1680 1944 1769 1982 erat

83 2032 231 2071 senex,
272 2018 340 2072 qui
373 2016 423 2059 ab
456 2022 596 2059 eterno
622 2014 888 2071 juvenculam
922 2013 1209 2069 desponsavit,
1250 2013 1407 2054 scilicet
1437 2012 1570 2066 legem
1603 2025 1765 2053 novam.

84 2090 246 2145 Moyses
280 2093 368 2132 erat
393 2087 573 2141 juvenis,
606 2087 702 2141 quia
734 2087 774 2127 in
808 2091 993 2140 tempore
1023 2084 1169 2137 factus,
1203 2085 1272 2138 qui
1303 2083 1433 2137 legem
1460 2083 1671 2137 antiquam
1698 2082 1768 2124 de-

84 2160 310 2216 sponsavit.
351 2159 501 2211 Arbor,
534 2158 574 2200 in
598 2171 679 2212 qua
702 2157 937 2212 philomena
958 2156 1153 2209 cantavit,
1188 2160 1251 2197 est
1271 2168 1385 2205 crux,
1413 2155 1454 2195 in
1478 2167 1558 2207 qua
1579 2153 1766 2195 Christus

85 2231 292 2288 pependit.
335 2230 577 2273 Philomena
601 2226 752 2282 [10412]
779 2232 841 2270 est
862 2227 949 2281 ejus
971 2227 1220 2279 humanitas,
1254 2239 1332 2280 que
1362 2225 1537 2267 dulciter
1558 2223 1764 2276 cantabat,

84 2303 246 2359 quando
278 2307 438 2358 patrem
471 2300 661 2342 celestem
696 2313 768 2354 pro
800 2312 949 2352 genere
980 2297 1159 2339 humano
1192 2298 1363 2350 rogavit.
1418 2295 1499 2337 Sed
1530 2295 1652 2337 ι11111οἰ
1685 2308 1767 2336 11011

85 2378 278 2431 poterant
308 2373 410 2429 pati,
443 2371 549 2426 quod
583 2370 749 2412 domina
780 2373 967 2423 surgeret
998 2369 1048 2410 de
1078 2368 1183 2410 lecto
1217 2369 1241 2409 i.
1266 2381 1298 2410 e.
1335 2367 1441 2421 quod
1465 2371 1527 2408 tot
1552 2369 1768 2417 surgerent

85 2446 135 2489 de
166 2445 270 2488 lecto
310 2443 465 2500 peccati
507 2447 547 2484 et
578 2441 785 2483 Christum
826 2440 1166 2494 insequebantur3
1206 2439 1296 2480 ideo
1339 2439 1426 2492 ejus
1467 2437 1766 2479 humanitatem

86 2516 323 2560 occiderunt
355 2519 395 2557 et
426 2527 495 2555 cor
517 2513 603 2567 ejus
625 2513 650 2554 i.
676 2526 709 2554 0.
734 2525 930 2564 amorem,
963 2523 1083 2564 quem
1107 2509 1223 2551 nobis
1247 2510 1272 2550 i.
1297 2523 1330 2550 e.
1355 2508 1522 2550 cuilibet
1544 2508 1766 2549 christiano

88 2587 288 2639 ostendit,
322 2591 367 2628 ut
398 2600 421 2627 a
453 2588 618 2640 peccato
652 2583 836 2637 quiescat
867 2587 907 2624 et
939 2582 1012 2624 deo
1045 2580 1220 2623 fideliter
1252 2580 1416 2622 serviat.
1478 2578 1639 2634 Moyses
1672 2591 1766 2620 vero

88 2658 265 2701 armavit
304 2671 348 2700 se
386 2656 539 2711 duplici
577 2659 787 2696 armatura
820 2659 859 2695 et
891 2653 1050 2695 leonem
1084 2652 1233 2693 occidit
1264 2652 1289 2692 i.
1314 2664 1346 2692 e.
1382 2650 1559 2692 armavit
1590 2663 1632 2691 se
1664 2649 1766 2691 ceri-

87 2730 237 2772 moniis
276 2734 317 2771 et
355 2726 685 2778 circumcisione,
726 2730 766 2768 et
804 2738 885 2766 non
924 2728 1085 2766 tantum
1119 2728 1286 2778 peccata
1327 2722 1434 2775 ejus,
1474 2721 1543 2762 ¹sed
1584 2720 1766 2762 omnium

88 2801 268 2844 fidelium
313 2814 335 2841 a
373 2799 506 2854 primo
546 2801 716 2853 parente
760 2809 887 2850 usque
928 2795 977 2836 ad
1018 2794 1237 2836 adventum
1279 2793 1430 2835 Christi
1480 2792 1612 2846 ipsum
1662 2791 1765 2833 occi-

91 2873 261 2925 derunt,
295 2871 400 2912 sicut
432 2873 494 2911 est
525 2868 745 2923 scriptum:
785 2866 877 2922 lpse
910 2870 1075 2921 peccata
1107 2871 1247 2906 nostra
1279 2865 1319 2906 in
1353 2875 1523 2918 corpore
1555 2876 1626 2903 suo
1658 2861 1764 2904 tulit.

186 2955 225 2988 11
254 2950 398 2995 residet]
426 2948 713 2997 or1'9.residerct.

1791 805 1832 839 10

1792 1161 1835 1195 15

1793 1518 1837 1551 20

1792 1875 1836 1909 25

1792 2232 1836 2266 30

1792 2585 1836 2618 35
