1929 3157
65 180 133 223 29.

66 321 133 363 30.

66 464 134 506 31.

67 605 134 647 32.

66 747 133 788 33.

66 888 133 930 34.

66 1030 133 1072 35.

66 1173 133 1215 36.

66 1315 152 1356 37..

67 1457 135 1499 38.

67 1599 135 1642 39.

67 1743 136 1784 40.

67 1886 136 1927 41.

68 2027 136 2069 42.

68 2098 137 2141 43.

68 2241 137 2287 44.

70 2382 139 2425 45.

71 2454 140 2496 46.

72 2595 141 2637 47.

74 2736 142 2779 48.

74 2878 144 2920 49.

859 71 940 112 143

180 179 241 223 De
272 179 550 222 refrenacioue
581 177 926 233 concupisceucie.
980 175 1120 218 Refert
1150 174 1380 216 valerianus
1413 173 1519 228 quod
1554 172 1730 226 zelogus.

181 249 424 300 (Zaleucus.)
471 249 540 290 lat.
566 250 634 290 50.

179 320 337 363 Cristus
369 321 480 363 venit
512 321 552 361 in
584 319 794 362 mundum.
844 316 1079 360 Alexander
1110 329 1285 370 magnus
1310 316 1398 371 pori
1420 315 1507 369 regi
1529 314 1730 356 indorum.

182 390 392 437 (Geschirr
422 390 610 442 stehlen.)
658 404 753 446 app.
780 390 817 431 2.

180 462 241 506 De
278 463 369 505 foca
410 466 450 505 et
490 461 852 517 predicacionibus.
910 460 1038 516 Tytus
1079 458 1121 500 in
1160 458 1326 500 civitate
1363 457 1493 500 Roma
1533 457 1730 511 regnavit.

182 532 357 584 (Focas.)
404 533 474 575 lat.
499 534 566 575 57.

182 604 244 647 De
289 604 421 648 tribus
461 603 700 646 veritatibus
745 602 940 645 dicendis.
1010 601 1225 655 Enogarus
1266 600 1491 655 imperator
1532 598 1731 653 regnavit.

182 674 298 727 (Drei
329 675 595 729 wahrheiten‚
629 674 735 725 frei.)
781 673 851 715 lat.
876 674 943 714 58.

181 746 242 789 De
274 750 383 789 statu
413 746 567 787 mundi.
615 745 815 788 Ezechias
837 744 1026 798 regnavit
1047 742 1116 798 qui
1138 745 1221 784 tres
1243 740 1348 784 filios
1370 740 1525 783 habuit.
1569 739 1734 791 (Baum-

182 817 307 870 erbe.)
354 831 480 871 germ.
506 818 573 859 81.

179 887 240 931 De
271 888 363 942 fide,
397 902 489 944 spes
522 892 562 930 et
585 887 767 930 caritate.
816 886 968 929 Darius
989 886 1215 942 imperator
1235 883 1434 937 regnavit.
1484 882 1733 934 (Jonathas.)

180 959 250 1002 lat.
278 961 372 1002 120.

181 1030 295 1081 Quod
328 1030 427 1073 deus
460 1029 658 1085 superbos
680 1028 847 1072 resistit.
892 1026 1136 1070 Jovinianus
1158 1026 1383 1082 imperator
1402 1024 1602 1079 regnavit.
1647 1023 1735 1077 (Jo-

181 1102 400 1152 vinianus.)
448 1101 518 1144 lat.
544 1100 610 1143 59.

180 1172 395 1215 Hanibrial
417 1172 557 1214 multis
582 1171 699 1213 annis
721 1170 909 1225 regnavit
930 1169 999 1225 qui
1015 1172 1175 1211 tantum
1192 1168 1357 1210 unicam
1374 1166 1514 1209 filiam.
1549 1165 1734 1218 (Redde.)

180 1243 251 1286 lat.
275 1244 342 1287 20.

181 1314 244 1357 De
274 1314 599 1370 predicatoribus
631 1316 672 1356 et
692 1311 1050 1369 temptacionibus.
1098 1311 1297 1368 Tyberius
1319 1311 1361 1353 in
1382 1309 1513 1352 Roma
1533 1308 1734 1363 regnavit.

183 1384 358 1438 (Goldne
389 1384 538 1439 angel.)
584 1384 655 1427 lat.
681 1384 747 1426 85.

182 1456 244 1499 De
283 1456 547 1499 matrimonio
587 1459 627 1498 et
664 1454 997 1511 desponsacione.
1050 1452 1244 1496 Claudius
1275 1451 1476 1506 regnavit.
1530 1449 1737 1503 (Socrates

182 1527 416 1580 heirathet.)
462 1527 534 1570 lat.
560 1528 628 1569 61.

182 1598 244 1641 De
285 1599 453 1656 pictore.
509 1597 662 1652 Gagius
701 1597 890 1652 regnavit
924 1596 964 1639 in
1003 1596 1169 1639 civitate
1199 1595 1397 1638 Romana.
1453 1592 1738 1647 (Florentina.)

182 1670 252 1713 lat.
277 1671 345 1713 62.

185 1741 437 1785 Theodosius
469 1741 512 1782 in
544 1740 710 1782 civitate
736 1739 922 1782 Romana
951 1739 1141 1793 regnavit
1171 1726 1352 1794 prudens
1382 1735 1512 1779 valde.
1561 1734 1740 1789 (Riigen-

183 1813 358 1868 glocke.)
405 1812 475 1855 lat.
504 1811 597 1854 105.

184 1883 354 1939 Legitur
393 1883 500 1939 quod
536 1883 701 1939 quidam
742 1895 815 1925 rex
853 1881 997 1924 habuit
1032 1880 1191 1924 leonem
1226 1883 1266 1924 et
1295 1880 1470 1927 leovnam.
1534 1877 1739 1931 (Lowin.)

183 1955 255 1998 lat.
282 1956 376 1997 181.

185 2026 385 2081 Trajanus
415 2026 458 2068 in
489 2026 656 2068 civitate
676 2025 862 2067 Romana
881 2024 1083 2078 regnavit.
1131 2022 1257 2075 (Eber
1278 2023 1383 2065 ohne
1404 2021 1532 2072 herz.)
1577 2019 1649 2062 lat.
1671 2019 1738 2061 83.

183 2097 418 2142 Anthonius
456 2097 645 2151 regnavit
680 2097 722 2139 in
761 2096 927 2139 civitate
961 2108 1133 2138 romana
1164 2094 1234 2150 qui
1263 2097 1348 2136 tres
1380 2093 1553 2136 virtutes
1584 2090 1739 2134 habuit.

185 2168 351 2223 (Hemd,
384 2168 471 2211 drei
502 2168 614 2222 zoll.)
661 2167 731 2210 lat.
757 2168 824 2210 64.

184 2239 247 2283 De
285 2239 416 2282 milite
455 2243 496 2282 et
533 2239 704 2283 falcone.
766 2238 987 2294 Pompejus
1032 2238 1076 2280 in
1121 2237 1287 2280 civitate
1329 2248 1502 2279 romana
1538 2233 1738 2289 regnavit.

187 2311 360 2362 (Falke.)
406 2311 477 2353 lat.
504 2311 571 2352 84.

186 2382 249 2425 De
279 2382 411 2426 tribus
442 2382 575 2425 sociis
624 2380 744 2437 Olym
777 2383 895 2423 erant
920 2383 1004 2422 tres
1033 2379 1145 2422 socii.
1193 2377 1499 2431 (Traumbrod.)
1545 2377 1617 2419 lat.
1646 2376 1739 2418 106.

186 2453 249 2496 De
280 2453 468 2495 custodia
498 2453 645 2495 anime.
692 2451 843 2494 Lucius
874 2451 1064 2505 regnavit
1094 2450 1163 2505 qui
1189 2450 1334 2492 statuit
1354 2449 1499 2504 legem.
1549 2446 1740 2500 (Gnade.)

188 2538 315 2578 germ.
340 2525 407 2567 34.

187 2594 250 2638 De
275 2595 396 2638 beata
417 2595 574 2649 virgine
595 2594 728 2636 maria
747 2592 1022 2648 imperatrice.
1069 2591 1279 2634 Adrianus
1301 2591 1501 2645 regnavit.
1549 2588 1742 2641 (Kerker-

190 2665 421 2722 gesprach.)
467 2666 539 2708 lat.
564 2665 632 2707 86.

190 2736 253 2780 De
284 2736 461 2780 adventu
493 2736 619 2779 eristi.
666 2734 860 2789 Legimus
892 2734 934 2777 in
957 2734 1142 2791 hystoria
1161 2733 1452 2777 Romanorum.
1501 2730 1626 2784 (Zwei
1647 2730 1743 2773 brii-

191 2807 276 2861 der,
307 2807 395 2850 vier
425 2807 584 2859 briefe.)
631 2819 725 2862 app.
750 2806 819 2847 27.

190 2877 341 2922 Decius
386 2878 429 2920 in
475 2878 641 2921 civitate
685 2877 875 2931 regnavit
918 2876 962 2918 in
1007 2875 1261 2932 temporibus
1299 2875 1420 2917 istius
1458 2872 1626 2929 quidam
1665 2872 1742 2915 vir.

193 2948 342 3002 (Kreuz
374 2949 451 2991 mit
480 2948 754 2999 inschriften.)
799 2947 870 2990 lat.
896 2947 963 2990 65.
