1954 3137
176 620 241 660 10.

177 763 241 801 11.

175 1045 239 1085 13.

175 1187 240 1227 1-1.

175 1328 240 1368 15.

176 1470 240 1510 16.

981 91 1063 131 108

233 227 242 235 .
290 194 378 236 Rex
419 195 610 247 regnavit
650 195 718 249 qui
760 196 863 237 miro
900 195 1019 237 modo
1053 194 1248 250 pulchras
1283 196 1462 250 virgines
1495 196 1777 239 delectabatur
1808 197 1868 238 vi-

292 265 400 307 dere.
452 265 642 311 (Statuen
676 265 920 317 bestehlen.)
969 266 1040 308 lat.
1066 267 1104 307 8.

291 336 571 391 Vespasianus
610 338 801 389 regnavit
840 337 908 391 qui
949 337 1151 378 remansit
1190 338 1278 378 sine
1318 337 1433 392 prole
1465 337 1633 379 tandem
1667 351 1741 393 per
1771 350 1870 380 con-

291 407 429 448 silium
464 407 712 461 sapientum.
763 408 886 460 (Ring
919 408 992 449 der
1025 407 1357 460 vergessenheit.)
1404 407 1475 449 lat.
1504 409 1568 449 10.

291 477 546 518 Allexander
587 479 777 530 regnavit
810 479 878 532 qui
911 479 989 520 fuit
1021 483 1168 533 potens
1203 478 1321 520 valde
1355 479 1424 532 qui
1457 492 1530 533 pro
1563 478 1764 532 magistro
1796 478 1870 520 ha-

292 548 414 588 behat
446 548 714 590 aristotelem.
765 548 1095 602 (Giftnahrung.)
1147 548 1217 590 lat.
1249 553 1311 590 ll.

291 618 387 660 Otto
426 620 617 671 regnavit
657 621 698 660 in
741 620 856 673 cujus
895 620 1070 674 imperio
1114 624 1203 661 erat
1243 619 1407 673 quidam
1450 619 1642 661 sacerdos
1672 619 1868 662 lubricus.

290 688 621 743 (Hundsquelle.)
669 690 740 731 lat.
771 691 833 731 12.

290 760 465 810 Quidam
497 761 725 815 imperator
759 765 847 802 erat
879 761 947 815 qui
981 760 1193 815 pulchram
1228 773 1400 802 uxorem
1434 760 1624 802 habebat.
1677 760 1766 802 Nur
1798 760 1870 803 der

291 831 465 884 anf-ang:
498 831 710 873 residuum
745 845 870 885 quere
903 832 946 872 in
979 831 1058 872 alio
1093 836 1301 873 sexterno.
1351 830 1411 881 (C.
1436 831 1486 872 D.
1510 830 1566 872 M.
1590 830 1655 882 R.)
1702 831 1774 873 lat.
1802 832 1867 873 13.

290 901 519 955 Porgonius
560 903 751 955 regnavit
789 901 865 952 Qui
906 916 1079 944 uxorein
1120 903 1337 957 pulchram
1379 902 1558 956 aceepit,
1600 902 1791 957 concepit
1830 905 1871 944 et

290 973 466 1027 peperit.
517 972 660 1020 (Vater
695 973 842 1026 heilen.
877 978 1032 1014 mutter
1065 974 1209 1024 nicht.)
1259 973 1330 1014 lat.
1362 975 1453 1014 112.

290 1043 467 1093 Quidam
506 1043 734 1097 imperator
775 1049 864 1085 erat
904 1044 973 1097 qui
1016 1044 1222 1098 quandam
1264 1045 1461 1086 forestam
1503 1043 1682 1085 habebat
1713 1043 1756 1084 in
1790 1056 1870 1097 qua

291 1118 380 1156 erat
412 1113 592 1168 elephas.
645 1114 820 1163 (Nackte
847 1115 1131 1167 jungfrauen.)
1180 1115 1250 1156 lat.
1280 1116 1375 1155 115.

289 1185 462 1239 Pipinus
503 1185 694 1237 regnavit
732 1185 801 1238 qui
836 1185 1041 1238 quandam
1076 1185 1294 1240 pulchram
1328 1186 1509 1240 puellam
1542 1185 1661 1226 valde
1693 1185 1870 1240 despon-

290 1256 409 1297 savit.
460 1254 689 1305 (Stiefkind
723 1255 807 1296 und
840 1255 1032 1306 rechtes.)
1081 1256 1151 1298 lat.
1184 1258 1276 1298 116.

289 1326 544 1368 Folleminus
578 1326 768 1379 regnavit
800 1326 869 1379 qui
901 1330 985 1369 tres
1018 1327 1124 1369 filios
1159 1327 1339 1369 habebat
1370 1340 1473 1381 quos
1505 1327 1682 1368 multum
1709 1327 1869 1368 dilexit.

293 1397 394 1449 (Der
425 1397 609 1445 faulste.)
656 1397 728 1438 lat.
755 1397 823 1438 91.

285 1467 548 1509 'Allexander
580 1468 772 1520 regnavit
807 1472 846 1509 et
879 1468 1109 1510 dominium
1136 1469 1281 1510 mnndi
1304 1469 1493 1511 obtinuit.
1544 1469 1708 1511 Accidit
1729 1468 1868 1511 semel.

293 1539 520 1590 (Basilisk.)
569 1538 640 1579 lat.
670 1539 764 1579 139.

204 1611 240 1651 ἶ.
290 1610 535 1651 Fredericus
568 1610 760 1662 regnavit
794 1610 863 1663 qui
897 1611 1044 1652 statuit
1076 1624 1150 1665 pro
1183 1611 1273 1664 lege
1301 1611 1408 1665 quod
1433 1611 1666 1665 quicunque
1689 1610 1871 1664 aliquam

291 1681 508 1734 virginem.
560 1680 760 1729 (Untreue
792 1694 922 1733 gegen
957 1682 1161 1733 erretter.)
1209 1682 1280 1723 lat.
1308 1683 1403 1724 117.

293 1751 411 1792 Unde
434 1752 586 1805 legitur
610 1751 659 1792 de
683 1752 860 1805 quodam
887 1752 1075 1807 principe
1099 1753 1168 1806 qui
1191 1766 1280 1794 cum
1307 1753 1497 1795 omnibus
1520 1752 1690 1795 viribus.
1735 1751 1871 1803 (Wein

292 1822 517 1875 vergiftet.)
565 1823 635 1864 lat.
663 1823 730 1863 88.

234 1926 242 1935 .
292 1893 467 1942 Quidam
518 1894 668 1935 nobilis
708 1894 864 1935 faccam
907 1894 1112 1948 quandam
1155 1894 1334 1936 habebat
1375 1895 1607 1937 candidam.
1671 1894 1870 1947 (Argus.)

290 1964 361 2005 lat.
390 1966 484 2004 111.

291 2035 395 2076 Erat
439 2034 605 2088 quidam
647 2049 722 2076 rex
756 2036 825 2090 qni
860 2036 1067 2090 quendam
1100 2050 1328 2091 pauperem
1362 2036 1413 2077 ad
1445 2036 1618 2078 divicias
1650 2035 1869 2092 promovit.

293 2105 584 2153 (Freundliche
617 2107 777 2157 worte.)
826 2106 896 2148 lat.
925 2108 1020 2148 130.

235 2209 242 2217 .
291 2175 380 2217 Rex
414 2177 579 2230 quidam
616 2177 807 2229 regnavit
839 2178 908 2231 qui
941 2178 1155 2232 pulchram
1188 2177 1316 2219 filiam
1346 2178 1526 2220 habebat
1548 2191 1670 2231 quam
1693 2176 1872 2218 multum

293 2247 451 2288 dilexit.
503 2246 679 2298 (Waffen
714 2248 982 2300 aufhangen.)
1029 2248 1193 2290 13160.

292 2317 481 2359 Habetur
520 2318 564 2359 in
604 2319 784 2372 quodam
822 2319 929 2360 libro
970 2319 1019 2361 de
1059 2319 1262 2374 colloquio
1295 2320 1404 2374 petri
1437 2319 1487 2361 ad
1519 2319 1694 2361 ihesum.
1747 2317 1875 2370 (Ffinf

292 2390 476 2439 narren.)
521 2389 593 2430 lat.
623 2390 717 2430 164.

293 2459 458 2501 Dicitur
498 2460 547 2501 de
588 2460 763 2513 quodam
805 2473 902 2513 rege
945 2461 1014 2514 qui
1048 2475 1176 2502 unum
1207 2460 1337 2502 filium
1372 2459 1551 2502 habebat
1581 2473 1701 2514 quem
1734 2463 1871 2502 tener·
1913 2500 1919 2504 ,

294 2530 410 2571 rime.
462 2529 590 2580 (Faus
617 2530 744 2571 fasser
776 2532 914 2581 wein.)
961 2531 1032 2572 lat.
1058 2532 1124 2572 72.

293 2600 562 2642 Domicianus
604 2601 793 2653 regnavit
830 2602 1013 2656 prudens
1047 2602 1166 2644 valde
1199 2616 1246 2644 ac
1276 2615 1350 2657 per
1383 2601 1522 2642 omnia
1547 2601 1699 2654 justus.
1753 2600 1870 2653 (Drei

294 2671 535 2712 weisheiten
568 2672 827 2723 verkaufen.)
875 2672 947 2713 lat.
975 2674 1070 2714 103.

210 2755 247 2781 ’.
296 2741 398 2782 Ε1·31
435 2742 602 2795 quidam
634 2756 709 2784 rex
743 2743 812 2796 qui
844 2747 1004 2784 tantun]
1042 2742 1243 2797 [unicum]
1279 2742 1408 2784 filium
1432 2742 1622 2785 habebat.
1672 2742 1869 2795 (Narren-

297 2811 437 2866 apsel.)
486 2812 556 2854 lat.
584 2813 650 2854 74.
