1949 3162
982 53 1067 93 468

178 159 289 200 intra
320 171 362 199 se
394 158 623 211 cogitabat:
659 158 823 201 Utinam
859 172 1040 200 essemus
1073 158 1113 199 in
1142 162 1298 199 tantam
1334 159 1592 212 distanciam,
1627 159 1693 201 ubi
1728 158 1863 201 nullus

177 229 389 271 hominum
422 233 517 270 ante
552 230 682 271 venit!
716 229 770 271 Et
802 230 860 271 sic
891 229 1043 271 factum
1079 234 1161 279 est3
1194 229 1362 271 fuerunt
1393 230 1498 271 enim
1535 230 1576 271 in
1608 229 1688 271 fine
1721 229 1863 272 mundi

177 301 220 342 in
253 313 335 342 una
364 299 539 354 foresta,
579 315 656 355 que
696 301 869 342 multum
905 299 1086 341 distabat
1123 299 1173 341 ab
1207 300 1452 342 hominibus.
1510 300 1582 342 Illa
1620 300 1864 342 tristabatur

179 376 219 414 et
240 370 440 413 Jonathas
473 375 614 413 votum
648 373 761 413 vovit
794 372 867 414 deo
901 371 989 425 celi,
1024 371 1131 424 quod
1165 371 1392 413 dimitteret
1424 385 1512 413 eam
1545 371 1687 414 bestiis
1721 371 1772 413 ad
1795 371 1864 414 de-

131 451 152 485 5
179 442 427 495 vorandum,
468 442 596 484 donec
627 443 818 485 redderet
851 442 1047 484 annulum
1082 445 1122 484 et
1161 442 1333 495 monile,
1376 456 1453 496 que
1495 443 1684 497 promisit
1715 443 1863 497 facere,

178 514 211 555 si
244 517 397 568 posset,
432 517 472 555 et
503 514 554 555 ad
588 515 833 569 peticionem
868 513 1092 555 concubine
1124 512 1325 554 Jonathas
1360 513 1551 555 virtutem
1587 514 1712 568 panni
1745 513 1863 568 dixit,

177 584 335 626 scilicet
374 584 620 639 quicumque
661 584 813 639 [10‘2b]
858 599 982 640 super
1021 597 1067 626 eo
1110 584 1339 638 quiesceret
1370 589 1410 626 et
1442 585 1643 638 cogitaret
1674 584 1743 627 ubi
1777 598 1864 627 esse

177 654 314 709 vellet,
348 655 404 697 ibi
437 656 577 697 statim
613 660 731 698 esset.
781 656 940 698 Deinde
974 656 1064 710 ipsa
1096 669 1138 697 se
1169 669 1291 710 super
1314 669 1494 710 pannum
1519 656 1658 711 posuit
1679 660 1719 698 et
1742 660 1866 711 caput

178 727 264 780 ejus
297 727 339 768 in
372 727 528 780 gremio
561 741 633 769 suo
667 727 902 780 collocavit,
942 730 981 768 et
1013 740 1104 768 cum
1139 727 1318 768 dormire
1351 727 1547 782 cepisset,
1580 727 1672 782 ipsa
1703 730 1863 782 partem

109 808 152 841 10
179 798 319 853 panni,
353 812 479 854 supra
511 812 634 852 quam
667 799 855 852 sedebat,
890 798 938 839 ad
973 812 1016 839 se
1048 798 1189 839 traxit.
1244 799 1302 839 At
1333 798 1405 840 illa
1437 798 1663 853 cogitabat:
1697 797 1864 841 Utinam

179 883 308 912 essem
344 870 385 911 in
408 869 509 923 loce,
544 870 612 911 ubi
647 883 765 912 mane
798 869 876 911 fui!
910 868 1026 919 Quod
1050 873 1089 911 et
1110 869 1263 911 factum
1289 873 1351 911 est
1373 874 1413 912 et
1432 869 1635 912 Jonathas
1658 870 1865 912 dormiens

178 941 220 982 in
251 941 405 982 foresta
437 941 600 982 mansit.
651 940 753 983 Cum
787 944 922 983 autem
958 941 1007 982 de
1030 954 1202 996 sompno
1238 941 1487 982 surrexisset
1519 944 1559 983 et
1590 954 1771 996 pannum
1795 940 1865 983 ab-

177 1012 304 1054 latum
339 1026 430 1053 cum
464 1012 692 1054 concubina
724 1012 907 1064 vidisset,
940 1010 1054 1053 flevit
1086 1013 1358 1065 amarissime,
1392 1026 1466 1054 nec
1498 1012 1631 1066 scivit,
1665 1013 1714 1053 ad
1745 1025 1862 1066 quem

177 1083 310 1126 locum
355 1097 538 1139 pergere.
604 1083 793 1125 Surrexit
833 1086 873 1124 et
910 1083 1026 1136 signo
1067 1084 1198 1125 crucis
1237 1097 1280 1125 se
1319 1084 1509 1125 muniens
1548 1097 1622 1138 per
1660 1083 1862 1138 quandam

110 1163 152 1197 15
178 1155 286 1197 viam
328 1155 575 1208 ambulavit,
618 1169 691 1210 per
735 1168 855 1209 quam
897 1154 948 1195 ad
990 1168 1138 1208 aquam
1174 1155 1417 1209 profundam
1459 1155 1591 1208 venit,
1632 1169 1705 1210 per
1743 1168 1864 1210 quam

178 1226 357 1268 transire
390 1226 620 1281 oportebat,
656 1239 733 1280 que
766 1230 849 1267 tam
875 1239 1017 1267 amara
1041 1229 1081 1267 et
1102 1226 1261 1268 fervida
1292 1227 1382 1280 fuit,
1418 1226 1526 1281 quod
1549 1239 1692 1269 carnes
1715 1226 1863 1282 pedum

178 1311 308 1352 usque
342 1297 391 1338 ad
424 1297 535 1338 nuda
568 1310 660 1338 ossa
693 1297 913 1352 separavit.
966 1296 1038 1339 Ille
1071 1311 1166 1339 vero
1200 1298 1249 1339 de
1282 1297 1356 1339 hoc
1387 1298 1655 1340 contristatus
1688 1311 1759 1339 vas
1791 1298 1866 1339 im-

179 1368 308 1424 plevit
341 1372 380 1410 et
413 1382 549 1410 secum
584 1369 778 1423 portavit,
813 1372 853 1410 et
885 1368 1057 1410 ulterius
1090 1369 1257 1410 veniens
1291 1370 1400 1424 cepit
1432 1370 1609 1423 esurire,
1643 1369 1867 1424 vidensque

180 1440 385 1494 quandam
429 1440 636 1493 arborem,
678 1440 726 1481 de
758 1440 893 1481 fructu
934 1439 1020 1493 ejus
1060 1440 1258 1494 comedit,
1301 1444 1341 1482 et
1379 1442 1518 1483 statim
1551 1441 1683 1482 factus
1717 1444 1779 1482 est
1808 1439 1866 1482 le-

110 1521 155 1555 20
181 1524 341 1566 prosus.
391 1510 452 1553 De
474 1511 610 1552 fructu
633 1511 703 1552 illo
729 1511 856 1553 eciam
890 1510 1055 1564 collegit
1088 1515 1128 1553 et
1149 1524 1285 1553 secum
1321 1513 1515 1567 portavit.
1564 1512 1678 1554 Tunc
1699 1511 1868 1553 veniens

182 1582 233 1624 ad
266 1581 389 1623 aliam
424 1596 593 1636 aquam,
636 1596 708 1637 per
747 1595 868 1636 quam
908 1582 1123 1634 transivit3
1166 1596 1243 1637 que
1281 1595 1388 1636 aqua
1428 1596 1571 1625 carnes
1611 1581 1870 1624 restaurabat

182 1654 355 1709 pedum3
397 1667 468 1694 vas
502 1654 551 1695 de
585 1667 633 1695 ea
665 1653 854 1708 implevit
886 1658 926 1695 et
957 1666 1092 1695 secum
1126 1654 1327 1708 portavit,
1368 1658 1407 1695 et
1438 1653 1610 1696 ulterius
1642 1653 1868 1709 procedens

184 1725 294 1780 cepit
325 1725 499 1776 esurire3
541 1729 581 1766 et
621 1725 762 1767 videns
796 1724 1000 1779 quandam
1037 1724 1246 1778 arborem,
1290 1725 1339 1767 de
1377 1726 1490 1779 cujus
1522 1726 1657 1767 fructu
1689 1725 1799 1780 cepit
1830 1728 1870 1766 et

184 1796 383 1847 comedit3
418 1800 459 1838 et
490 1796 596 1837 sicut
630 1810 700 1850 per
725 1796 904 1851 primum
926 1796 1105 1838 fructum
1128 1796 1302 1838 infectus
1336 1800 1437 1850 erat,
1471 1797 1529 1839 sic
1552 1811 1624 1852 per
1646 1795 1867 1838 secundum

114 1875 159 1910 25
183 1867 364 1909 fructum
397 1881 420 1908 a
451 1867 568 1922 lepra
600 1871 662 1908 est
693 1867 928 1909 mundatus.
977 1867 1038 1909 De
1067 1867 1137 1908 illo
1159 1867 1294 1909 fructu
1327 1868 1453 1910 eciam
1489 1868 1628 1910 attulit
1659 1871 1700 1910 et
1731 1880 1868 1909 secum

185 1939 379 1994 portavit.
436 1938 545 1980 Dum
579 1952 673 1980 vero
707 1939 878 1981 ulterius
912 1939 1162 1992 ambularet,
1205 1938 1308 1980 vidit
1346 1939 1552 1993 quoddam
1590 1942 1792 1992 castrum,
1831 1942 1872 1980 et

186 2009 265 2051 duo
306 2009 491 2051 homines
531 2010 567 2051 ei
609 2010 849 2064 obviabant,
892 2014 1110 2064 querentes
1151 2009 1241 2064 quis
1283 2014 1402 2052 esset.
1464 2011 1520 2052 At
1559 2010 1647 2052 ille:
1687 2009 1870 2052 Medicus

185 2080 344 2136 peritus
377 2094 480 2122 sum.
530 2080 606 2130 Qui
638 2081 853 2123 dixerunt:
892 2081 978 2123 Rex
1011 2081 1130 2123 istius
1163 2081 1277 2134 regni
1310 2085 1449 2123 manet
1478 2081 1522 2123 in
1553 2082 1631 2123 isto
1663 2084 1797 2123 castro
1831 2084 1872 2122 et

188 2155 251 2194 est
280 2151 401 2194 homo
434 2151 640 2207 leprosus;
675 2153 708 2193 si
743 2167 833 2194 eum
867 2166 891 2194 a
921 2153 1037 2208 lepra
1069 2166 1212 2194 curare
1244 2166 1399 2207 posses,
1421 2153 1573 2194 multas
1595 2152 1766 2194 divicias
1795 2151 1870 2194 tibi

117 2230 163 2264 30
189 2222 318 2265 daret.
368 2223 425 2264 At
455 2223 544 2265 ille:
577 2223 734 2265 Eciam.
784 2223 860 2274 Qui
894 2224 1142 2266 adducentes
1174 2224 1308 2278 ipsum
1344 2224 1393 2265 ad
1422 2237 1575 2278 regem,
1608 2224 1722 2266 dedit
1753 2223 1789 2265 ei
1822 2223 1871 2265 de

189 2293 367 2336 secundo
399 2294 554 2347 fructu,
596 2298 636 2336 et
675 2299 840 2336 curatus
884 2299 945 2337 est
977 2309 1000 2337 a
1031 2295 1166 2350 lepra,
1209 2300 1250 2336 et
1288 2295 1337 2337 de
1370 2296 1549 2337 secunda
1581 2309 1687 2350 aqua
1726 2294 1777 2336 ad
1809 2294 1870 2336 bi-

189 2365 388 2419 bendum,
431 2378 508 2419 que
547 2378 690 2406 carnes
730 2365 816 2418 ejus
856 2366 1127 2408 restaurabat.
1190 2365 1274 2408 Rex
1318 2380 1412 2420 ergo
1455 2366 1582 2408 multa
1619 2366 1793 2408 donaria
1834 2366 1870 2408 ei

190 2436 375 2478 contulit.
439 2436 640 2478 Jonathas
685 2436 812 2489 igitur
855 2441 998 2492 postea
1035 2438 1193 2479 invenit
1233 2451 1378 2479 navem
1422 2438 1472 2479 de
1512 2437 1677 2480 civitate
1717 2450 1792 2479 sua
1832 2441 1872 2479 et

189 2507 286 2549 illuc
316 2507 613 2549 transfretavit.
665 2506 819 2549 Rumor
850 2522 924 2563 per
954 2513 1084 2551 totam
1117 2509 1325 2550 civitatem
1368 2508 1514 2563 exivit,
1554 2508 1661 2563 quod
1698 2522 1871 2563 magnus
1901 2544 1907 2547 r

121 2584 165 2618 35
190 2578 374 2620 medicus
407 2578 661 2631 advenisset,
704 2582 743 2620 et
781 2579 1008 2621 concubina
1040 2593 1133 2632 sua,
1174 2593 1251 2633 que
1284 2579 1512 2621 abstulerat
1543 2580 1579 2621 ei
1605 2579 1778 2633 jocalia,
1819 2579 1871 2621 ad

190 2653 366 2691 mortem
398 2649 606 2690 infirmata
638 2653 712 2702 est,
746 2650 913 2692 mittens
946 2664 1019 2705 pro
1051 2650 1209 2692 medico
1242 2650 1333 2692 isto.
1381 2649 1582 2692 Jonathas
1614 2650 1778 2703 ignotus
1811 2653 1873 2693 est

193 2720 243 2762 ab
281 2720 491 2774 omnibus,
532 2719 603 2761 sed
641 2719 730 2774 ipse
770 2733 859 2762 eam
893 2734 1141 2774 cognoscens
1174 2721 1280 2763 dixit
1311 2720 1368 2774 ei,
1411 2721 1518 2775 quod
1557 2721 1761 2763 medicina
1798 2735 1872 2763 sua

192 2804 274 2832 non
306 2791 463 2833 valeret
493 2791 550 2844 ei,
591 2790 669 2832 nisi
709 2791 823 2846 prius
856 2791 1119 2834 confiteretur
1151 2791 1289 2833 omnia
1322 2795 1489 2846 peccata
1526 2805 1618 2845 sua,
1659 2796 1699 2834 et
1731 2792 1766 2834 si
1798 2791 1872 2834 ali-

194 2874 312 2915 quem
347 2861 648 2915 defraudasset,
690 2861 797 2916 quod
835 2862 1035 2905 redderet.
1092 2863 1166 2905 Illa
1204 2876 1300 2905 vero
1339 2862 1423 2904 alta
1453 2875 1551 2904 voce
1589 2862 1871 2917 confitebatur,

123 2941 169 2974 40
195 2933 397 2986 quomodo
419 2932 643 2974 Jonatham
666 2932 894 2987 decepisset
925 2934 974 2976 de
997 2934 1162 2987 annulo,
1196 2933 1339 2976 monili
1371 2938 1411 2976 et
1442 2947 1578 2988 panno
1608 2938 1648 2976 et
1669 2933 1872 2989 quomodo
