1919 3157
867 74 952 114 395
991 130 1004 143 ο

71 170 225 212 curiam
268 173 398 225 regis,
441 178 481 216 et
524 189 615 217 cum
657 177 826 220 vidisset
871 180 1215 233 pulchritudinem
1258 183 1527 238 Rosimuude.
1575 200 1665 229 eam
1706 189 1745 230 in

70 253 240 283 uxorem
274 244 398 298 peciit
430 249 587 287 tantum
631 261 720 289 cum
762 263 834 291 sua
868 251 1184 305 pulchritudine.
1233 253 1316 295 Rex
1350 261 1467 310 pater
1499 258 1677 313 puellam
1711 261 1745 301 ei

69 313 270 354 concessit
303 319 343 356 et
374 329 463 357 cum
507 331 655 371 magno
687 320 835 371 gaudio
876 334 964 363 eam
999 323 1276 378 desponsavit.
1326 325 1471 369 Stabat
1503 329 1632 371 altera
1663 330 1748 372 tilia

68 395 142 437 per
174 383 324 427 multos
359 384 522 441 [annos]
559 395 777 443 antequam
813 398 920 433 esset
952 393 1220 449 ‹lesponsata;
1263 397 1427 439 tandem
1464 400 1627 453 quidam
1663 401 1744 442 dux

68 453 218 495 nobilis
266 456 336 497 sed
386 471 541 512 pauper
589 460 696 502 intra
742 475 783 503 se
833 464 1057 516 cogitabat:
1112 465 1223 507 Licet
1263 468 1399 521 puella
1437 471 1570 525 turpis
1609 472 1744 525 suerit,
1771 481 1792 515 ι’)

67 528 205 566 tamen
238 527 468 582 quicunque
511 544 599 571 eam
636 531 844 585 habuerit,
885 548 1053 588 regnum
1096 550 1185 578 cum
1221 551 1269 579 ea
1301 538 1515 582 obtinebit.
1560 540 1747 584 Perrexit

68 594 118 636 ad
150 609 287 649 regem
333 603 372 640 et
405 613 494 641 eam
529 601 568 642 in
605 615 771 644 uxorem
808 605 942 658 peciit.
990 606 1075 648 Rex
1109 621 1204 649 vero
1237 610 1402 662 gavisus
1435 616 1515 663 est,
1555 626 1642 654 eam
1677 613 1745 655 de—

67 667 281 720 sponsavit
321 682 412 711 cum
455 684 604 725 magno
645 673 793 726 gaudio
834 682 875 717 et
913 682 1006 731 post
1045 683 1217 720 mortem
1261 681 1368 733 regis
1408 686 1537 723 totum
1574 696 1743 736 regnum

65 749 158 778 cum
191 751 239 779 ea
269 739 458 782 obtinuit.

183 810 470 854 Μοναῖίεασίο.
513 812 740 868 Carissimi,
774 830 844 858 rex
878 818 955 860 iste
988 824 1050 860 est
1081 820 1271 863 dominus
1304 828 1443 866 noster
1467 824 1605 867 lhesus
1628 825 1745 868 Chri·
1772 836 1814 869 10

65 882 166 931 stus,
199 879 283 922 filia
314 881 568 925 Rosimunda
600 890 683 927 tam
718 887 887 942 pulchra
920 895 981 930 est
1013 891 1189 933 mundus
1222 894 1313 946 iste,
1346 895 1454 937 unde
1486 897 1605 950 pauci
1631 897 1744 939 inve-

64 949 254 1004 niuntur,
289 953 357 1006 qui
397 967 476 995 non
511 957 707 998 mundum
742 971 865 1013 super
897 961 1036 1002 omnia
1067 967 1289 1018 appetunt,
1323 970 1461 1007 tamen
1494 967 1620 1009 nichil
1651 981 1741 1010 cum

64 1033 113 1062 ea
144 1022 388 1067 obtinebunt
417 1026 496 1068 nisi
531 1041 645 1069 suam
680 1029 1026 1083 pulchritudinem
1064 1033 1137 1075 hoc
1159 1040 1221 1076 est
1242 1037 1466 1079 vanitatem
1491 1043 1531 1080 et
1553 1039 1743 1092 divicias3

64 1097 105 1134 et
135 1093 242 1135 sicut
274 1095 533 1149 pulchritudo
572 1113 645 1154 per
677 1099 979 1155 infirmitatem,
1019 1104 1170 1147 famem
1204 1112 1244 1148 et
1275 1113 1526 1151 senectutem
1561 1110 1743 1152 adnichi—

63 1163 185 1218 latur,
218 1166 276 1207 ita
308 1167 454 1210 divicie
488 1169 607 1223 hujus
642 1172 781 1213 mundi
814 1177 1030 1216 transeunt
1061 1189 1134 1230 per
1166 1183 1339 1220 mortem
1374 1184 1414 1221 et
1445 1194 1541 1236 sepe
1563 1187 1670 1235 ante,
1704 1187 1744 1225 et
1773 1192 1812 1225 15

62 1235 153 1277 ideo
186 1236 288 1278 fatui
327 1244 423 1281 sunt
461 1241 530 1294 qui
570 1242 766 1283 mundum
801 1244 1064 1299 desponsant.
1120 1248 1266 1291 Altera
1296 1249 1382 1292 filia
1414 1252 1569 1295 scilicet
1600 1253 1744 1296 Gratia

61 1306 203 1362 plena,
238 1322 315 1363 que
348 1315 410 1352 est
442 1313 576 1366 turpis
617 1318 657 1354 et
689 1314 878 1356 omnibus
912 1316 1066 1371 odiosa,
1106 1324 1216 1362 certe
1249 1326 1311 1363 est
1342 1328 1585 1378 paupertas,
1619 1338 1740 1379 quam

60 1379 166 1421 miro
196 1381 317 1422 modo
351 1381 451 1423 deus
483 1383 640 1436 dilexit,
674 1389 715 1426 et
745 1385 836 1428 ideo
871 1392 1040 1430 vocatur
1072 1388 1216 1432 Gratia
1250 1392 1383 1447 plena,
1417 1395 1514 1449 quia
1545 1410 1618 1451 per
1651 1410 1740 1439 eam

59 1450 276 1493 devenitur
315 1452 365 1494 ad
405 1453 598 1506 divicias;
640 1461 922 1500 verumtamen
954 1461 1076 1514 pauci
1108 1467 1223 1517 sunt,
1266 1464 1336 1518 qui
1368 1478 1457 1507 eam
1491 1467 1741 1523 desponsare

58 1521 213 1576 volunt,
247 1523 329 1566 imo
362 1528 425 1566 est
456 1526 645 1568 omnibus
679 1527 840 1581 odiosa;
873 1534 1011 1572 tamen
1045 1533 1113 1586 qui
1136 1547 1225 1576 eam
1254 1535 1578 1592 desponsaverit,
1613 1540 1739 1582 vitam
1766 1548 1811 1582 20

59 1597 242 1635 eternam
274 1594 453 1638 habebit.

724 1829 826 1872 CAP.
861 1832 929 1874 78.
962 1834 1066 1885 (70.)

520 1915 593 1960 De
631 1920 881 1963 constantia
921 1923 1091 1967 amoris
1126 1926 1279 1969 mutui.

173 2007 261 2050 Rex
295 2009 462 2064 quidam
496 2012 710 2066 pulchram
743 2013 869 2057 filiam
904 2016 1092 2071 habebat,
1128 2032 1204 2073 que
1237 2025 1325 2063 erat
1356 2022 1448 2064 duci
1481 2023 1736 2068 nobilissimo

55 2079 316 2135 desponsata,
348 2093 440 2123 cum
474 2096 552 2136 quo
587 2084 798 2139 pulchram
832 2087 988 2142 prolem
1021 2089 1210 2144 habebat,
1244 2096 1285 2134 et
1317 2094 1499 2136 maxima
1528 2095 1636 2137 inter
1669 2110 1736 2139 eos
1763 2107 1806 2140 25

55 2154 145 2192 erat
176 2150 353 2193 dilectio.
408 2151 503 2194 Dux
538 2168 632 2196 vero
666 2157 864 2211 moritur3
899 2159 948 2200 de
980 2161 1094 2214 cujus
1127 2167 1258 2205 morte
1288 2164 1422 2206 factus
1455 2170 1517 2207 est
1547 2166 1737 2221 planctus

55 2234 228 2275 magnus
261 2222 302 2263 in
334 2223 513 2266 civitate.
562 2225 742 2269 Domina
775 2242 870 2270 vero
903 2231 1003 2272 satis
1036 2231 1257 2276 honorifice
1289 2248 1379 2277 eum
1413 2237 1622 2292 sepulture
1653 2242 1736 2280 tra—

55 2293 170 2335 didit.
219 2292 319 2335 Post
349 2300 522 2338 mortem
558 2298 677 2339 amici
712 2299 797 2352 ejus
830 2300 881 2342 ad
908 2299 997 2356 [63]
1022 2315 1109 2344 eam
1136 2311 1349 2359 venerunt,
1383 2310 1427 2348 ut
1449 2309 1625 2351 secundo
1649 2311 1735 2352 viro

53 2364 245 2418 nuberet,
296 2365 520 2419 allegantes
571 2369 647 2411 sibi
687 2374 836 2413 etatem
878 2373 1080 2427 integram
1128 2375 1177 2416 ad
1218 2377 1562 2431 pulchritudinem
1603 2394 1732 2423 suam.

54 2434 233 2478 Domina
265 2450 360 2479 vero
393 2440 626 2493 respondit:
669 2441 809 2484 Virum
845 2444 1017 2486 alterum
1053 2445 1202 2488 habere
1234 2448 1350 2502 nolo,
1384 2451 1480 2504 quia
1511 2451 1572 2492 vir
1606 2466 1733 2506 meus,
1758 2462 1804 2496 30

55 2507 123 2561 qui
155 2512 341 2549 mortuus
374 2514 449 2562 est,
482 2515 571 2552 erat
602 2515 685 2554 tam
719 2514 862 2568 bonus,
896 2516 1025 2559 dulcis
1058 2531 1104 2559 ac
1136 2518 1249 2560 dives
1282 2533 1354 2574 per
1387 2522 1537 2575 omnia,
1571 2523 1638 2576 qui
1669 2538 1733 2566 me

54 2577 163 2620 ultra
201 2579 367 2620 modum
409 2580 575 2635 dilexit,
616 2587 657 2624 et
696 2589 866 2640 propter
898 2587 1068 2630 nimiam
1102 2589 1362 2633 dilectionem
1402 2592 1509 2635 inter
1541 2607 1614 2635 nos
1647 2595 1732 2648 ejus

53 2661 164 2691 mors
196 2653 356 2692 tantum
396 2666 462 2694 me
494 2652 660 2707 affligit,
701 2656 806 2709 quod
850 2661 895 2698 ut
926 2659 1047 2700 credo
1080 2660 1218 2703 vivere
1250 2675 1330 2704 non
1367 2667 1528 2717 potero3
1570 2665 1603 2706 si
1636 2679 1732 2707 vero

53 2719 176 2762 talem
219 2722 351 2764 virum
393 2736 595 2778 ponamus
635 2727 742 2779 quod
776 2727 1027 2783 invenirem,
1068 2731 1262 2786 possibile
1295 2739 1403 2776 esset
1434 2735 1468 2776 ei
1504 2733 1631 2790 [ante]
1667 2750 1732 2779 me

53 2792 171 2845 mori,
205 2796 245 2834 et
275 2797 373 2836 tunc
404 2799 513 2836 esset
544 2796 668 2838 michi
701 2798 838 2851 gravis
871 2799 1058 2853 afflicti03
1084 2803 1172 2856 jam
1206 2803 1347 2857 habeo,
1381 2805 1487 2859 quod
1521 2820 1728 2862 nunquam
1756 2817 1800 2851 35

53 2860 177 2904 alium
218 2864 351 2906 virum
393 2878 539 2921 capere
579 2867 683 2909 volo.
744 2868 787 2911 Si
820 2870 974 2912 malum
1016 2873 1148 2916 virum
1183 2876 1431 2931 acciperem,
1467 2882 1575 2920 esset
1606 2879 1729 2921 michi

51 2945 190 2988 grave,
222 2940 316 2990 post
346 2936 496 2979 bonum
533 2936 716 2994 [habere]
750 2941 990 2996 pessimum.
