1949 3162
991 71 1076 113 638

865 216 968 271 239,
1002 229 1106 271 app.
1129 215 1201 259 43.

310 319 478 372 Legitur
525 319 566 359 in
605 316 772 371 flagitiis
813 318 980 359 deorum
1022 317 1129 371 quod
1168 322 1257 359 erat
1303 318 1476 372 quedam
1517 317 1662 359 mulier
1701 316 1866 358 nomine

194 392 401 443 nostistes⁷
450 403 527 443 que
574 393 661 431 erat
702 389 961 444 impregnata
1009 392 1049 430 et
1095 389 1229 430 vicina
1276 390 1424 443 partui.
1484 388 1569 439 Que
1608 389 1793 441 ingressa
1823 388 1866 429 in

193 461 390 516 templum
425 461 592 502 deorum
626 473 791 501 suorum
824 463 868 501 ut
901 459 1131 502 consuleret
1163 474 1286 515 super
1316 460 1444 501 fetum
1477 473 1595 513 quem
1628 458 1796 512 gerebat
1824 458 1868 499 in

195 537 330 586 utero,
370 535 505 572 utrum
548 535 655 573 esset
694 530 898 572 masculus
940 530 1002 572 vel
1033 531 1197 572 femina.
1261 530 1334 573 Cui
1381 531 1538 586 primus
1577 530 1746 572 deorum
1787 528 1867 571 tale

195 604 307 645 dedit
336 615 598 657 responsum:
631 602 737 643 fetus
769 605 862 643 tuus
885 600 992 643 filius
1026 606 1087 644 est
1119 607 1159 644 et
1191 602 1365 644 concedo
1398 602 1474 643 sibi
1508 601 1865 656 pulchritudinem.

196 674 405 717 Secundus
444 673 610 715 deorum
649 673 772 714 dixit:
815 673 921 714 fetus
962 676 1055 714 tuus
1087 672 1193 715 filius
1226 676 1288 715 est
1319 677 1359 715 et
1390 672 1565 715 concedo
1598 672 1675 714 sibi
1706 672 1869 713 fortitu-

195 746 344 788 dinem.
405 744 570 785 Tercius
603 744 792 786 similiter
825 744 943 797 dixit,
977 745 1044 798 qui
1077 745 1113 786 ei
1146 745 1347 786 concessit
1379 743 1672 798 plenitudinem
1705 742 1868 784 divitia-

195 830 299 859 rum.
366 815 458 857 Istis
496 816 703 871 responsis
751 816 929 870 acceptis
976 815 1123 858 mulier
1169 816 1381 869 indignata
1417 815 1586 857 recessit
1631 828 1655 856 a
1699 813 1867 869 templo,

196 887 350 929 offensa
382 888 562 939 graviter
594 901 640 929 eo
675 887 780 941 quod
814 887 870 928 dii
902 900 982 928 non
1015 891 1302 929 concesserunt
1334 886 1416 927 filio
1450 899 1521 927 suo
1554 885 1632 927 nisi
1662 886 1742 927 tria
1763 885 1869 926 dona

195 972 249 1001 sc.
283 958 649 1013 pulchritudinem,
682 958 964 999 fortitudinem
1007 962 1047 1000 et
1085 958 1249 1000 divitias
1290 962 1330 1000 et
1374 957 1597 999 secundum
1628 957 1759 1010 legem
1793 956 1867 998 sub

196 1043 277 1084 qua
306 1030 410 1071 vixit
440 1043 604 1071 reversa
636 1034 697 1070 est
728 1030 768 1070 in
801 1029 1000 1084 templum
1040 1033 1084 1071 ut
1115 1030 1192 1071 diis
1225 1043 1298 1084 pro
1332 1028 1538 1071 beneficiis
1569 1027 1653 1070 filio
1684 1028 1868 1083 inpensis

195 1100 394 1143 sacrificia
425 1100 600 1153 offerret,
635 1105 674 1141 et
705 1113 795 1141 cum
831 1101 1008 1142 venisset
1040 1101 1188 1142 obtulit
1219 1101 1276 1142 eis
1308 1101 1389 1142 tria
1415 1113 1605 1151 munera3
1641 1113 1712 1154 pro
1736 1099 1868 1154 primo

195 1172 300 1213 dono
334 1185 387 1213 sc.
421 1172 724 1226 pulchritudine
757 1171 904 1212 obtulit
935 1171 1079 1224 lutum,
1112 1186 1186 1226 pro
1210 1172 1269 1213 2¹¹⁰
1301 1172 1404 1213 dono
1433 1185 1486 1213 sc.
1511 1171 1750 1213 fortitudine
1773 1184 1868 1225 spu-

195 1247 301 1295 tum,
335 1256 408 1297 pro
448 1244 574 1285 tercio
614 1243 718 1284 dono
759 1256 812 1284 sc.
851 1243 1129 1284 habundantia
1168 1243 1403 1285 divitiarum
1451 1242 1600 1284 obtulit
1629 1242 1866 1284 derisiones.

197 1313 351 1364 Quibus
391 1314 537 1356 oblatis
577 1314 633 1356 dii
672 1314 781 1355 illius
821 1313 964 1355 offensi
1005 1318 1267 1356 mutaverunt
1311 1315 1438 1356 fetum
1487 1315 1528 1355 in
1568 1317 1683 1355 utero
1726 1313 1868 1355 matris

197 1389 425 1427 exeuntem.
483 1385 560 1435 Qui
600 1399 691 1428 cum
734 1389 970 1427 nasceretur
1009 1386 1202 1441 apparuit
1236 1387 1278 1427 in
1310 1389 1530 1439 conspectu
1561 1385 1743 1426 omnium
1774 1385 1869 1427 talis

196 1457 337 1510 figure.
393 1456 496 1506 Quia
527 1470 601 1511 pro
634 1457 739 1498 dono
763 1456 1077 1511 pulchritudinis
1101 1456 1282 1512 portavit
1312 1457 1442 1512 capud
1475 1469 1625 1512 symee,
1658 1469 1732 1511 pro
1764 1456 1868 1498 dono

197 1528 448 1570 fortitudinis
481 1529 661 1583 portavit
694 1541 839 1569 manus
880 1531 920 1569 et
960 1527 1124 1569 brachia
1157 1528 1335 1582 anseris,
1378 1541 1451 1583 pro
1494 1528 1599 1569 dono
1632 1527 1868 1569 divitiarum

198 1600 340 1642 habuit
380 1613 525 1654 corpus
559 1599 811 1641 excoriatum
852 1602 892 1640 et
932 1598 1037 1653 pelle
1070 1599 1267 1640 nudatum
1301 1604 1340 1641 et
1372 1599 1507 1641 oculos
1541 1598 1627 1640 vice
1658 1612 1776 1640 versa
1806 1612 1870 1641 re-

198 1671 419 1713 volventes.
470 1671 551 1713 Ista
571 1671 719 1713 mulier
751 1673 812 1712 est
844 1670 980 1711 anima
1012 1670 1225 1712 rationalis
1258 1684 1378 1725 quam
1413 1671 1511 1712 deus
1533 1673 1652 1725 pater
1684 1670 1733 1711 ad
1755 1683 1871 1726 yma-

198 1743 334 1797 ginem
367 1756 481 1784 suam
520 1742 716 1784 formavit
753 1755 844 1783 cum
877 1741 1181 1796 pulchritudine
1219 1742 1434 1797 corporali.
1491 1740 1621 1791 Quam
1659 1740 1768 1783 filius
1805 1741 1871 1784 dei

199 1814 407 1856 decoravit
446 1827 538 1856 cum
573 1813 813 1855 fortitudine
845 1813 1065 1868 spirituali,
1107 1827 1227 1868 quam
1261 1813 1360 1855 deus
1398 1813 1566 1868 spiritus
1605 1816 1770 1854 sanctus
1806 1826 1870 1855 re-

198 1885 328 1941 plevit
358 1885 612 1940 plenitudine
643 1885 820 1926 virtuali.
881 1883 962 1926 Sed
993 1898 1084 1926 cum
1117 1885 1255 1926 anima
1285 1885 1506 1927 revertitur
1538 1884 1589 1925 ad
1619 1883 1870 1926 laudandum

200 1957 319 1999 deum
359 1970 434 2011 pro
472 1956 588 1998 donis
621 1957 723 2008 istis,
765 1961 862 1998 tunc
893 1956 1013 1997 homo
1053 1969 1127 2011 pro
1167 1956 1470 2012 pulchritudine
1511 1955 1713 2010 corporali
1755 1954 1872 1998 offert

199 2028 329 2070 lutum
362 2028 536 2080 luxurie,
576 2041 649 2083 pro
681 2027 922 2069 fortitudine
954 2027 1159 2082 spirituali
1192 2027 1309 2070 offert
1347 2031 1511 2082 sputum
1547 2026 1762 2080 discordie,
1796 2040 1870 2082 pro

199 2099 453 2155 plenitudine
493 2098 657 2140 virtuali
695 2098 812 2140 offert
851 2099 1076 2141 derisiones
1117 2098 1306 2154 superbie
1345 2103 1385 2141 et
1423 2099 1481 2141 sic
1518 2097 1620 2140 tales
1653 2098 1765 2152 justo
1806 2097 1871 2139 dei

193 2171 349 2225 judicio
382 2175 422 2212 et
453 2170 624 2212 servicio
657 2170 859 2212 vilescunt
890 2184 963 2225 per
996 2170 1201 2211 luxuriam
1235 2173 1280 2211 ut
1311 2183 1469 2211 asseres
1501 2169 1767 2211 debilitantur
1798 2182 1871 2224 per

200 2242 445 2283 discordiam
485 2245 525 2284 et
562 2242 620 2282 sic
659 2241 822 2283 tandem
864 2241 1181 2297 progrediuntur
1220 2241 1318 2282 nudi
1351 2244 1391 2283 et
1422 2240 1619 2282 excoriati
1650 2240 1871 2283 virtutibus

201 2318 369 2368 propter
400 2313 530 2366 gratie
563 2312 797 2354 carentiam.

864 2565 970 2621 240,
1005 2578 1110 2620 app.
1134 2565 1205 2608 44.

317 2666 477 2709 Recitat
520 2670 715 2722 troyanus
753 2667 860 2721 quod
899 2667 1046 2709 helena
1084 2667 1142 2708 sic
1181 2666 1291 2708 dicta
1334 2665 1522 2721 depinxit
1560 2665 1679 2707 deam
1720 2664 1870 2706 amoris

202 2738 542 2780 circumornatam
585 2741 758 2792 quatuor
788 2738 901 2780 rotis.
958 2738 1003 2779 In
1035 2738 1170 2792 prima
1199 2741 1291 2779 rota
1327 2737 1524 2792 scriptum
1557 2740 1662 2778 erat:
1703 2735 1869 2777 honoro.

202 2809 250 2851 In
283 2809 481 2851 secundo:
514 2808 667 2850 laboro.
714 2807 757 2849 In
791 2810 934 2850 tertia:
968 2808 1120 2850 dulcor.
1168 2808 1212 2849 In
1245 2811 1409 2862 quarta:
1443 2807 1641 2849 consolor.

321 2883 391 2922 Ad
405 2882 679 2937 propositum.
715 2878 844 2921 Maria
865 2879 1108 2933 magdalena
1129 2879 1201 2920 has
1225 2879 1497 2934 proprietates
1521 2878 1672 2920 amoris
1694 2877 1873 2918 ostendit

204 2951 328 2993 simili
358 2951 490 3011 modo.
542 2950 679 2992 Primo
711 2964 889 2993 amorem
924 2950 1076 2992 Christi
1109 2950 1270 3004 quando
1303 2949 1489 2991 Christus
1521 2949 1563 2990 in
1595 2948 1730 3003 specie
1761 2952 1871 2990 ortu·
1934 2960 1939 2968 ·
