1929 3162
947 49 1033 92 280

910 173 1011 215 CAP.
1037 174 1077 215 6.

712 261 785 307 De
820 261 1042 321 sequenda
1080 262 1266 305 ratione.

278 369 318 424 [4
331 369 369 425 b]
423 370 526 412 Erat
557 371 720 426 quidam
754 371 978 425 imperator
1008 371 1153 424 potens
1179 368 1250 410 sed
1270 372 1484 424 tyrannus,
1517 368 1586 423 qui
1617 367 1824 423 quandam

157 442 337 498 puellam
369 442 475 496 regis
507 441 634 484 filiam
659 441 870 497 pulchram
894 440 1011 482 valde
1035 439 1310 494 desponsavit.
1356 439 1483 481 Facta
1504 439 1825 494 desponsacione

110 522 131 556 5
158 513 276 555 ambo
309 513 536 556 adinvicem
562 514 843 567 juramentum
875 512 1072 564 fecerunt,
1106 511 1225 565 quod,
1258 511 1292 552 si
1321 511 1410 565 quis
1441 523 1580 553 eorum
1604 511 1716 565 prius
1737 524 1824 552 mo-

156 588 329 638 reretur,
363 584 465 627 alter
496 598 569 640 pre
591 584 718 626 nimio
743 596 880 625 amore
903 597 945 625 se
968 584 1103 639 ipsum
1127 582 1341 624 occideret.
1389 581 1551 624 Accidit
1572 581 1697 624 semel
1717 581 1824 637 qnod

156 657 381 712 imperator
414 657 490 698 iste
523 656 573 697 ad
605 659 744 711 partes
776 654 1020 709 longinquas
1044 667 1086 696 se
1108 653 1320 695 transtulit
1341 656 1381 695 et
1402 653 1471 694 diu
1493 666 1651 695 moram
1672 653 1822 695 ibidem

156 727 295 769 traxit.
345 727 494 769 Volens
528 727 701 782 probare
733 739 916 779 uxorem,
951 726 1000 767 ad
1034 739 1123 768 eam
1156 725 1350 767 nuncium
1374 724 1608 778 destinavit,
1641 727 1687 766 ut
1717 724 1754 767 ei
1775 724 1825 767 de

156 802 288 841 morte
320 812 394 841 sua
426 799 592 841 diceret.
640 797 825 839 Audiens
857 797 933 840 hoc
964 811 1068 839 uxor
1088 801 1257 853 propter
1273 797 1569 851 juramentum,
1602 795 1710 851 quod
1731 799 1826 838 ante

88 877 130 911 10
155 870 309 912 fecerat
329 870 418 912 viro
450 884 536 924 suo,
569 869 618 911 de
650 869 732 911 alto
765 872 903 911 monte
929 882 972 911 se
994 868 1270 924 precipitavit,
1301 871 1347 910 ut
1367 870 1607 910 moreretur.
1653 867 1826 910 Verum-

155 945 295 983 tamen
326 945 489 983 mortua
519 954 599 982 non
632 944 713 994 est,
745 940 816 982 sed
847 941 955 982 infra
985 940 1108 982 breve
1139 944 1301 995 tempus
1334 939 1502 981 sanitati
1532 942 1595 981 est
1622 939 1824 981 restituta.

155 1013 314 1055 Deinde
345 1013 492 1055 iterato
526 1013 702 1068 seipsam
737 1011 900 1054 volebat
931 1012 1193 1067 precipitare,
1225 1014 1270 1053 ut
1298 1014 1539 1053 moreretur.
1587 1009 1709 1053 Pater
1740 1010 1826 1065 ejus

156 1084 232 1127 hoc
265 1084 434 1126 audiens
467 1084 504 1126 ei
535 1084 740 1139 precepit,
772 1087 818 1125 ut
849 1087 1041 1139 precepto
1074 1087 1115 1125 et
1139 1084 1374 1137 juramento
1406 1082 1483 1124 viri
1514 1095 1596 1124 non
1629 1081 1825 1125 obediret.

156 1155 231 1198 Illa
262 1169 357 1198 vero
390 1155 555 1198 nolebat
587 1155 829 1197 consentire.
877 1155 951 1196 Ait
982 1158 1118 1211 pater:
1157 1154 1221 1196 Ex
1254 1167 1332 1209 quo
1370 1167 1452 1195 non
1483 1154 1545 1196 vis
1576 1153 1700 1196 michi
1732 1165 1828 1195 con-

89 1233 131 1268 15
157 1228 310 1270 sentire
342 1230 381 1269 et
413 1227 597 1281 obedire,
638 1227 826 1270 celeriter
864 1230 981 1269 extra
1018 1227 1255 1269 societatem
1296 1239 1430 1268 meam
1462 1239 1597 1268 exeas.
1649 1225 1707 1268 At
1735 1225 1826 1268 illa:

156 1299 273 1352 Nolo,
308 1303 348 1341 et
378 1298 453 1340 hoc
483 1312 557 1354 per
589 1299 711 1341 talem
746 1299 953 1341 racionem
984 1299 1125 1353 probo.
1175 1297 1277 1340 Cum
1311 1301 1447 1340 autem
1477 1298 1566 1352 quis
1591 1297 1827 1352 juramento

157 1374 219 1413 est
251 1370 466 1424 obligatus,
499 1374 660 1413 tenetur
692 1370 930 1426 adimplere.
978 1369 1066 1424 Ego
1093 1370 1231 1424 juravi
1262 1369 1349 1411 viro
1377 1382 1482 1423 meo,
1515 1369 1622 1424 quod
1644 1382 1719 1425 pro
1741 1370 1827 1424 ejus

158 1455 295 1484 amore
327 1443 527 1498 meipsam
560 1441 799 1485 occiderem.
847 1442 941 1484 Ideo
974 1455 1055 1483 non
1087 1441 1253 1495 deliqui,
1285 1442 1319 1483 si
1345 1441 1627 1495 juramentum
1655 1440 1828 1497 implere

157 1513 268 1566 volo;
317 1527 412 1567 ergo
453 1517 570 1556 extra
611 1514 848 1556 societatem
888 1518 1000 1555 tuam
1040 1526 1121 1554 non
1161 1513 1286 1555 debeo
1326 1512 1488 1568 expelli.
1551 1512 1652 1556 Item
1691 1512 1828 1555 nullus

88 1592 132 1625 ‘20
158 1585 279 1628 debet
309 1586 446 1641 puniri
478 1599 553 1641 pro
587 1599 654 1639 eo,
697 1585 804 1640 quod
844 1589 905 1627 est
936 1584 1272 1627 commendabile.
1327 1584 1405 1626 Sed
1437 1597 1530 1626 cum
1562 1585 1624 1626 vir
1655 1588 1696 1627 et
1725 1598 1830 1627 uxor

159 1657 242 1698 sint
271 1670 395 1698 unum
435 1657 478 1698 in
510 1670 631 1700 carne
671 1657 894 1700 secundum
927 1656 1067 1709 deum,
1107 1655 1427 1698 commendabile
1458 1660 1539 1710 est,
1580 1656 1686 1712 quod
1725 1670 1829 1699 uxor

158 1742 232 1784 pro
265 1741 402 1770 amore
434 1728 511 1770 viri
544 1730 606 1771 sui
639 1729 849 1771 moriatur.
899 1728 1014 1770 Unde
1045 1728 1088 1769 in
1121 1728 1236 1770 India
1257 1727 1476 1782 aliquando
1499 1731 1588 1770 erat
1608 1727 1688 1782 leX,
1722 1728 1829 1783 quod

157 1812 262 1841 uxor
292 1804 386 1855 post
416 1804 588 1843 mortem
621 1801 699 1842 viri
731 1801 794 1842 sui
826 1813 899 1855 pre
937 1799 1075 1842 dolore
1117 1803 1158 1841 et
1196 1813 1335 1841 amore
1373 1800 1552 1854 seipsam
1590 1799 1830 1842 comburere

159 1871 338 1926 deberet,
371 1871 436 1914 vel
467 1872 561 1914 viva
592 1885 682 1914 cum
720 1885 765 1914 eo
798 1872 840 1913 in
873 1871 1135 1927 sepulchrum
1167 1872 1277 1927 poni.
1325 1870 1380 1913 Et
1400 1870 1506 1925 ideo,
1537 1874 1583 1913 ut
1613 1871 1739 1913 michi
1769 1871 1830 1913 vi-

90 1950 133 1984 25
160 1943 297 1997 detur,
335 1956 417 1985 non
450 1943 624 1998 deliqui,
666 1943 826 1997 quando
867 1944 1066 1999 meipsam
1106 1942 1306 1985 interficio
1337 1946 1507 1998 propter
1539 1956 1720 1985 amorem
1752 1943 1830 1985 viri

158 2015 252 2058 mei.
302 2015 374 2057 Ait
405 2018 543 2071 pater:
578 2014 746 2065 Quando
778 2015 892 2070 prius
926 2015 1080 2069 dixisti,
1115 2015 1221 2069 quod
1244 2014 1423 2068 obligata
1448 2014 1683 2068 juramento
1713 2015 1830 2057 fuisti

160 2090 258 2140 etc,
297 2086 378 2129 tale
411 2086 731 2140 obligamentum
763 2100 844 2128 non
878 2087 1004 2141 valet,
1047 2087 1144 2142 quia
1184 2085 1391 2142 pretendit
1429 2085 1478 2128 ad
1517 2085 1671 2128 malum
1706 2085 1829 2129 finem

160 2158 315 2200 scilicet
346 2158 396 2200 ad
429 2162 615 2201 mortem.
663 2160 689 2199 J
693 2162 950 2201 uramentum
975 2172 1136 2214 semper
1159 2158 1279 2200 debet
1300 2171 1388 2200 esse
1409 2158 1657 2201 racionabile
1678 2162 1719 2201 et
1738 2159 1830 2202 ideo

154 2229 434 2283 juramentum
474 2234 588 2271 tuum
628 2230 783 2272 nullum
824 2234 896 2272 est.
950 2230 1016 2272 Ad
1057 2230 1178 2272 aliam
1210 2230 1439 2283 racionem,
1480 2230 1641 2285 quando
1674 2230 1829 2285 dixisti,

91 2306 135 2340 30
162 2300 269 2355 quod
300 2301 409 2343 istud
433 2305 494 2343 est
522 2301 857 2355 commendabile,
891 2302 998 2356 quod
1027 2315 1131 2344 uxor
1152 2302 1353 2343 moriatur
1374 2315 1448 2357 pro
1470 2302 1573 2355 viro,
1605 2314 1686 2344 non
1707 2302 1828 2357 valet,

162 2372 271 2426 quia,
302 2371 398 2414 licet
429 2373 512 2414 sint
542 2387 669 2415 unum
699 2373 743 2415 in
773 2386 943 2429 corpore
974 2387 1047 2429 per
1078 2373 1284 2416 carnalem
1317 2371 1586 2426 affectionem,
1617 2377 1756 2416 tamen
1787 2375 1830 2416 in

163 2443 300 2485 anima
331 2443 410 2485 duo
444 2448 551 2498 sunt,
586 2458 662 2499 que
695 2445 921 2487 abinvicem
944 2445 1110 2487 realiter
1131 2443 1335 2487 differunt.
1387 2444 1443 2486 Et
1471 2444 1563 2487 ideo
1594 2457 1676 2487 non
1707 2445 1829 2500 valet,

164 2514 272 2569 quod
305 2514 501 2569 allegasti.
556 2515 698 2558 Puella
728 2516 801 2558 hec
834 2517 1002 2559 audiens
1035 2530 1116 2558 non
1147 2520 1310 2572 poterat
1340 2515 1511 2558 ulterius
1544 2530 1727 2571 arguere,
1760 2517 1831 2559 sed
1882 2554 1887 2556 .

164 2586 283 2628 dietis
315 2587 446 2642 patris
486 2587 664 2640 adhesit,
704 2601 779 2629 nec
817 2588 986 2630 ulterius
1027 2588 1205 2643 seipsam
1246 2588 1494 2643 precipitare
1533 2587 1716 2642 volebat,
1756 2601 1831 2631 nec

92 2664 136 2698 35
164 2658 339 2713 amplius
372 2658 458 2699 viro
491 2671 563 2700 suo
596 2659 790 2714 copulari.

284 2727 594 2784 [Moralisatw]
644 2729 870 2784 Carissimi,
902 2744 973 2773 rex
1006 2730 1085 2773 iste
1117 2734 1178 2773 est
1199 2730 1397 2773 diabolus.
1445 2730 1589 2773 Puella
1610 2734 1672 2773 est
1693 2732 1831 2774 anima

164 2804 249 2842 tam
280 2801 465 2854 graciosa
497 2801 548 2843 ad
579 2801 644 2843 dei
677 2801 986 2845 similitudinem
1020 2806 1179 2857 creata,
1213 2816 1334 2858 quam
1368 2802 1552 2845 diabolus
1585 2816 1658 2859 per
1688 2816 1830 2859 pecca-

165 2875 250 2913 tum
284 2873 320 2914 ei
343 2872 618 2928 desponsavit.
668 2872 782 2914 Unde
804 2873 845 2914 in
873 2871 932 2928 [ὦ]
956 2877 1122 2929 peccato
1145 2875 1361 2917 commisso
1384 2874 1493 2917 facta
1514 2875 1732 2917 convencio
1755 2877 1828 2929 est,

255 2954 298 2987 38
324 2954 517 2989 convencio
543 2954 608 2997 est]
636 2960 719 2999 ore‘q.
738 2955 984 2990 conventione.
