1949 3162
945 53 1031 95 488

791 176 894 219 off.
921 177 1016 218 134.
1050 177 1184 229 (126.)

627 264 700 309 De
736 265 965 309 innocenti
998 269 1139 308 morte
1179 263 1354 310 Christi.

264 371 420 414 Seneca
451 376 607 426 narrat,
641 372 749 427 quod
781 372 847 414 lex
882 371 1102 426 aliquando
1143 376 1250 425 erat,
1293 372 1399 426 quod
1439 371 1611 427 quilibet
1643 372 1760 415 miles
1789 372 1833 415 in

145 443 271 486 armis
305 443 389 485 suis
422 443 588 498 sepeliri
621 443 801 497 deberet,
835 447 875 485 et
907 444 976 497 qui
1009 446 1170 485 tantum
1203 443 1440 486 defunctum
1464 444 1590 485 armis
1622 443 1832 498 spoliaret,

97 522 118 556 5
144 518 277 557 morte
317 518 562 556 moreretur.
617 515 782 557 Accidit
813 529 952 569 casus,
997 515 1105 569 quod
1146 515 1321 568 quedam
1364 515 1510 556 civitas
1548 514 1715 556 obsessa
1745 518 1835 557 erat

145 599 168 627 a
202 585 379 640 quodam
413 599 508 638 rege
541 590 732 641 tyranno,
765 587 807 627 in
840 587 1015 628 circuitu
1048 586 1228 628 civitatis
1260 585 1432 627 insidias
1463 584 1657 641 ponebat,
1690 589 1731 628 et
1762 599 1834 641 po-

144 657 286 712 pulum
329 656 447 711 quasi
487 657 576 699 sine
614 671 785 698 numero
826 657 977 699 occidit
1014 657 1245 710 intantum,
1294 657 1402 711 quod
1445 661 1533 699 erat
1569 658 1611 698 in
1650 656 1833 712 periculo

144 729 254 770 cives
294 728 494 783 perdendi
543 732 584 770 et
622 728 797 770 multum
846 729 1069 782 timebant,
1126 729 1223 782 quia
1269 729 1462 770 resistere
1508 741 1591 769 non
1627 731 1832 783 poterant.

143 799 253 841 Dum
298 803 434 842 autem
475 799 535 841 sic
573 799 615 840 in
649 799 831 854 periculo
872 804 1050 852 starent,
1092 800 1258 854 quidam
1298 799 1418 841 miles
1457 799 1606 841 nobilis
1644 798 1763 841 fortis
1795 802 1836 841 et

75 876 118 910 10
144 876 336 913 strenuus
376 871 549 912 intravit
590 871 797 913 civitatem
840 875 880 913 et
917 872 1075 913 civibus
1115 871 1292 913 multum
1331 871 1684 926 compaciebatur;
1725 870 1835 913 cives

144 956 240 984 vero
275 942 325 984 ad
359 955 451 984 eum
485 945 749 983 accesserunt
780 942 984 985 dicentes:
1018 942 1209 996 Domine,
1244 943 1394 997 adjuva
1424 944 1522 984 nos!
1556 943 1614 984 At
1636 941 1724 983 ille:
1757 941 1835 984 Ca·-

143 1014 314 1067 rissimi,
348 1013 397 1055 ab
430 1013 509 1054 isto
533 1013 715 1068 periculo
748 1013 914 1055 liberari
947 1028 1029 1056 non
1065 1013 1183 1070 [113]
1222 1015 1424 1071 poteritis,
1458 1015 1539 1056 nisi
1570 1027 1644 1070 per
1667 1026 1835 1055 manum

146 1085 348 1137 validam3
391 1098 465 1137 ego
506 1098 603 1126 vero
645 1088 691 1126 ut
723 1084 871 1127 videtis
903 1086 945 1126 in
979 1086 1105 1128 armis
1142 1100 1224 1128 11011
1263 1100 1374 1139 sum,
1414 1085 1504 1127 ideo
1544 1099 1627 1127 non
1666 1097 1834 1140 possum

144 1170 343 1212 pugnare.
392 1155 508 1198 Unus
541 1156 590 1198 de
621 1155 778 1198 civibus
811 1156 936 1198 dixit:
970 1157 1162 1211 Domine,
1194 1158 1303 1199 infra
1326 1170 1478 1213 paucos
1501 1157 1652 1199 diesin
1675 1156 1752 1198 hoc
1772 1169 1836 1199 se-

76 1233 118 1267 15
144 1228 317 1283 pulchro
352 1227 519 1282 quidam
553 1227 670 1269 miles
704 1228 890 1283 sepultus
924 1233 986 1270 est
1016 1229 1058 1270 in
1092 1229 1259 1284 optimis
1293 1229 1432 1271 armis.
1488 1228 1619 1270 Arma
1651 1228 1737 1282 ejus
1770 1240 1836 1270 ac-

145 1300 236 1355 cipe
269 1303 310 1341 et
340 1299 551 1341 civitatem
583 1303 769 1341 nostram
802 1300 851 1342 de
883 1300 1062 1342 inimicis
1095 1300 1246 1343 libera!
1280 1299 1399 1342 Miles
1425 1299 1605 1342 inimicis
1627 1303 1836 1342 certamen

145 1371 260 1414 dedit
292 1375 333 1412 et
365 1371 578 1413 victoriam
614 1371 806 1425 obtinuit,
841 1375 881 1413 et
913 1372 972 1414 sic
1004 1372 1212 1414 civitatem
1245 1372 1439 1414 liberavit
1470 1375 1510 1414 et
1532 1385 1648 1413 arma
1669 1375 1836 1427 recepta

143 1442 341 1498 reposuit.
394 1442 536 1484 Emuli
566 1443 724 1484 invidia
755 1443 871 1496 moti,
906 1443 1012 1497 quod
1045 1447 1130 1485 tam
1163 1443 1388 1497 gloriosum
1411 1443 1562 1485 bellum
1596 1443 1706 1496 fecit,
1741 1456 1834 1485 eum

145 1514 253 1568 apud
279 1513 463 1567 judicem
498 1519 814 1568 accusaverunt,
855 1515 963 1569 quod
996 1519 1139 1557 contra
1168 1515 1300 1569 legem
1334 1514 1506 1568 egisset,
1547 1527 1593 1556 eo
1626 1514 1733 1569 quod
1765 1514 1835 1556 de-

74 1590 119 1624 20
143 1585 329 1627 functum
363 1585 489 1627 armis
522 1585 754 1641 spoliasset.
808 1586 885 1636 Qui
918 1587 1134 1642 respondit
1165 1587 1323 1629 dicens:
1364 1585 1556 1639 Domine,
1594 1586 1645 1629 de
1675 1585 1834 1628 duobus

145 1656 265 1698 malis
305 1657 438 1710 majus
471 1657 626 1698 malum
660 1661 723 1699 est
761 1658 999 1712 vitandum,
1039 1662 1080 1700 et
1119 1659 1217 1713 quia
1254 1658 1465 1700 civitatem
1503 1657 1611 1700 tueri
1647 1671 1730 1699 non
1760 1670 1834 1713 po-

145 1728 316 1770 tuissem
351 1727 401 1770 ab
434 1728 627 1782 inimicis,
661 1729 741 1770 nisi
774 1729 1009 1772 habuissem
1044 1743 1173 1783 arma,
1205 1729 1297 1772 ideo
1331 1743 1380 1771 ea
1411 1729 1551 1785 accepi
1583 1732 1624 1772 et
1653 1728 1833 1784 reposui.

145 1799 247 1842 Item
280 1799 347 1841 fur
379 1800 443 1842 vel
476 1800 603 1854 predo
635 1800 786 1855 spoliat
818 1814 866 1843 ea
903 1801 1160 1855 intencione,
1202 1804 1248 1842 ut
1284 1815 1367 1843 non
1399 1801 1612 1854 restituat,
1650 1800 1722 1842 sed
1761 1813 1835 1854 ego

145 1875 317 1927 propter
350 1871 500 1913 bonum
535 1885 751 1914 commune
775 1886 892 1914 arma
915 1873 1055 1928 accepi
1077 1877 1118 1915 et
1138 1873 1322 1925 restitui;
1355 1873 1446 1914 ideo
1480 1873 1622 1928 pocius
1644 1872 1835 1915 deberem

77 1946 122 1981 25
147 1942 346 1998 premiari
379 1956 501 1996 quam
535 1944 731 1985 accusari.
782 1944 883 1985 Item
917 1945 959 1986 in
982 1945 1149 1987 civitate
1172 1944 1311 1999 aliqua
1343 1945 1377 1986 si
1406 1944 1551 1986 domus
1584 1944 1835 1998 accenditur,

147 2027 283 2055 nonne
321 2013 468 2055 melius
511 2018 593 2067 est,
634 2018 679 2056 ut
717 2015 863 2056 domus
904 2016 977 2057 illa
1015 2016 1104 2058 sine
1137 2016 1339 2058 dilacione
1370 2015 1555 2058 totaliter
1586 2016 1834 2070 destruatur,

149 2088 370 2139 antequam
405 2090 540 2128 cetere
572 2086 717 2128 domus
750 2087 1024 2129 incendantur
1056 2092 1096 2129 et
1117 2088 1262 2130 civitas
1285 2092 1373 2130 tota
1404 2087 1667 2130 destruatur?
1700 2087 1769 2130 Sic
1795 2091 1837 2131 et

148 2157 192 2198 in
232 2157 466 2212 proposito,
517 2171 651 2199 nonne
692 2158 839 2199 melius
883 2163 963 2213 est,
1005 2159 1112 2213 quod
1153 2172 1295 2201 omnes
1334 2174 1405 2201 vos
1448 2160 1689 2203 conservavi
1731 2159 1837 2202 acci-

149 2228 298 2284 piendo
340 2242 477 2282 arma,
526 2242 647 2283 quam
688 2243 769 2271 non
813 2229 1080 2285 accipiendo?
1128 2229 1171 2272 Si
1214 2232 1322 2273 enim
1362 2245 1444 2273 non
1484 2245 1532 2274 ea
1570 2231 1836 2287 accepissem,

77 2304 123 2338 30
149 2313 290 2341 omnes
332 2300 476 2342 essetis
518 2300 770 2355 interempti.
834 2301 975 2343 Emuli
1020 2316 1116 2345 vero
1158 2303 1371 2345 dixerunt:
1421 2303 1530 2346 Reus
1575 2307 1638 2345 est
1675 2303 1834 2345 mortis.

148 2370 284 2413 Judex
325 2385 420 2413 vero
460 2371 511 2413 ad
543 2372 792 2426 peticionem
833 2386 973 2414 eorum
1014 2378 1157 2416 contra
1195 2388 1287 2416 eum
1326 2375 1579 2417 sentenciam
1619 2374 1751 2428 dedit,
1791 2378 1838 2417 ut

150 2442 424 2496 occideretur,
475 2446 515 2484 et
554 2443 612 2484 sic
651 2443 804 2486 factum
846 2448 927 2498 est,
968 2445 1017 2487 de
1056 2446 1171 2499 cujus
1210 2450 1343 2488 morte
1381 2446 1514 2488 factus
1547 2449 1610 2488 est
1646 2445 1836 2500 planctus

148 2528 322 2567 magnus
355 2515 395 2556 in
429 2514 608 2556 civitate.

268 2585 503 2639 Carissimi,
551 2586 696 2628 civitas
745 2587 825 2628 ista
873 2590 962 2628 erat
1007 2587 1185 2629 mundus
1232 2589 1310 2630 iste
1357 2602 1381 2630 a
1419 2587 1581 2630 diabolo
1624 2601 1648 2629 a
1687 2601 1836 2641 magno

78 2659 123 2693 35
150 2661 336 2713 tempore
370 2657 558 2710 obsessa,
599 2661 639 2699 et
671 2662 872 2712 quotquot
903 2663 1001 2700 tunc
1032 2659 1075 2700 in
1108 2659 1261 2701 mundo
1294 2663 1425 2713 erant,
1456 2660 1624 2701 fuerunt
1653 2659 1697 2701 in
1729 2659 1837 2714 peri-

151 2727 240 2769 culo
282 2728 503 2783 perdendi,
546 2728 642 2783 quia
681 2741 822 2771 omnes
864 2731 903 2770 in
937 2730 1142 2772 infernum
1185 2731 1505 2782 descenderunt3
1543 2730 1721 2772 mundus
1758 2731 1837 2773 iste

151 2803 240 2840 erat
272 2800 399 2841 eciam
434 2799 768 2842 circumvallatus
801 2801 917 2843 viciis
951 2805 991 2843 et
1027 2803 1398 2857 concupiscenciis3
1441 2802 1559 2844 miles
1595 2802 1734 2856 fortis,
1767 2802 1837 2856 qui

151 2883 266 2911 arma
298 2884 377 2911 11011
411 2870 567 2925 habuit,
600 2875 662 2913 est
694 2871 883 2914 dominus
906 2876 1046 2915 noster
1067 2873 1208 2915 lhesus
1232 2873 1433 2927 Christus,
1468 2873 1575 2915 unde
1595 2873 1836 2916 psalmista:

244 2951 290 2987 34
316 2951 442 2986 civitas
469 2953 551 2996 ista]
579 2958 663 2998 orz'y.
684 2952 811 2987 civitas
837 2953 916 2988 iste.
