1949 3162
974 103 1058 145 356

178 209 288 251 credi
321 212 457 264 potest
488 209 679 250 abhorrui
714 213 873 251 tantum
907 209 1014 263 quod
1048 209 1260 251 comedere
1283 223 1363 250 non
1387 213 1586 264 poteram.
1635 209 1737 251 Cum
1761 223 1856 252 vero

177 280 218 321 in
257 280 361 321 lecto
403 280 559 333 positus
597 280 786 334 fuissem,
827 280 928 322 duos
963 281 1136 334 juvenes
1176 281 1401 335 pendentes
1441 281 1483 322 in
1517 281 1664 334 angulo
1696 293 1857 323 camere

178 351 275 403 vidi,
310 354 350 391 et
380 353 520 392 tantus
552 351 677 392 timor
709 365 773 393 me
805 352 970 404 invasit,
1005 351 1113 405 quod
1145 352 1322 393 dormire
1355 365 1437 392 non
1460 356 1660 407 poteram,
1694 355 1734 394 et
1764 351 1856 394 ideo

178 422 242 464 dei
276 435 413 463 amore
452 423 705 476 permittatis
747 437 810 464 mc
850 423 1039 465 transire.
1089 423 1161 464 Ait
1192 423 1406 477 princeps:
1441 422 1684 476 Carissime,
1720 423 1856 464 vidisti

131 501 151 534 5
176 507 347 535 uxorem
381 506 513 534 meam
547 494 670 534 nimis
703 493 913 548 pulchram
952 498 992 535 et
1023 499 1147 548 caput
1179 494 1359 535 defuncti
1393 498 1486 535 ante
1509 508 1611 536 eam.
1650 493 1774 536 Racio
1798 497 1860 535 est

176 564 293 606 talis:
327 565 404 606 iste
438 564 545 605 enim
580 565 694 618 cujus
728 568 816 606 erat
848 569 971 619 caput
1001 565 1080 606 fuit
1102 565 1268 619 quidam
1293 565 1374 606 dux
1399 565 1562 619 nobilis,
1597 566 1665 620 qui
1687 578 1855 607 uxorem

175 649 308 677 meam
344 636 581 678 sollicitavit
612 640 652 677 et
683 650 774 677 cum
798 650 845 677 ea
868 636 1088 677 concubuit
1111 640 1150 677 et
1173 637 1327 691 pariter
1350 636 1579 678 adinvicem
1602 636 1858 678 commisceri

175 708 389 762 perspexi,
429 707 610 760 gladium
646 707 802 762 arripui
845 710 885 748 et
923 711 1047 762 caput
1080 708 1166 761 ejus
1207 708 1440 763 amputavi,
1482 707 1588 749 unde
1620 708 1662 748 in
1696 707 1858 761 signum

175 778 419 820 verecundie
453 778 624 831 singulis
648 778 792 819 diebus
816 778 915 819 illud
939 783 1063 833 caput
1090 782 1184 820 ante
1206 792 1295 821 eam
1320 792 1441 834 pono,
1474 783 1519 820 ut
1542 779 1591 820 ad
1616 779 1858 820 memoriam

107 855 150 889 10
175 850 345 891 reducat
390 854 601 904 peccatum
653 850 759 903 quod
799 850 1017 891 commisit.
1073 849 1202 891 Filius
1250 864 1345 892 vero
1393 850 1574 891 defuncti
1619 849 1711 891 illos
1758 849 1859 891 duos

169 922 342 974 juvenes
383 926 579 974 cognatos
619 934 731 961 meos
772 921 813 961 in
853 934 1015 962 camera
1054 921 1279 975 pendentes
1320 922 1488 974 occidit,
1527 921 1618 962 ideo
1651 921 1761 962 omni
1794 920 1860 962 die

178 1005 350 1047 corpora
390 1006 529 1034 eorum
565 992 706 1045 visito,
751 997 793 1033 ut
824 993 919 1034 fiam
960 992 1090 1045 magis
1123 993 1286 1034 fervens
1319 993 1562 1046 sanguinem
1596 1006 1736 1034 eorum
1770 992 1858 1033 vin-

176 1064 326 1105 dicare.
377 1063 479 1105 Cum
513 1067 648 1105 autem
684 1064 930 1105 adulterium
967 1064 1105 1104 uxoris
1136 1064 1271 1105 recolo
1306 1068 1346 1105 et
1376 1068 1548 1106 mortem
1574 1064 1773 1117 juvenum
1808 1063 1859 1104 ad

175 1135 415 1176 memoriam
435 1135 599 1188 reduce,
625 1134 782 1175 nullum
801 1135 996 1188 gaudium
1017 1134 1166 1176 habere
1190 1139 1345 1189 potero.
1380 1135 1492 1177 Vade
1511 1148 1606 1188 ergo
1625 1134 1859 1177 carisssime

107 1211 149 1244 15
175 1206 217 1247 in
250 1219 350 1261 pace
383 1210 423 1247 et
445 1206 635 1247 ammodo
661 1207 788 1247 vitam
814 1206 993 1247 hominis
1012 1207 1305 1260 cujuscumque
1332 1220 1413 1248 non
1439 1207 1614 1261 judices,
1649 1219 1860 1261 quousque

175 1278 335 1333 plenius
369 1278 443 1319 tibi
488 1278 536 1319 de
570 1278 743 1319 veritate
776 1277 1019 1319 constiterit.
1069 1277 1272 1320 Mercator
1310 1278 1346 1319 ei
1379 1278 1568 1320 valefecit
1599 1283 1640 1320 et
1671 1278 1722 1320 ad
1753 1291 1861 1320 mer-

175 1349 350 1390 candum
384 1350 580 1404 perrexit.

293 1419 528 1474 Carissimi,
584 1421 775 1475 princeps
823 1421 900 1462 iste
949 1425 1010 1461 est
1063 1420 1235 1474 quilibet
1280 1421 1400 1462 homo
1448 1421 1695 1462 christianus
1742 1419 1860 1462 bonis

176 1491 398 1533 virtutibus
430 1506 504 1547 per
537 1492 730 1533 virtutem
764 1491 961 1546 baptismi
995 1492 1171 1545 ditatus,
1212 1493 1280 1546 qui
1313 1492 1434 1534 debet
1465 1492 1614 1534 habere
1646 1491 1859 1547 pulchram

108 1568 152 1601 20
176 1563 391 1616 familiam,
425 1563 582 1605 scilicet
613 1577 757 1605 sensus
789 1563 1007 1605 interiores
1041 1567 1081 1605 et
1114 1563 1338 1605 exteriores
1376 1565 1463 1605 sine
1495 1563 1658 1605 macula
1688 1563 1859 1618 peccati,

179 1635 247 1688 qui
287 1634 436 1676 debent
475 1634 632 1676 homini
673 1635 910 1676 ministrare
950 1638 990 1676 et
1031 1635 1168 1689 sepius
1210 1635 1260 1676 ad
1299 1635 1532 1677 venandum
1572 1647 1743 1690 pergere
1774 1634 1799 1676 i.
1825 1647 1858 1676 e.

179 1719 280 1760 opus
322 1706 577 1748 meritorium
620 1706 796 1761 operari.
845 1705 1051 1747 Mercator
1090 1706 1167 1748 iste
1201 1709 1262 1747 est
1294 1705 1423 1747 bonus
1455 1706 1638 1761 prelatus
1670 1705 1736 1747 vel
1765 1718 1862 1747 con-

177 1776 309 1818 fessor
341 1777 556 1831 discretus,
591 1777 660 1831 qui
692 1781 855 1819 tenetur
887 1778 960 1819 tali
993 1777 1202 1830 associari,
1237 1777 1403 1819 domum
1437 1778 1571 1819 cordis
1605 1777 1668 1818 sui
1691 1776 1861 1819 visitare

179 1851 219 1889 et
251 1848 378 1890 bonas
411 1849 583 1890 virtutes
616 1849 768 1890 ibidem
810 1849 1019 1903 plantare,
1060 1849 1166 1890 sicut
1195 1848 1351 1891 fecerat
1382 1848 1568 1890 Christus
1600 1847 1758 1890 duobus
1790 1861 1860 1903 pe-

108 1924 152 1957 25
178 1920 352 1973 regrinis
387 1920 644 1962 venientibus
678 1920 728 1962 ad
760 1920 929 1974 Emaus,
964 1920 1031 1974 qui
1055 1920 1220 1961 domum
1245 1920 1417 1975 hospicii
1439 1920 1610 1962 intravit
1631 1924 1706 1962 etc.
1746 1919 1861 1961 Uxor

178 1994 263 2032 tam
302 1991 484 2033 formosa
524 1996 586 2033 est
628 1993 765 2034 anima
805 1992 856 2034 ad
896 1992 959 2034 dei
1002 1991 1314 2033 similitudinem
1356 1995 1512 2044 creata,
1554 2005 1631 2046 que
1667 1991 1788 2034 debet
1817 1991 1860 2032 in

178 2076 321 2104 mensa
353 2064 474 2116 juxta
512 2063 718 2117 prelatum
759 2077 874 2106 sacre
915 2063 1118 2118 scripture
1158 2063 1369 2116 collocari,
1411 2067 1456 2104 ut
1487 2063 1673 2105 addiscat
1703 2075 1752 2105 ea
1783 2075 1861 2117 que

179 2136 274 2174 sunt
305 2134 470 2185 salutis3
505 2134 575 2175 sed
609 2135 747 2189 sepius
780 2135 861 2177 ista
895 2135 1033 2176 anima
1057 2149 1129 2190 per
1151 2134 1362 2176 diabolum
1386 2133 1654 2188 adulteratur,
1697 2133 1860 2188 quando

177 2210 391 2259 peccatum
411 2205 584 2246 mortale
602 2206 835 2248 committit.
871 2206 976 2256 Quid
995 2219 1090 2259 ergo
1109 2210 1171 2248 est
1187 2205 1448 2248 faciendum?
1479 2205 1663 2247 Extrahe
1677 2204 1858 2259 gladium

109 2280 153 2314 30
178 2275 317 2329 lingue
349 2280 390 2318 et
421 2290 492 2318 ora
525 2276 574 2317 ad
599 2276 719 2317 deum
742 2277 908 2319 intime!
943 2277 1059 2318 Unde
1083 2277 1319 2332 psalmista:
1353 2276 1514 2330 Lingua
1536 2290 1678 2318 eorum
1699 2276 1860 2330 gladius

179 2352 333 2389 acutus.
382 2347 462 2389 Per
492 2348 616 2388 istum
650 2348 833 2400 gladium
866 2348 1004 2401 lingue
1037 2362 1128 2389 cum
1161 2348 1295 2389 cordis
1326 2348 1576 2390 contricione
1599 2352 1639 2390 et
1660 2347 1742 2389 oris
1765 2360 1861 2389 con-

177 2418 355 2460 fessione
387 2419 541 2473 poteris
578 2417 700 2471 [hunc
724 2418 950 2473 diabolum]
984 2420 1199 2461 devincere
1233 2423 1272 2461 et
1305 2419 1379 2460 hoc
1412 2423 1474 2461 est
1504 2422 1628 2474 caput
1659 2419 1745 2473 ejus
1775 2432 1861 2460 am—

179 2493 325 2544 putare
359 2493 398 2531 et
421 2493 514 2531 ante
538 2490 676 2531 oculos
710 2488 800 2544 [42]
837 2491 972 2532 cordis
997 2491 1056 2532 tui
1080 2504 1243 2545 semper
1266 2504 1430 2545 ponere,
1464 2490 1657 2544 quoniam
1679 2490 1860 2543 graciam

178 2560 253 2601 tibi
286 2561 401 2602 dabit
432 2561 531 2602 deus
566 2574 656 2601 eum
692 2561 921 2615 devincere,
955 2562 1232 2616 penitenciam
1266 2562 1444 2616 perfecte
1477 2575 1609 2615 agere,
1642 2561 1668 2603 i.
1693 2575 1726 2603 e.
1758 2574 1861 2616 opus
1894 2567 1900 2571 ‘

109 2634 153 2668 35
180 2631 472 2673 misericordie.
522 2632 613 2673 Duo
640 2632 813 2684 juvenes
846 2633 887 2674 in
920 2646 1083 2674 camera
1114 2633 1363 2687 pendenteS,
1397 2633 1504 2686 quod
1537 2633 1687 2674 occidit
1717 2632 1862 2674 adver-

180 2703 311 2744 sarius
349 2706 463 2756 tuus,
518 2706 613 2743 sunt
652 2702 815 2744 dilectio
858 2704 923 2746 dei
963 2708 1003 2746 et
1040 2704 1241 2758 proximi,
1290 2704 1359 2758 qui
1399 2707 1516 2745 erant
1555 2704 1748 2746 exstincti
1786 2716 1862 2759 per

180 2779 393 2826 peccatum
426 2774 550 2828 primi
583 2774 780 2828 parentis,
816 2780 856 2816 et
887 2775 979 2816 ideo
1013 2788 1177 2829 semper
1209 2774 1332 2816 debes
1365 2789 1433 2816 eos
1467 2776 1506 2816 in
1530 2788 1695 2817 camera
1725 2774 1859 2816 cordis

179 2843 238 2884 tui
270 2848 421 2897 tenere,
456 2848 500 2886 ut
531 2844 653 2885 deum
686 2848 773 2886 tota
806 2850 955 2899 mente,
988 2849 1075 2887 tota
1108 2845 1247 2887 anima
1278 2846 1425 2899 diligas
1456 2849 1496 2888 et
1525 2859 1688 2901 semper
1708 2845 1751 2887 in
1773 2845 1860 2900 ejus

179 2913 325 2955 timore
358 2929 615 2970 permaneas,
651 2916 745 2969 quia
778 2917 996 2970 nescimus,
1031 2918 1064 2958 si
1098 2931 1236 2958 amore
1270 2917 1333 2959 vel
1365 2917 1457 2958 odio
1491 2917 1604 2970 digni
1633 2930 1787 2970 sumus,
1822 2920 1862 2959 et

180 2984 231 3025 ad
262 2987 504 3028 memoriam
537 2987 753 3041 reducere,
797 2992 995 3041 quantum
1036 2988 1136 3030 deus
1168 3001 1242 3043 pro
1275 2987 1393 3030 nobis
1426 2988 1623 3030 sustinuit
1652 2988 1695 3030 in
1727 3000 1858 3030 cruce.
