1919 3157
877 52 957 94 637

202 158 390 215 [Marah]
429 160 562 202 lnsula
596 162 720 202 maris
753 165 811 201 ost
847 160 921 200 iste
956 158 1130 200 mundus
1163 159 1228 211 qui
1266 158 1440 212 undiquc
1475 157 1750 199 circumdatur

83 231 198 284 aquis
238 232 536 273 amaritudinis.
600 232 699 273 'l‘res
741 243 885 285 syrenc
925 236 1019 271 sunt
1057 235 1139 271 tres
1181 229 1247 282 qui
1291 229 1329 269 in
1371 230 1521 270 mundo
1564 234 1659 270 sunt
1699 228 1749 269 ad

81 306 292 356 peccatum
326 303 541 344 incitantia
573 316 626 344 sc.
653 316 760 347 caro,
795 301 969 342 mundns
1003 307 1043 342 et
1075 299 1285 355 dyabolus
1320 299 1415 340 'l‘ria
1442 301 1624 341 carmina
1656 304 1752 340 sunt

81 371 239 425 delicie,
273 373 432 426 divicie,
476 374 669 423 lionores3
710 377 849 414 cantat
881 373 988 414 enim
1030 385 1123 413 caro
1157 371 1337 411 suaviter
1372 371 1408 411 in
1444 371 1533 423 lira,
1576 370 1749 412 mundus

80 444 238 486 curiose
260 457 349 486 cum
374 445 544 496 cithara,
579 444 790 499 dyabolus,
826 444 998 484 honores
1021 447 1061 484 et
1091 441 1353 483 excellentias
1378 442 1415 482 in
1442 456 1536 483 voce
1559 441 1747 482 humana.

81 513 185 556 Caro
210 515 328 557 dicit:
362 516 532 557 Juvenis
555 529 597 557 es
620 521 659 557 et
692 515 927 556 adolescens
961 515 994 554 si
1029 513 1251 568 penitentia
1286 516 1324 553 te
1348 511 1549 565 affligeres
1572 513 1747 567 teipsum

80 585 341 629 interficeres.
376 587 602 629 Persuadet
624 587 731 628 enim
766 585 941 626 mundus
974 585 1132 626 dicens:
1161 584 1325 637 juvenis
1359 598 1400 625 es
1434 587 1473 625 et
1505 584 1594 624 ideo
1627 583 1749 624 debes

81 670 225 699 vacare
257 657 416 699 diviciis
450 658 721 711 aggregandis
756 662 798 698 ut
831 656 1048 711 provideas
1070 655 1144 696 tibi
1168 658 1310 695 contra
1334 659 1595 696 senectutem.
1639 653 1750 709 Dya-

80 727 195 770 bolus
229 730 450 784 persuadat
482 734 521 771 et
553 734 692 770 cantat
731 729 868 769 dicens
903 727 1070 778 homini,
1111 739 1332 779 generosus
1367 739 1408 767 es
1442 731 1481 767 et
1511 739 1592 766 non
1626 725 1748 766 debes

80 798 246 841 subesse
279 800 437 855 aliquo:
470 801 588 842 fortis
621 814 662 841 es
696 804 735 841 et
767 803 912 854 potens
945 803 985 840 et
1017 797 1106 838 ideo
1139 810 1220 837 non
1254 797 1492 851 despicieris
1525 797 1574 837 ab
1598 796 1746 850 aliquo.

81 868 159 912 Sed
207 871 257 913 ab
304 872 393 914 istis
438 871 772 927 persuasionibus
811 870 932 911 debes
972 868 1164 910 obturare
1204 881 1342 909 aurem
1382 871 1491 909 tuam
1533 868 1749 921 cogitando

79 940 180 982 illud
213 956 280 996 ps:
315 941 437 984 Sicud
471 956 567 985 cera
599 956 676 996 que
708 941 797 983 fluit
830 941 1035 982 auferetur
1067 939 1125 980 ita
1156 943 1325 993 pereant
1348 943 1579 993 peccatores
1603 953 1625 980 a
1648 939 1750 980 facie

79 1011 156 1053 dei.
204 1012 282 1055 Sed
315 1013 425 1056 solus
461 1014 589 1055 ulixes
623 1013 864 1069 pertransiit
895 1016 934 1053 et
966 1011 1108 1053 evasit.
1158 1010 1225 1051 Sic
1247 1010 1419 1063 quilibet
1441 1009 1559 1051 homo
1583 1010 1749 1051 humilis

79 1083 147 1137 qui
180 1083 419 1138 designatur
451 1098 524 1140 per
557 1084 709 1127 ulixem
744 1083 896 1139 poterit
927 1082 1098 1124 evadere
1130 1081 1222 1123 illas
1254 1085 1336 1123 tres
1370 1094 1549 1137 syrenes.

750 1277 852 1332 238,
886 1290 989 1332 app.
1012 1276 1084 1319 42.

131 1359 135 1363 ⁴
194 1367 369 1419 Quidam
402 1368 545 1411 habuit
575 1372 658 1410 tres
691 1367 864 1418 amicos3
904 1379 1032 1408 unum
1064 1365 1181 1408 valde
1213 1366 1396 1420 divitem,
1438 1366 1560 1408 alium
1594 1366 1750 1408 medio-

79 1451 186 1481 crem
222 1444 263 1482 et
293 1440 464 1482 tercium
499 1453 734 1495 pauperem.
773 1438 902 1480 Diviti
935 1438 1066 1479 amico
1099 1451 1259 1493 semper
1281 1437 1450 1480 servivit
1471 1438 1544 1480 sub
1567 1438 1748 1493 periculo

78 1510 261 1565 corporis
293 1514 333 1552 et
365 1511 512 1553 anime.
568 1510 754 1553 Secundo
788 1510 918 1551 amico
952 1508 1213 1562 aliquociens.
1267 1508 1409 1550 Tercio
1442 1523 1652 1564 nunquam
1685 1509 1749 1552 vel

78 1594 171 1623 raro
204 1582 385 1624 servivit.
420 1582 583 1624 Accidit
615 1587 748 1624 autem
784 1580 892 1635 quod
924 1579 1043 1621 homo
1076 1580 1152 1622 iste
1174 1580 1437 1621 homicidium
1461 1580 1557 1622 fecit
1579 1584 1749 1636 propter

79 1652 184 1707 quod
218 1653 393 1696 debebat
423 1654 654 1708 dampnari.
689 1652 769 1694 Sed
802 1652 842 1693 in
876 1651 1082 1692 anxietate
1106 1651 1263 1706 positus
1287 1652 1462 1705 quesivit
1493 1652 1664 1694 consilia
1696 1652 1746 1694 ab

79 1723 156 1765 hiis
188 1724 318 1766 tribus
351 1725 504 1766 amicis.
554 1723 691 1766 Primo
727 1723 903 1777 quesivit
934 1722 1147 1764 consilium
1183 1722 1233 1764 ab
1265 1724 1394 1764 amico
1427 1723 1642 1776 ditissimo,
1677 1724 1747 1778 qui

78 1794 183 1836 dixit
215 1795 322 1849 quod
354 1795 509 1837 nullum
544 1796 581 1837 ei
613 1795 710 1837 dare
744 1798 882 1850 posset
913 1794 1142 1847 consilium,
1175 1794 1244 1835 sed
1277 1794 1383 1835 dixit
1404 1795 1436 1836 si
1469 1795 1634 1836 fecisset
1664 1794 1746 1836 tale

78 1865 232 1908 malum
265 1866 431 1920 dignum
466 1871 573 1909 esset
606 1870 650 1908 ut
681 1865 1010 1921 suspenderetur.
1054 1865 1124 1907 ille
1158 1870 1293 1907 autem
1326 1866 1453 1907 dixit:
1487 1879 1567 1907 non
1599 1866 1745 1908 recedo

79 1950 103 1978 a
133 1940 172 1979 te
204 1937 284 1979 nisi
317 1937 454 1980 habito
487 1937 667 1980 consilio.
721 1936 948 1992 Respondit
984 1936 1070 1978 ille:
1110 1936 1271 1979 fortiter
1311 1937 1440 1979 instas
1481 1937 1601 1990 mihi3
1642 1937 1746 1980 dabo

78 2007 153 2050 tibi
193 2008 235 2050 in
277 2008 504 2051 subsidium
545 2022 726 2064 pannum
775 2013 818 2050 ut
862 2008 1040 2062 ligentur
1079 2008 1184 2050 oculi
1225 2008 1284 2049 tui
1331 2022 1420 2050 cum
1469 2009 1744 2063 suspenderis.

78 2078 265 2121 Accessit
311 2093 407 2133 ergo
449 2080 500 2122 ad
539 2079 760 2122 secundum
809 2079 985 2121 amicum
1032 2083 1175 2134 petens
1213 2079 1264 2121 ab
1304 2093 1349 2121 eo
1390 2079 1628 2131 consilium3
1677 2081 1746 2135 qui

78 2150 292 2205 respondit
323 2151 429 2205 quod
462 2164 599 2193 secum
635 2151 714 2193 iret
753 2151 804 2192 ad
843 2150 1121 2206 suspendium.
1174 2151 1360 2192 Accessit
1397 2155 1534 2193 autem
1575 2151 1624 2193 ad
1663 2155 1746 2194 ter-

79 2221 186 2263 cium
220 2222 394 2264 amicum
430 2235 651 2277 pauperem
685 2221 753 2275 qui
786 2221 909 2263 dixit:
943 2235 1016 2274 ego
1050 2222 1210 2263 veniam
1240 2226 1281 2263 et
1302 2221 1530 2264 auxiliabor
1551 2222 1638 2264 tibi.
1673 2222 1746 2265 Ille

79 2296 215 2335 autem
251 2293 410 2335 vocavit
449 2293 671 2335 maximam
712 2292 1014 2334 multitudinem
1054 2306 1280 2348 pauperum
1324 2296 1364 2335 et
1401 2293 1552 2348 eripuit
1589 2307 1682 2335 eum
1722 2307 1746 2335 a

78 2369 209 2405 morte
240 2364 482 2419 turpissima
513 2364 700 2418 quamvis
732 2364 901 2406 minime
939 2364 1040 2406 bene
1078 2364 1243 2407 fecisset
1282 2364 1371 2406 sibi.
1425 2363 1550 2406 Dives
1591 2365 1744 2406 amicus

78 2434 214 2488 signat
244 2435 439 2476 mundum
473 2436 537 2476 cui
569 2435 689 2476 homo
722 2435 850 2476 servit
880 2435 945 2477 die
978 2449 1024 2477 ac
1055 2439 1173 2477 nocte
1212 2438 1252 2477 et
1290 2435 1365 2477 hoc
1403 2449 1499 2490 sepe
1531 2436 1605 2477 sub
1637 2436 1744 2490 peri-

78 2505 168 2548 culo
201 2506 385 2561 corporis
417 2510 458 2548 et
489 2506 623 2547 anime
646 2519 719 2561 pro
741 2506 1036 2561 temporalibus
1069 2506 1342 2560 acquirendis,
1374 2509 1526 2548 etcum
1549 2507 1585 2548 ei
1618 2507 1746 2548 instat

78 2576 303 2632 periculum
336 2576 480 2618 mortis
511 2576 646 2618 nullus
687 2577 722 2618 ei
762 2576 958 2618 auxilium
993 2581 1162 2631 prestat,
1204 2578 1283 2619 nisi
1322 2577 1526 2618 modicum
1560 2590 1740 2632 pannum

79 2647 144 2689 cui
173 2647 397 2690 involvitur
430 2651 626 2689 mortuus.
662 2647 871 2689 Secundus
906 2647 1060 2689 amicus
1093 2652 1189 2690 sunt
1219 2648 1379 2701 cognati
1410 2648 1480 2702 qui
1518 2652 1743 2702 sequuntur

77 2718 213 2773 ipsum
247 2718 296 2760 ad
325 2717 584 2773 sepulchrum
609 2721 649 2759 et
670 2717 810 2760 vident
830 2731 921 2759 eum
945 2717 1118 2772 sepelire
1140 2723 1181 2760 et
1201 2718 1256 2761 ibi
1278 2719 1522 2761 terminatur
1544 2718 1740 2760 auxilium

79 2801 232 2830 eorum.
266 2788 433 2831 Tercius
456 2788 610 2830 amicus
633 2792 694 2829 est
715 2788 814 2830 deus
837 2788 901 2829 cui
924 2789 1109 2842 quamvis
1131 2803 1223 2831 raro
1247 2789 1407 2831 servisti
1430 2792 1568 2830 tamen
1590 2789 1743 2844 eripuit

79 2872 170 2902 eum
204 2859 254 2902 ab
286 2859 397 2902 omni
430 2859 609 2914 periculo
642 2859 785 2901 mortis
818 2873 892 2914 per
923 2859 1166 2902 elemosinas
1198 2873 1298 2914 quas
1335 2859 1446 2901 dedit
1476 2859 1739 2915 pauperibus.
