1919 3157
869 84 949 123 397

70 199 165 229 oves
198 199 333 229 secum
367 187 548 229 abstulit.
609 188 910 243 Superveniens
953 189 1143 230 dominus
1177 189 1310 229 ovium
1347 203 1370 229 a
1405 194 1566 243 pastore
1600 191 1747 244 querit,

68 257 138 300 ubi
170 271 265 300 oves
298 263 433 301 erant:
471 258 536 299 ille
570 272 664 300 vero
698 260 849 315 incepit
875 261 1016 313 jurare
1050 259 1157 313 quod
1191 273 1286 300 oves
1322 260 1520 313 perdidit:
1555 261 1625 301 sed
1649 274 1748 315 quo-

68 328 202 381 modo,
237 330 400 384 penitus
434 330 660 382 ignorabat.
713 330 913 372 Dominus
948 330 1019 370 bor
1054 330 1224 371 audiens
1248 331 1384 371 surore
1408 332 1589 386 repletus
1614 333 1746 386 ipsum

68 399 229 441 occidit.
279 400 488 442 Heremita
523 400 596 441 hm·
632 401 772 442 ridens
806 402 861 443 ait
896 402 934 442 in
969 402 1089 442 vorde-
1123 415 1214 442 suo:
1250 405 1282 442 Ο
1307 402 1484 453 domine.
1519 403 1747 444 corchorus)

67 470 144 512 iste
176 470 336 526 culpam
373 472 578 513 innocenti
613 473 722 513 dedit
756 478 795 514 et
828 473 960 527 ipsum
996 472 1163 518 oceidit:
1199 486 1246 513 ex
1272 486 1350 526 quo
1381 486 1475 525 ergo
1500 474 1748 528 permittatis
1775 480 1795 511 ι’»

66 541 167 584 talia
198 541 299 594 fieri,
334 543 382 584 ad
417 544 613 584 mundum
649 544 793 585 vadam
829 547 868 585 et
901 545 1004 585 sicut
1039 544 1161 585 ceteri
1196 544 1322 584 vitam
1357 544 1515 585 ducam.
1563 544 1650 585 Hiis
1683 559 1749 586 co-

66 612 207 666 gitatis
241 613 548 655 heremitariuni
584 615 739 656 dimisit
772 620 812 656 et
844 615 893 656 ad
929 615 1124 655 mundum
1161 615 1362 669 perrexit:
1397 615 1467 656 sed
1491 616 1588 656 deus
1613 617 1746 670 ipsum

67 683 275 726 dimittere
307 685 472 726 nolebat
505 691 542 727 et
577 686 765 738 angelum
812 686 851 726 in
886 687 1019 726 forma
1051 685 1227 726 hominis
1262 686 1311 726 ad
1346 699 1436 726 eum
1472 687 1602 739 misit,
1638 692 1679 727 ut
1713 687 1749 728 ei

67 767 110 796 se
151 756 384 797 associaret.
440 756 541 797 Fuin
583 770 674 798 eum
717 756 885 809 angelus
924 757 962 798 in
1006 757 1071 797 via
1111 761 1274 797 euntem
1310 757 1554 810 invenisset,
1595 759 1653 799 ait
1691 758 1746 799 ei:

67 825 304 879 Carissime,
338 841 416 881 quo
450 828 596 869 radis?
628 827 681 868 At
718 827 804 868 ille:
838 828 903 868 Ad
940 829 1058 869 istam
1093 828 1300 869 civitatem
1336 831 1429 869 ante
1453 842 1528 869 ine.
1564 828 1747 881 Angelus
1778 835 1819 868 10

67 897 172 939 dixit
203 897 261 939 ei:
303 897 390 951 Ego
432 898 471 939 in
513 900 577 940 via
618 912 685 939 ero
719 912 854 939 comes
887 903 1000 952 tuus,
1043 899 1138 953 quia
1177 898 1347 951 angelus
1382 898 1445 940 dei
1479 913 1569 940 sum
1603 913 1676 952 ego
1709 903 1749 941 et

66 968 116 1010 ad
149 972 188 1010 te
222 969 326 1021 veni,
363 973 405 1011 ut
438 970 565 1011 simus
599 970 697 1011 socii
739 969 778 1010 in
815 970 889 1011 hac
923 970 999 1011 via.
1048 969 1182 1011 Ambo
1219 969 1485 1011 ambulabant
1518 984 1659 1012 versus
1692 971 1748 1012 ci-

66 1039 256 1090 vitatem3
297 1054 387 1082 cum
423 1045 558 1082 autem
593 1041 838 1094 intrassent,
879 1041 1107 1096 hospicium
1151 1054 1173 1081 a
1207 1041 1382 1095 quodam
1416 1041 1547 1083 milite
1579 1046 1748 1096 propter

66 1110 130 1152 dei
163 1124 344 1152 amorem
380 1112 586 1167 petebant,
620 1112 737 1154 miles
771 1127 866 1154 vero
899 1112 999 1153 satis
1031 1115 1244 1164 gratanter
1277 1125 1344 1153 eos
1377 1113 1533 1167 recepit
1562 1117 1601 1154 et
1622 1113 1748 1154 hono-

64 1180 177 1224 rifice
209 1195 255 1224 ac
287 1182 499 1238 splendide
532 1197 621 1225 cun]
657 1184 763 1226 bona
795 1184 1017 1225 devocione
1050 1183 1089 1223 in
1114 1183 1304 1224 omnibus
1331 1183 1592 1225 ministravit.
1628 1184 1746 1226 Miles
1779 1192 1818 1226 15

64 1253 142 1295 iste
187 1257 347 1296 tantum
395 1254 560 1295 unicum
607 1254 737 1296 filium
787 1254 962 1297 habebat
1003 1254 1044 1294 in
1092 1253 1306 1295 cunabulis
1346 1254 1576 1309 jacentem,
1626 1269 1746 1309 quem

65 1324 239 1366 multum
275 1324 488 1367 dilexerat.
538 1324 650 1367 Cena
683 1327 790 1368 facta
823 1340 985 1368 camera
1019 1328 1081 1366 est
1113 1328 1258 1379 aperta
1290 1328 1329 1366 et
1360 1325 1455 1367 lecti
1489 1327 1589 1367 satis
1621 1326 1747 1368 hono-

65 1395 177 1438 rifice
199 1397 333 1438 ornati
364 1410 438 1451 pro
462 1396 607 1450 angelo
631 1401 672 1439 et
693 1398 906 1439 heremita.
957 1396 1094 1438 Media
1117 1409 1211 1438 vero
1235 1400 1353 1437 nocte
1376 1397 1557 1439 surrexit
1577 1398 1746 1451 angelus

65 1470 106 1509 et
144 1481 317 1523 puerum
360 1467 400 1508 in
439 1467 650 1510 cunabalis
693 1468 978 1522 strangulavit.
1038 1467 1124 1509 Hoc
1156 1467 1298 1509 videns
1332 1467 1531 1510 heremita
1562 1469 1674 1510 intra
1704 1483 1746 1511 se

64 1538 282 1592 cogitavit:
315 1538 526 1593 Numquid
557 1540 635 1581 iste
668 1543 756 1581 erat
788 1539 957 1593 angelus
991 1539 1053 1580 dei
1089 1538 1244 1579 bonus?
1288 1538 1405 1581 Miles
1439 1541 1577 1582 omnia
1608 1554 1746 1582 neces·
1773 1548 1818 1582 20

64 1609 174 1651 saria
205 1614 374 1665 propter
406 1610 470 1652 dei
504 1624 684 1652 amorem
720 1611 754 1652 ei
789 1611 913 1665 dedit,
947 1614 987 1653 et
1018 1624 1097 1651 non
1133 1609 1276 1651 habuit
1306 1611 1385 1651 nisi
1418 1611 1583 1653 unicum
1616 1611 1744 1653 filium

46 1679 320 1722 ‘innocentem
355 1685 395 1723 et
426 1682 504 1723 iste
537 1695 628 1723 eum
662 1682 830 1723 occidit!
866 1682 944 1724 Sed
978 1686 1115 1724 tamen
1149 1694 1231 1722 non
1264 1681 1441 1723 audebat
1473 1683 1507 1723 ei
1532 1682 1745 1737 quitquam

63 1750 210 1794 dicere.
260 1751 379 1794 Mane
411 1766 507 1794 vero
541 1753 660 1795 ambo
694 1756 963 1795 surrexerunt
1001 1758 1041 1794 et
1073 1752 1123 1793 ad
1156 1752 1363 1794 civitatem
1398 1753 1521 1794 aliam
1554 1767 1746 1808 perrexe-

61 1826 178 1877 runt,
218 1823 260 1864 in
293 1837 373 1878 qua
412 1824 452 1865 in
493 1824 614 1866 domo
654 1825 774 1866 unius
815 1825 916 1866 civis
957 1824 1057 1866 satis
1097 1822 1318 1865 honorifice
1361 1828 1478 1866 erant
1518 1825 1672 1880 recepti
1707 1830 1746 1868 et

62 1893 278 1949 splendide
309 1895 547 1937 ministrati.
596 1895 708 1937 Civis
741 1897 817 1938 iste
850 1896 1053 1950 quendam
1086 1908 1257 1937 aureum
1281 1894 1462 1949 ciphum,
1496 1911 1614 1951 quem
1639 1897 1743 1939 miro
1771 1904 1815 1938 25

61 1964 184 2007 modo
223 1965 387 2020 dilexit,
426 1966 581 2009 habuit.
631 1967 767 2009 Media
805 1981 899 2009 vero
940 1971 1058 2009 nocte
1101 1965 1282 2008 surrexit
1313 1967 1482 2019 angelus
1515 1972 1555 2010 et
1584 1969 1743 2010 furatus

62 2039 124 2078 est
154 2036 319 2092 ciphum
352 2037 481 2079 illum.
532 2037 744 2081 Heremita
776 2039 851 2081 hoc
883 2039 1026 2080 videns
1050 2039 1159 2081 intra
1181 2051 1224 2079 se
1246 2038 1473 2093 cogitabat:
1508 2039 1589 2081 Iste
1612 2039 1743 2081 malus

60 2107 232 2161 'angelus
290 2111 352 2150 est
404 2112 449 2150 ut
501 2109 641 2162 credo3
696 2110 773 2153 iste
818 2110 918 2151 civis
965 2110 1082 2152 nobis
1130 2113 1285 2167 optime
1332 2110 1429 2153 fecit
1475 2113 1515 2152 et
1558 2110 1637 2152 iste
1684 2114 1745 2153 est

60 2178 220 2221 furatus
253 2179 417 2235 ciphum
453 2194 584 2222 suum.
633 2180 787 2223 Tamen
820 2181 944 2224 nichil
979 2182 1013 2223 ei
1046 2182 1306 2237 loquebatur,
1340 2183 1437 2237 quia
1468 2182 1607 2223 timuit
1636 2196 1741 2224 eum.

60 2248 182 2292 Mane
215 2265 309 2292 vero
343 2256 612 2293 surrexerunt
644 2257 684 2295 et
717 2267 787 2307 per
819 2253 927 2294 viam
961 2253 1242 2308 ambulabant,
1276 2255 1404 2296 donec
1427 2252 1515 2308 [si—1]
1541 2253 1591 2294 ad
1615 2267 1743 2308 quan·
1768 2260 1814 2293 30

61 2320 155 2362 dam
189 2335 335 2376 aquam
371 2326 659 2377 pervenerunt,
694 2323 802 2366 ultra
834 2337 954 2378 quam
989 2329 1078 2367 erat
1110 2339 1224 2380 pons.
1274 2325 1444 2367 Pontem
1470 2324 1744 2366 ascenderunt

61 2395 102 2434 et
123 2392 287 2447 quidam
312 2406 470 2449 pauper
492 2394 550 2435 eis
573 2394 776 2437 obviabat.
826 2395 899 2436 Ait
922 2395 1112 2449 angelus:
1146 2396 1384 2450 Carissime‚
1419 2400 1603 2437 monstra
1625 2395 1741 2437 nobis

60 2463 169 2506 viam
212 2478 354 2506 versus
395 2465 520 2507 talem
560 2465 780 2507 civitatem.
832 2465 992 2521 Pauper
1033 2468 1156 2509 vertit
1187 2482 1231 2510 se
1275 2472 1436 2510 etcum
1472 2467 1599 2520 digito
1633 2467 1740 2508 viam

60 2547 203 2577 versus
242 2535 450 2578 civitatem
492 2536 683 2578 ostendit.
733 2536 833 2579 Cum
874 2551 969 2579 vero
1003 2539 1195 2581 vertisset
1225 2553 1268 2581 se
1301 2538 1470 2592 angelus
1502 2538 1635 2580 subito
1669 2551 1742 2593 per

60 2605 250 2660 scapulas
283 2619 374 2648 eum
408 2607 566 2662 accepit
588 2611 629 2649 et
651 2607 758 2649 ultra
780 2612 945 2663 pontem
970 2609 1143 2663 projecit
1164 2613 1204 2652 et
1226 2610 1463 2652 submersus
1487 2613 1548 2650 est
1571 2621 1738 2663 pauper.
1765 2614 1810 2648 35

60 2675 176 2726 Quod
207 2689 298 2719 cum
332 2677 533 2719 heremita
575 2678 765 2732 vidisset,
800 2679 857 2720 ait
887 2680 930 2720 in
963 2680 1083 2722 corde
1116 2694 1208 2722 suo:
1250 2680 1343 2723 Jam
1378 2682 1483 2734 scio⁷
1524 2679 1631 2734 quod
1664 2680 1740 2721 iste

60 2746 247 2790 diabolus
280 2752 343 2790 est
383 2752 423 2790 et
453 2762 534 2790 non
568 2749 736 2803 angelus
769 2749 833 2791 dei
866 2749 1018 2802 bonus3
1062 2751 1158 2806 quid
1191 2751 1289 2794 mali
1321 2752 1418 2794 fecit
1449 2764 1607 2806 pauper
1638 2750 1740 2792 iste?

60 2816 116 2860 Et
153 2821 290 2860 tamen
330 2832 422 2861 eum
462 2820 622 2861 occidit.
671 2820 736 2862 Ab
776 2820 844 2862 illo
884 2825 1070 2876 tempore
1109 2823 1318 2876 cogitabat
1359 2822 1408 2863 ab
1450 2835 1496 2863 eo
1535 2821 1738 2875 recedere,

60 2893 371 2945 verumptamen
404 2890 544 2932 timuit
583 2895 624 2933 et
664 2891 787 2932 nichil
820 2891 1064 2946 loquebatur
1097 2893 1145 2935 ei.
1194 2893 1296 2935 Cum
1332 2905 1424 2934 vero
1458 2892 1566 2933 circa
1596 2891 1738 2933 horam

36 2961 335 3016 ¹vespertinam
377 2961 427 3003 ad
467 2961 675 3004 civitatem
714 2963 1020 3017 pervenissent,
1060 2963 1110 3006 ad
1150 2963 1314 3006 domum
1354 2963 1565 3017 cujusdam
1599 2963 1739 3005 divitis
1763 2970 1810 3004 40
