1929 3162
931 61 1017 102 310

141 178 318 221 sciencia
338 188 430 217 mea
453 186 531 227 que
553 183 716 226 semper
735 169 930 225 loquitur.
971 166 1123 216 Quarto
1153 177 1247 219 spes
1269 162 1493 204 anchoram
1508 159 1621 215 jacit.
1660 158 1810 208 Quinto

142 248 352 304 sapiencia
397 244 533 286 velum
581 241 762 298 deponit.
827 239 952 281 Sexto
991 236 1217 293 prudencia
1253 233 1360 286 regit
1405 230 1724 285 gubernaculum
1769 231 1815 271 ut

142 324 251 362 recte
281 319 421 360 funem
454 315 618 367 dirigat.
668 311 851 367 Septimo
867 309 1038 363 justicia
1062 307 1193 349 undas
1222 307 1399 360 separat.
1445 302 1572 344 Navis
1594 304 1655 344 est
1677 300 1816 342 anima

144 392 307 442 sancta,
353 387 467 441 cujus
514 397 670 427 merces
709 385 805 424 sunt
842 393 968 435 opera
1013 378 1220 429 caritatis,
1267 376 1385 417 funes
1427 373 1567 415 divina
1606 372 1814 426 precepta,

144 464 300 503 mastus
331 456 565 514 paciencia,
597 454 732 498 velum
764 450 1097 508 perseverancia,
1131 447 1310 490 anchora
1338 444 1464 498 fides,
1495 439 1816 497 gubernaculum

144 532 314 583 caritas,
354 529 604 583 gubernator
637 525 807 581 spiritus
839 525 1025 574 sanctus,
1065 522 1189 561 naute
1225 518 1418 559 ducentes
1450 527 1597 557 navem
1629 510 1819 566 exempla

145 605 392 645 sanctorum.
440 599 503 640 De
525 597 599 640 tali
619 610 723 639 nave
745 594 938 637 scribitur
959 590 1274 634 Proverbiorum
1297 600 1434 629 XXXI:
1465 585 1593 628 Facta
1620 586 1683 625 est
1703 581 1820 637 quasi

144 673 261 716 navis
291 670 508 722 institoris,
541 669 584 709 in
617 681 696 722 qua
727 669 823 708 sunt
854 664 992 706 omnia
1023 663 1114 704 ista.
1151 659 1239 714 [21]
1273 658 1400 701 Navis
1431 658 1512 698 ista
1538 657 1678 711 portat
1697 665 1821 709 poma

146 744 188 787 id
219 746 282 786 est
314 755 439 797 opera
471 741 614 782 sancta
652 736 887 779 redolencia
926 747 1061 776 coram
1102 732 1176 774 deo
1216 734 1256 772 et
1291 728 1546 780 hominibus,
1586 726 1636 767 de
1674 723 1820 778 quibus

80 822 123 856 10
147 815 270 858 debes
301 813 437 855 facere
469 810 660 853 exenium
691 808 773 863 ipsi
804 807 892 848 (leo.
944 805 1000 848 Et
1030 804 1136 846 sicut
1166 815 1291 858 poma
1319 801 1467 843 dantur
1488 800 1582 854 post
1602 794 1821 852 prandium

148 887 191 928 in
225 883 542 927 delectacionem
576 883 616 922 et
645 880 688 920 in
721 878 940 930 solacium,
971 877 1030 918 ita
1060 875 1218 916 fructus
1250 876 1290 915 et
1321 871 1464 914 fruicio
1496 869 1696 911 bonorum
1728 878 1823 920 ope-

149 970 242 999 rum
274 955 438 997 dabitur
468 951 587 993 nobis
618 950 661 992 in
693 949 778 991 celo
808 952 903 1004 post
923 947 1028 989 hanc
1048 947 1188 988 vitam.
1237 944 1284 986 In
1305 942 1411 985 mari
1433 940 1590 983 scilicet
1608 939 1651 981 in
1672 935 1824 979 mundo

152 1031 214 1070 est
243 1039 367 1081 rupes
399 1036 551 1077 magna
582 1020 739 1063 scilicet
769 1033 917 1075 corpus
948 1019 1172 1060 humanum
1204 1029 1254 1058 ex
1277 1018 1451 1069 quatuor
1472 1009 1684 1054 elementis
1716 1020 1824 1050 com-

153 1098 355 1155 positum,
398 1099 438 1137 et
468 1095 510 1136 in
541 1093 621 1134 isto
654 1104 826 1147 corpore
857 1094 920 1132 est
950 1089 1072 1131 nidus
1104 1087 1260 1130 scilicet
1290 1098 1358 1127 cor
1388 1084 1634 1134 humanum,
1672 1080 1716 1121 in
1748 1091 1826 1132 quo

87 1178 129 1212 15
156 1169 278 1213 corde
310 1167 396 1210 avis
429 1164 585 1207 scilicet
616 1163 787 1218 spiritus
819 1165 986 1204 sanctus
1017 1174 1091 1216 per
1123 1159 1314 1201 virtutem
1345 1154 1541 1210 baptismi
1560 1151 1726 1203 residet,
1759 1149 1829 1203 qui

155 1241 348 1284 continue
379 1237 504 1280 habet
536 1238 694 1290 septem
726 1247 803 1275 ova
824 1233 979 1274 scilicet
1001 1235 1157 1287 septem
1181 1230 1288 1271 dona
1310 1226 1478 1282 spiritus
1501 1223 1644 1266 sancti.
1678 1221 1829 1271 Quam-

157 1313 228 1354 diu
270 1311 356 1353 avis
396 1309 477 1351 ista
515 1306 671 1348 scilicet
708 1305 878 1360 spiritus
918 1307 1084 1346 sanctus
1123 1302 1166 1343 in
1205 1299 1327 1343 corde
1364 1301 1434 1339 tuo
1475 1294 1648 1346 residet,
1689 1304 1830 1334 secure

156 1382 333 1426 transire
364 1378 520 1436 poteris
554 1377 604 1419 ad
636 1380 790 1420 terram
822 1378 1010 1417 sanctum
1041 1374 1083 1416 id
1116 1376 1177 1415 est
1208 1371 1260 1413 ad
1291 1370 1419 1411 vitam
1452 1370 1647 1409 eternam.
1694 1362 1774 1406 Sed
1795 1362 1830 1404 si

158 1452 360 1506 contingit
392 1463 509 1492 avem
540 1462 614 1504 per
644 1451 857 1504 peccatum
891 1450 1008 1488 extra
1037 1445 1179 1486 nidum
1211 1441 1370 1494 volare,
1404 1451 1517 1480 mare
1548 1437 1589 1478 id
1620 1439 1682 1478 θεῖ
1710 1447 1829 1476 mun-

90 1534 134 1568 20
159 1526 256 1578 dus,
296 1521 503 1574 diabolus,
543 1533 636 1561 caro
676 1519 846 1574 propria
878 1520 998 1560 erunt
1028 1519 1172 1558 contra
1207 1518 1248 1556 te
1280 1516 1320 1554 et
1360 1512 1529 1563 surgent
1563 1508 1830 1562 tempestates

159 1609 317 1650 graves,
351 1606 452 1648 quas
485 1591 658 1633 evadere
688 1604 769 1632 non
801 1592 932 1645 potes,
966 1592 1006 1629 et
1036 1587 1127 1629 ideo
1160 1587 1321 1640 oportet
1351 1585 1391 1624 te
1422 1583 1627 1623 cortuum
1657 1578 1760 1620 bene
1792 1579 1833 1618 et

160 1667 311 1710 munde
347 1676 571 1720 preparare
612 1662 663 1704 ad
701 1661 867 1703 modum
908 1660 1051 1700 domus
1097 1655 1337 1698 materialis.
1400 1652 1463 1694 De
1509 1651 1628 1692 domo
1673 1648 1833 1690 tollitur

159 1739 301 1792 fuligo,
334 1749 407 1792 per
439 1747 562 1789 quam
595 1733 847 1786 significatur
879 1729 1110 1772 amaritudo
1140 1726 1311 1783 peccati,
1345 1737 1422 1779 que
1442 1722 1531 1765 tolli
1552 1721 1684 1763 debet.
1730 1718 1834 1761 Item

160 1808 366 1852 tollendus
398 1809 460 1848 θεῖ
489 1805 625 1860 pulvis
656 1804 698 1845 id
731 1807 793 1845 est
824 1816 939 1844 amor
969 1805 1241 1851 terrenorum,
1273 1798 1316 1838 in
1346 1809 1424 1851 quo
1447 1793 1627 1836 maxime
1646 1790 1834 1833 nutriun-

94 1890 138 1925 25
163 1885 230 1923 tur
261 1878 417 1935 pulices
457 1877 499 1918 id
541 1878 603 1918 θεῖ
642 1874 808 1930 superbi
847 1873 1057 1915 saltantes.
1110 1870 1211 1912 Item
1249 1868 1396 1911 mulier
1434 1864 1637 1907 mundans
1669 1862 1835 1904 domum

166 1952 280 2008 prius
311 1951 463 2005 purgat
495 1950 535 1989 et
566 1949 786 1999 congregat
816 1944 1006 2000 pulveres
1039 1945 1079 1984 et
1109 1944 1254 1997 postea
1285 1939 1396 1994 ejicit
1416 1950 1489 1992 per
1511 1935 1662 1977 ostium
1684 1936 1725 1975 et
1743 1934 1838 1988 post

168 2035 305 2064 aream
336 2019 578 2062 mundatam
611 2017 782 2072 apponit
814 2029 961 2070 aquam
994 2017 1035 2056 et
1065 2012 1231 2054 tandem
1264 2011 1546 2052 stramentum.
1600 2005 1668 2048 Sic
1698 2003 1837 2045 volens

167 2092 368 2135 mundare
412 2091 578 2132 domum
618 2089 659 2130 id
701 2091 763 2130 est
803 2100 871 2129 cor
917 2087 1139 2139 congregat
1183 2082 1395 2138 pulverem
1441 2077 1656 2132 cogitando
1702 2074 1840 2118 omnia.

168 2164 279 2206 mala
309 2175 387 2217 que
418 2161 515 2203 fecit
546 2164 587 2202 et
617 2159 755 2201 omnia
784 2158 893 2200 bona
923 2170 1001 2211 que
1033 2155 1184 2208 amisit,
1218 2152 1330 2209 [post
1359 2148 1537 2204 emittat]
1570 2162 1646 2204 per
1675 2146 1840 2202 plenam

100 2248 144 2282 30
171 2234 483 2285 confessionem,
516 2234 697 2286 apponat
729 2243 876 2283 aquam
908 2242 982 2284 per
1011 2227 1304 2269 lachrimarum
1337 2222 1589 2274 effusionem,
1622 2221 1741 2261 ornat
1771 2217 1841 2259 do-

171 2321 284 2350 mum
317 2306 542 2348 stramento
574 2315 648 2357 per
680 2301 843 2353 dignam
879 2299 1202 2341 satisfactionem
1234 2300 1274 2337 et
1305 2295 1364 2337 sic
1393 2294 1437 2335 in
1465 2293 1584 2334 domo
1615 2290 1718 2332 bene
1749 2301 1842 2344 pre-

173 2381 320 2434 parata
348 2376 525 2417 libenter
556 2371 831 2427 hospitabitur
862 2371 1066 2423 dominus,
1098 2368 1206 2410 unde
1234 2366 1433 2418 videmus,
1466 2362 1572 2418 quod
1594 2375 1645 2403 ex
1666 2360 1845 2403 adventu

175 2449 270 2492 boni
301 2446 476 2502 hospitis
517 2448 605 2486 tota
635 2443 780 2485 domus
813 2441 1079 2494 emundatur,
1120 2439 1192 2482 sed
1223 2451 1270 2480 eo
1301 2435 1517 2478 recedente
1546 2446 1629 2475 non
1661 2433 1846 2473 remanet

176 2521 225 2562 de
256 2518 375 2561 bonis
416 2517 502 2570 ejus
541 2516 582 2556 in
624 2515 743 2556 domo
780 2514 861 2555 nisi
898 2512 1018 2554 fimus
1045 2512 1340 2565 jumentorum.
1390 2505 1457 2548 Sic
1488 2518 1539 2547 ex
1571 2503 1750 2546 adventu
1780 2501 1846 2543 dei

107 2603 152 2637 35
178 2605 252 2647 per
283 2589 466 2644 graciam
498 2589 751 2628 sustentatur
783 2598 929 2639 corpus
970 2587 1010 2625 et
1048 2582 1186 2624 anima
1223 2580 1295 2622 sed
1331 2577 1546 2621 recedente
1576 2574 1715 2628 gracia
1745 2573 1845 2626 ejus,
1906 2561 1912 2565 “

179 2675 261 2704 non
302 2661 488 2702 remanet
526 2657 607 2698 nisi
645 2656 764 2697 fimus
802 2655 845 2696 id
887 2658 948 2697 est
988 2654 1067 2695 nisi
1113 2650 1378 2707 temporalia,
1427 2647 1523 2702 quia
1562 2648 1713 2700 quanto
1757 2642 1847 2697 quis

180 2733 274 2788 plus
313 2729 578 2786 amplectitur
615 2726 756 2768 fimum
794 2727 836 2767 in
876 2724 1074 2777 brachiis,
1118 2726 1231 2765 tanto
1268 2721 1403 2763 minus
1440 2718 1565 2760 habet
1601 2715 1651 2757 de
1689 2727 1735 2756 eo
1773 2725 1849 2754 nec

181 2803 333 2845 forcior
370 2802 482 2843 fetet.
543 2798 654 2851 Ergo
693 2800 844 2851 quanto
885 2796 976 2851 quis
1022 2795 1113 2850 plus
1154 2796 1265 2835 amat
1303 2790 1485 2833 divicias.
1547 2786 1725 2830 Eccles.:
1772 2782 1850 2833 Qui

188 2878 300 2916 amat
338 2873 529 2924 divicias,
569 2870 745 2911 fructum
784 2881 864 2909 non
904 2867 1038 2922 capiet
1076 2879 1126 2908 ex
1165 2864 1236 2907 eiS.
1287 2861 1421 2905 Nichil
1459 2858 1689 2910 scelestius,
1728 2866 1850 2910 quam

281 2954 300 2988 3
328 2952 459 2995 funem]
487 2958 570 2998 oriy.
589 2949 706 2985 finem.

98 467 119 501 <5¹
