1929 3157
123 187 185 228 19.

118 329 186 370 2Ο.

117 470 185 513 21.

117 613 184 655 22.

117 755 184 797 23.

117 896 184 939 24.

118 1040 185 1083 25.

117 1183 184 1226 26.

117 1326 184 1368 27.

117 1468 185 1511 28.

118 1612 184 1654 29.

119 1754 186 1797 30.

119 1897 186 1939 31.

120 2039 187 2081 32.

121 2181 188 2223 33.

122 2324 189 2366 34.

122 2465 189 2508 35.

123 2609 191 2651 36.

125 2750 176 2793 37
185 2784 194 2793 .

42 2938 44 2941 ,
125 2892 194 2934 38.

913 79 991 120 117

233 185 372 228 Refert
403 194 548 228 se‘neca
580 186 686 240 quod
719 186 759 227 in
792 185 1030 241 corporibus
1063 185 1276 226 venenosis
1301 189 1469 240 propter
1490 186 1695 228 maliciam
1720 201 1787 230 ve-

233 257 341 299 neni.
390 256 658 308 (Wurmfrei.)
705 257 775 299 lat.
800 257 866 299 32.

234 327 436 381 Regnavit
467 328 703 370 allexander
734 328 801 383 qui
835 327 1084 370 aristotelem
1109 327 1349 381 magistrum
1374 328 1562 371 habebat.
1611 328 1787 381 (Aristo-

233 398 333 441 teles
364 399 460 441 ffinf
486 399 656 450 lehren.)
704 399 773 442 lat.
798 400 865 441 34.

232 469 402 523 Legitur
433 470 483 512 de
515 470 675 513 vulture
709 471 815 526 quod
848 483 938 512 cum
971 469 1125 525 ceperit
1157 469 1327 524 predam
1360 469 1518 525 probat.
1568 468 1788 522 (Gewicht-

231 541 389 597 probe.)
437 555 530 597 app.
556 542 622 583 52.

232 612 357 655 Miser
388 612 509 655 homo
541 616 603 655 est
633 612 740 655 unde
772 611 950 665 cogitare
974 610 1235 667 principium.
1285 609 1398 662 (Was
1420 611 1474 653 ist
1496 611 1567 654 der
1588 612 1787 665 mensch.)

231 683 302 726 lat.
327 684 395 725 36.

232 753 402 808 Legitur
447 754 554 809 quod
601 758 784 809 tempore
831 753 1003 795 hainrici
1050 752 1313 809 imperatoris
1360 753 1477 795 tercii
1523 753 1631 808 quod
1678 757 1787 797 tunc.

234 825 518 876 (Brieftaube.)
564 824 634 866 lat.
660 825 726 866 38.

231 896 371 939 Refert
403 896 624 939 alexander
657 896 763 950 quod
795 894 980 949 virgilius
1011 895 1054 936 in
1086 894 1251 936 civitate
1279 907 1453 936 romana
1474 894 1651 938 nobilem
1675 895 1789 951 pala-

232 969 353 1010 cium.
402 967 572 1021 (Virgils
603 967 718 1018 hild.)
765 980 892 1021 germ.
918 966 984 1007 18.

233 1039 366 1082 Erant
403 1039 483 1081 duo
520 1039 668 1080 fratres
707 1037 890 1080 carnales
930 1051 1034 1079 unus
1066 1036 1238 1079 clericus
1271 1040 1312 1078 et
1343 1035 1446 1079 alter
1476 1036 1618 1079 laicus.
1674 1036 1791 1089 (Drei

234 1110 517 1155 buohstaben.)
565 1123 691 1163 germ.
716 1110 783 1151 26.

234 1181 481 1236 Sagittarius
515 1181 680 1236 quidam
712 1180 914 1223 aviculam
947 1193 1115 1236 parvam
1151 1179 1317 1235 capiens
1347 1179 1514 1222 nomine
1538 1179 1787 1236 philomena.

233 1253 348 1302 (Drei
381 1253 649 1304 weisheiten.)
696 1252 767 1294 lat.
794 1253 887 1294 167.

230 1324 414 1367 Barsaan
449 1324 490 1375 (i.
510 1337 542 1366 e.
565 1323 772 1376 Barlaam)
811 1326 953 1365 narrat
989 1322 1094 1377 quod
1128 1325 1316 1378 peccator
1348 1325 1410 1364 est
1441 1321 1586 1364 similis
1617 1322 1787 1366 homini.

235 1395 418 1450 (Honig.)
463 1394 655 1436 lat.168.

231 1467 318 1510 Rex
351 1467 563 1509 damorum
597 1469 678 1508 tres
711 1478 851 1519 magos
881 1465 948 1520 qui
971 1464 1089 1507 stella
1112 1465 1212 1507 duce
1232 1464 1551 1507 Jherusolimam
1574 1468 1786 1507 venerunt.

235 1538 356 1590 (Heil.
382 1538 468 1580 drei
500 1537 680 1591 konige.)
727 1537 797 1579 lat.
820 1537 889 1578 47.

232 1610 372 1653 Refert
416 1609 593 1651 valerius
634 1608 740 1663 quod
780 1608 973 1662 zelongus
1012 1607 1154 1650 consul
1193 1607 1321 1649 edidit
1359 1620 1432 1663 pro
1471 1606 1560 1661 lege
1598 1605 1642 1649 Si
1683 1607 1785 1662 quis.

236 1681 479 1733 (Zaleucus.)
524 1680 594 1722 lat.
618 1680 685 1722 50.

233 1753 375 1796 Refert
395 1751 598 1807 Josephus
631 1750 736 1806 quod
769 1750 940 1793 tiberius
973 1763 1087 1792 cesar
1117 1750 1333 1805 requisivit
1363 1762 1435 1792 cur
1466 1749 1785 1806 provinciarum.

235 1823 449 1877 (Fliegen.)
494 1822 564 1864 lat.
588 1822 656 1864 51.

234 1895 374 1938 Refert
394 1893 597 1949 Josephus
629 1893 671 1934 in
698 1892 802 1935 libro
826 1891 875 1935 de
897 1893 1030 1935 causis
1052 1906 1188 1936 rerum
1210 1891 1474 1936 naturalium.
1521 1890 1669 1946 (Wein‚
1702 1892 1788 1935 vier

234 1965 568 2021 eigenschaften.)
614 1964 685 2006 lat.
712 1964 806 2005 159.

234 2037 408 2089 Quidam
453 2036 565 2078 lusor
611 2048 825 2078 occurrens
871 2034 990 2077 beato
1036 2034 1266 2077 bernhardo
1309 2034 1509 2090 equitanti
1548 2033 1654 2076 dixit
1695 2033 1785 2077 sibi.

236 2108 312 2162 (St.
333 2107 546 2150 Bernhard
576 2107 660 2149 und
691 2107 763 2149 der
794 2106 974 2162 spieler.)
1020 2106 1091 2148 lat.
1118 2106 1212 2148 170.

236 2180 418 2222 Adamas
465 2192 537 2221 rex
584 2179 747 2233 quidam
794 2177 921 2220 filium
970 2177 1289 2234 pulcherrimum
1338 2180 1378 2219 et
1423 2175 1785 2231 sapientissimum.

237 2250 424 2303 (Justitia
455 2274 508 2278 —
541 2249 659 2302 Pax.)
704 2249 776 2291 lat.
799 2249 867 2291 55.

237 2322 322 2365 Rex
354 2335 535 2364 aswerus
557 2321 710 2375 grande
733 2320 964 2363 convivium
986 2319 1082 2362 fecit
1104 2319 1259 2362 cunctis
1282 2318 1549 2374 principibus.
1591 2317 1786 2371 (Esther.)

236 2393 306 2436 lat.
334 2394 428 2435 177.

236 2464 467 2520 Pompeyus
500 2464 645 2506 statuit
674 2476 748 2519 pro
777 2462 867 2517 lege
899 2462 1005 2517 quod
1038 2461 1210 2517 quilibet
1238 2461 1355 2504 miles
1378 2463 1470 2516 post
1491 2463 1677 2502 mortem.
1726 2459 1787 2512 (In

238 2535 382 2578 waffen
414 2534 649 2589 begraben.)
692 2534 763 2576 lat.
789 2534 884 2575 134.

239 2608 355 2650 Titus
385 2607 429 2649 in
460 2607 625 2649 civitate
655 2618 827 2647 romana
857 2604 1046 2658 regnavit
1075 2604 1144 2659 qui
1177 2603 1321 2646 statuit
1351 2615 1425 2658 pro
1456 2601 1557 2655 lege.
1610 2600 1656 2653 (F
1661 2601 1786 2651 oeas.)

238 2679 309 2721 lat.
333 2678 400 2720 57.

239 2749 490 2803 Genegarius
528 2747 717 2801 regnavit
755 2747 824 2802 qui
865 2747 1009 2788 statuit
1038 2760 1112 2802 pro
1141 2746 1232 2800 lege
1263 2744 1368 2800 quod
1401 2743 1631 2799 quicunque
1661 2743 1788 2786 male-

238 2821 381 2863 factor.
429 2819 545 2870 (Drei
575 2819 840 2872 wahrheiten,
871 2818 978 2870 frei.)
1024 2817 1095 2860 lat.
1119 2817 1187 2859 58.

239 2890 442 2934 Leunc-ius
472 2891 661 2944 regnavit
692 2890 805 2932 dives
837 2888 953 2931 valde
978 2889 1047 2943 qui
1069 2888 1192 2931 semel
1216 2901 1290 2944 per
1312 2885 1528 2942 imperium
1551 2885 1786 2941 equitasset.

243 2962 446 3017 (Ingratus
477 2961 560 3004 und
593 2960 755 3013 Guido.)
801 2960 872 3003 lat.
898 2961 992 3002 119.
