1949 3162
987 85 1074 127 520

184 202 471 248 ενοφατωᾟνη,
507 208 632 247 quam
664 193 784 234 dolor
814 195 1003 248 imperat.
1057 191 1259 233 Continuo
1281 191 1399 245 jubet
1425 193 1581 246 parari
1608 207 1769 247 roqum,
1802 192 1874 233 sed

185 281 276 307 cum
322 264 536 318 edificatur
580 272 703 319 atque
748 265 990 319 deponitur,
1038 265 1274 319 supervenit
1320 263 1550 318 discipulus
1586 264 1738 304 medici
1772 263 1873 304 ado-

186 338 336 377 lescens
379 344 434 387 et,
478 343 678 390 quantum
717 337 773 376 ad
811 337 1023 390 inqenium
1055 336 1255 390 pertinet,
1296 349 1426 375 senex.
1490 334 1570 375 Hic
1602 349 1693 375 cum
1723 348 1874 389 corpus

185 409 416 464 speciosum
454 422 580 462 super
618 422 767 462 royum
798 408 985 462 positum
1024 407 1201 457 videret,
1239 407 1401 446 intuens
1442 420 1532 446 eum
1566 407 1762 461 mayister
1792 406 1873 446 ait:

138 487 159 520 5
185 479 299 520 Bene
330 480 501 529 venisti,
535 478 605 519 hec
637 480 745 519 enim
775 478 879 518 hora
910 479 1138 533 &spectavit
1168 485 1214 517 te.
1272 476 1388 518 Tolle
1417 477 1648 532 ampullam
1677 476 1877 531 unquenti

186 558 223 591 et
255 551 368 605 quod
399 564 636 605 supremum
668 558 725 590 est
756 550 805 589 de
821 549 992 602 funere,
1026 548 1282 604 supeoJunde
1304 549 1537 604 sepulture!
1582 547 1618 589 V
1615 549 1699 589 enit
1707 547 1875 601 juvenis

186 622 243 662 ad
287 636 462 676 corpus,
517 622 698 661 extremit
747 622 795 661 de
837 628 1004 675 pectore
1050 628 1196 672 vestes,
1233 619 1357 674 fudit
1404 627 1656 675 unquentum
1701 626 1876 660 tractum

186 708 334 744 manu,
377 699 505 733 totum
543 706 693 747 corpus
732 692 788 731 ad
819 692 1048 747 precordia
1085 693 1221 731 vivere
1252 692 1387 731 sensit.
1449 690 1672 746 Obstupuit
1690 689 1874 743 juvenis,

180 764 337 819 palpat
372 778 496 803 venas
536 771 573 804 et
610 763 771 803 indicia
802 764 982 803 rimatur
1011 764 1202 814 narium,
1244 761 1356 802 labia
1389 760 1511 802 labiis
1536 760 1712 817 probat,
1752 762 1878 801 sensit

118 843 160 877 10
185 837 313 876 vitam
353 850 444 875 cum
479 842 607 875 morte
644 835 863 874 luctantem
899 842 936 874 et
966 835 1027 874 ait
1057 835 1114 874 ad
1144 847 1303 873 servos:
1344 832 1578 888 Supponite
1597 832 1773 887 faculas
1797 846 1878 888 per

188 914 368 962 quatuor
399 906 575 961 anyulos
608 906 710 946 lente
742 913 779 946 et
809 906 1054 960 temperate!
1094 903 1185 956 Quo
1206 904 1329 958 facto
1362 906 1533 960 sanquis
1563 904 1647 956 illc,
1682 905 1756 958 qui
1783 917 1877 944 coa-

183 978 352 1034 9ulatus
392 985 500 1029 erat,
544 984 602 1017 est
641 977 899 1031 liquefactus.
959 976 1082 1028 Quod
1119 984 1165 1016 ut
1199 976 1306 1017 vidit
1331 975 1522 1029 juvenis,
1562 977 1623 1016 ait
1655 974 1877 1030 mayistrox

187 1049 354 1100 Puella,
390 1063 515 1103 quam
545 1055 752 1088 mortuam
784 1048 903 1099 dicis,
937 1049 1052 1099 vivit,
1087 1055 1124 1088 et
1153 1055 1198 1088 ut
1206 1047 1388 1101 facilius
1417 1047 1520 1088 mihi
1533 1061 1678 1103 posses
1700 1047 1876 1098 credere,

189 1122 464 1176 experimento
505 1119 775 1172 satisfaciam.
840 1119 938 1159 Hiis
976 1120 1096 1160 dictis
1135 1119 1229 1159 tulit
1259 1119 1449 1174 puellam
1489 1126 1527 1160 et
1560 1120 1607 1159 in
1646 1117 1879 1159 cubiculum

119 1199 161 1233 15
187 1207 308 1232 suum
340 1192 506 1246 posuit,
548 1205 672 1245 super
704 1198 850 1245 pectus
888 1190 974 1243 ejus
1014 1191 1261 1245 calefaciens
1300 1191 1452 1242 oleum,
1490 1190 1710 1244 madefecit
1739 1189 1879 1230 lanam

187 1271 225 1304 et
248 1264 395 1318 posuit
425 1277 552 1317 super
584 1277 736 1317 corpus
767 1277 900 1313 suum,
938 1263 1010 1313 sic,
1047 1262 1160 1316 quod
1190 1263 1360 1317 sanquis
1393 1262 1493 1315 ejus,
1529 1263 1604 1317 qui
1630 1263 1743 1303 intus
1774 1268 1877 1313 erat,

187 1334 429 1389 coa'qulatus
474 1341 596 1385 esset,
637 1341 818 1388 tempore
858 1333 1107 1388 liquefactus
1148 1341 1224 1385 est,
1267 1335 1453 1388 cepitque
1483 1335 1658 1389 spiritus
1683 1347 1764 1389 per
1796 1347 1879 1374 me-

188 1406 326 1446 dullas
359 1406 611 1446 descendere.
670 1404 792 1446 Venis
823 1406 965 1459 itaque
992 1404 1233 1460 patefactis,
1267 1406 1434 1460 aperuit
1461 1405 1599 1445 oculos
1621 1412 1658 1446 et
1677 1406 1880 1460 recipiens

188 1479 385 1532 spiritum
417 1478 497 1516 ait:
544 1475 691 1528 Qualis
724 1484 767 1516 tu
799 1491 854 1528 es,
886 1491 972 1516 non
1003 1484 1150 1531 tanyas
1183 1476 1317 1528 aliter,
1352 1491 1478 1531 quam
1510 1484 1669 1532 oportet
1698 1484 1879 1531 tanqere,

119 1557 163 1591 20
190 1550 290 1603 (suia
325 1548 424 1600 filia
467 1549 577 1603 reqis
624 1563 714 1588 sum
761 1555 797 1588 et
840 1549 950 1602 reglis
990 1562 1107 1588 uxor.
1159 1547 1334 1588 Juvenis
1373 1548 1444 1588 hec
1483 1549 1679 1600 audiens,
1723 1548 1880 1603 qaudio

190 1620 339 1675 plenus
370 1620 561 1659 introivit
591 1620 648 1659 ad
677 1621 923 1674 mayistrum
953 1621 1000 1660 in
1031 1618 1282 1671 cubiculum,
1324 1627 1362 1660 et
1391 1621 1471 1660 ait:
1511 1619 1632 1672 Ecce,
1669 1620 1879 1675 maqister,

183 1691 326 1746 puella
369 1691 496 1730 vivit!
550 1690 635 1742 Qui
672 1692 752 1731 ait:
801 1690 942 1731 Probo
982 1692 1207 1746 peritiam,
1254 1699 1383 1731 artem
1422 1691 1569 1743 laudo,
1611 1692 1882 1747 prudentiam

189 1764 331 1802 miror.
383 1761 661 1817 Diliyentiam
693 1762 797 1802 audi
826 1762 1067 1817 discipline,
1108 1762 1198 1803 noli
1227 1764 1330 1803 artis
1362 1770 1427 1803 tue
1459 1777 1541 1803 esse
1570 1764 1776 1818 in972atu8,
1813 1777 1881 1803 ac-

191 1835 280 1889 cipe
332 1834 575 1885 mercedem,
628 1833 698 1873 lzec
743 1835 851 1873 enim
891 1834 1037 1888 puella
1082 1834 1255 1874 multam
1288 1835 1514 1889 pecuniam
1553 1848 1688 1874 secum
1724 1833 1885 1874 attulit!

121 1912 165 1946 25
191 1905 247 1945 Et
274 1904 405 1957 jussit
443 1919 531 1944 eam
570 1903 807 1944 salubribus
844 1904 1021 1945 vestibus
1062 1905 1163 1946 cibis
1201 1913 1238 1946 et
1256 1905 1457 1959 fomentis
1490 1907 1657 1961 optimis
1686 1905 1879 1946 recreari.

191 1976 296 2016 Post
330 1991 490 2030 paucos
530 1976 638 2026 dies,
680 1983 725 2016 ut
766 1978 958 2030 coynovit
992 1992 1081 2017 eam
1113 1992 1161 2017 ex
1191 1978 1304 2032 regyio
1335 1992 1483 2032 yenere
1514 1985 1645 2018 ortam
1676 1991 1773 2028 esse,
1808 1976 1883 2016 ad-

192 2046 332 2087 hibitis
364 2048 523 2097 amicis,
547 2047 687 2099 filiam
718 2046 800 2087 sibi
820 2047 1049 2102 adoptavit,
1083 2056 1121 2089 et
1150 2048 1379 2103 royabatur
1409 2048 1460 2089 ab
1488 2063 1536 2089 ea
1557 2063 1649 2089 cum
1669 2048 1880 2102 lacrymis,

192 2134 242 2159 ne
289 2117 339 2158 ab
387 2118 530 2172 aliquo
572 2125 818 2172 tanyeretur.
884 2119 1004 2169 Inter
1035 2120 1264 2161 sacerdotes
1294 2120 1448 2176 Dyane
1486 2119 1629 2175 templi
1665 2134 1755 2160 eam
1791 2133 1883 2159 cum

182 2191 360 2245 feminis
390 2190 517 2240 misit,
551 2196 597 2228 ut
624 2190 923 2231 inviolabiliter
955 2199 1199 2231 servaretur.
1248 2191 1363 2232 Inter
1386 2192 1457 2232 hec
1479 2192 1578 2232 dum
1601 2190 1882 2246 Appollonius
1929 2178 1933 2182 ”

123 2268 168 2302 30
193 2262 367 2315 naviyat
404 2275 496 2299 cum
537 2261 697 2315 inuenti
735 2261 864 2313 luctu,
903 2262 1159 2317 yizbei‘nante
1197 2264 1270 2303 deo
1308 2264 1515 2318 applicuit
1550 2262 1709 2304 Tharso
1746 2269 1783 2303 et
1812 2262 1881 2302 de-

194 2333 388 2373 scendens
427 2346 453 2370 a
490 2332 576 2371 rati
607 2334 731 2386 petiit
768 2334 933 2374 domum
974 2334 1306 2389 Strangsuilionis
1345 2343 1382 2375 et
1419 2334 1710 2390 Dyonisiadis.
1769 2332 1882 2386 Quos

200 2419 290 2445 cum
339 2402 577 2453 salutasset,
627 2417 762 2443 omnes
801 2420 920 2445 casus
958 2421 1053 2446 suos
1093 2408 1283 2461 eaposuit
1321 2407 1359 2446 ei
1396 2406 1557 2446 dicens:
1604 2404 1705 2447 Cum
1742 2405 1884 2446 dolore

194 2481 359 2515 ‘mortua
409 2480 467 2513 est
511 2473 662 2526 conjua‘
709 2490 817 2524 mea,-
866 2484 1000 2517 tamen
1026 2477 1124 2530 filia
1164 2486 1223 2519 est
1259 2486 1441 2530 servata,
1491 2478 1540 2518 de
1578 2492 1662 2532 qua
1695 2476 1889 2533 *caudeoi

195 2547 287 2587 ideo
328 2545 434 2584 sieut
471 2545 515 2583 in
556 2544 669 2584 vobis
708 2547 888 2600 confido,
929 2550 1127 2589 amissum
1163 2564 1356 2604 reynum,
1399 2550 1511 2604 quod
1548 2548 1651 2589 milii
1678 2555 1881 2599 servatur,

126 2625 169 2659 35
197 2618 383 2672 accipere
423 2614 536 2666 volo,
585 2631 715 2670 neque
759 2619 816 2659 ad
852 2634 1037 2660 socerum
1074 2629 1278 2672 revertar,
1328 2620 1444 2674 cujus
1483 2621 1529 2660 in
1566 2620 1678 2660 mari
1710 2619 1886 2674 perdidi

186 2690 339 2742 filiam,
367 2686 438 2729 secl
459 2700 582 2739 assam
598 2690 741 2741 potius
765 2704 892 2744 opera
912 2694 1163 2732 mercatori&
1211 2691 1333 2733 Vobis
1355 2691 1588 2733 commendo
1611 2688 1732 2743 [125]
1744 2690 1884 2744 filiam

198 2776 348 2813 meam,
388 2771 435 2804 ut
472 2771 563 2796 Csslm
590 2758 688 2809 filia
729 2770 861 2802 vestra
892 2763 1156 2803 Philomacia
1191 2765 1402 2804 nutriatur
1430 2764 1615 2813 nomine,
1657 2769 1694 2802 et
1722 2769 1768 2802 ut
1785 2761 1884 2814 filia

198 2842 287 2874 ‘mea
325 2845 491 2877 *vocetur
528 2831 731 2879 ΤῘΞαἸ’8ῑά·;
766 2842 957 2887 preterea
997 2836 1141 2875 uxoris
1181 2849 1264 2875 mee
1300 2835 1500 2875 nutricem
1530 2833 1773 2888 Diqozidem
1808 2847 1882 2874 no-

197 2907 305 2945 mine
351 2922 495 2948 (furam
532 2915 598 2948 tue
631 2905 771 2959 puelle
812 2906 1016 2946 custodire
1053 2906 1156 2946 volo.
1211 2905 1299 2946 Hec
1340 2906 1478 2945 dicens
1515 2904 1693 2945 tradidit
1732 2903 1883 2946 Stran-

127 2981 173 3014 40
194 2977 377 3031 quilioni
410 2978 637 3033 infantem,
681 2978 872 3030 deditque
911 2992 1084 3029 aurum,
1125 2984 1343 3032 arqentum
1380 2983 1418 3016 et
1454 2982 1579 3016 vestes
1617 2976 1808 3030 copiosas
1846 2980 1884 3016 et
