<?xml version="1.0" encoding="UTF-8"?>
<!DOCTYPE html PUBLIC "-//W3C//DTD XHTML 1.0 Transitional//EN"
    "http://www.w3.org/TR/xhtml1/DTD/xhtml1-transitional.dtd">
<html xmlns="http://www.w3.org/1999/xhtml" xml:lang="en" lang="en">
 <head>
  <title>
</title>
<meta http-equiv="Content-Type" content="text/html;charset=utf-8" />
  <meta name='ocr-system' content='tesseract 3.04.00' />
  <meta name='ocr-capabilities' content='ocr_page ocr_carea ocr_par ocr_line ocrx_word'/>
</head>
<body>
  <div class='ocr_page' id='page_1' title='image "./gestaromanorum00oestuoft_0123.png"; bbox 0 0 1929 3157; ppageno 0'>
   <div class='ocr_carea' id='block_1_1' title="bbox 872 83 954 124">
    <p class='ocr_par' dir='ltr' id='par_1_1' title="bbox 872 83 954 124">
     <span class='ocr_line' id='line_1_1' title="bbox 872 83 954 124; baseline -0.024 0"><span class='ocrx_word' id='word_1_1' title='bbox 872 83 954 124; x_wconf 74' lang='lat'>105</span> 
     </span>
    </p>
   </div>
   <div class='ocr_carea' id='block_1_2' title="bbox 74 186 1769 2152">
    <p class='ocr_par' dir='ltr' id='par_1_2' title="bbox 74 186 1769 2152">
     <span class='ocr_line' id='line_1_2' title="bbox 96 186 1755 243; baseline -0.005 -9"><span class='ocrx_word' id='word_1_2' title='bbox 96 193 135 234; x_wconf 87' lang='lat'>3.</span> <span class='ocrx_word' id='word_1_3' title='bbox 186 191 326 233; x_wconf 82' lang='lat' dir='ltr'><strong>Refert</strong></span> <span class='ocrx_word' id='word_1_4' title='bbox 365 190 568 243; x_wconf 82' lang='lat' dir='ltr'>agellinus</span> <span class='ocrx_word' id='word_1_5' title='bbox 605 189 655 231; x_wconf 90' lang='lat' dir='ltr'>de</span> <span class='ocrx_word' id='word_1_6' title='bbox 689 190 829 231; x_wconf 87' lang='lat' dir='ltr'>arione</span> <span class='ocrx_word' id='word_1_7' title='bbox 863 189 931 243; x_wconf 87' lang='lat' dir='ltr'>qui</span> <span class='ocrx_word' id='word_1_8' title='bbox 965 202 1055 230; x_wconf 86' lang='grc'><strong>011111</strong></span> <span class='ocrx_word' id='word_1_9' title='bbox 1090 187 1320 229; x_wconf 83' lang='lat' dir='ltr'>ditissimus</span> <span class='ocrx_word' id='word_1_10' title='bbox 1354 190 1462 228; x_wconf 80' lang='lat' dir='ltr'>esset</span> <span class='ocrx_word' id='word_1_11' title='bbox 1494 191 1534 229; x_wconf 89' lang='lat' dir='ltr'>et</span> <span class='ocrx_word' id='word_1_12' title='bbox 1565 186 1755 228; x_wconf 85' lang='lat' dir='ltr'>transire.</span> 
     </span>
     <span class='ocr_line' id='line_1_3' title="bbox 183 261 605 306; baseline -0.009 -1"><span class='ocrx_word' id='word_1_13' title='bbox 183 262 365 306; x_wconf 70' lang='lat' dir='ltr'>(Arion.)</span> <span class='ocrx_word' id='word_1_14' title='bbox 414 261 483 302; x_wconf 87' lang='lat' dir='ltr'>lat.</span> <span class='ocrx_word' id='word_1_15' title='bbox 513 261 605 302; x_wconf 68' lang='lat'>148.</span> 
     </span>
     <span class='ocr_line' id='line_1_4' title="bbox 96 326 1758 386; baseline -0.005 -11"><span class='ocrx_word' id='word_1_16' title='bbox 96 334 136 375; x_wconf 80' lang='grc'>4.</span> <span class='ocrx_word' id='word_1_17' title='bbox 186 333 247 375; x_wconf 92' lang='lat' dir='ltr'>De</span> <span class='ocrx_word' id='word_1_18' title='bbox 291 332 468 386; x_wconf 86' lang='lat' dir='ltr'>quodam</span> <span class='ocrx_word' id='word_1_19' title='bbox 503 344 623 384; x_wconf 82' lang='lat' dir='ltr'>mago</span> <span class='ocrx_word' id='word_1_20' title='bbox 658 334 850 372; x_wconf 77' lang='lat' dir='ltr'>narratur</span> <span class='ocrx_word' id='word_1_21' title='bbox 884 331 951 384; x_wconf 86' lang='lat' dir='ltr'>qui</span> <span class='ocrx_word' id='word_1_22' title='bbox 985 329 1129 371; x_wconf 80' lang='lat' dir='ltr'>habuit</span> <span class='ocrx_word' id='word_1_23' title='bbox 1161 328 1363 382; x_wconf 80' lang='lat' dir='ltr'>quendam</span> <span class='ocrx_word' id='word_1_24' title='bbox 1399 333 1534 370; x_wconf 91' lang='lat' dir='ltr'>ortum</span> <span class='ocrx_word' id='word_1_25' title='bbox 1569 326 1758 382; x_wconf 76' lang='lat' dir='ltr'>pulcher-</span> 
     </span>
     <span class='ocr_line' id='line_1_5' title="bbox 184 400 1134 454; baseline -0.005 -9"><span class='ocrx_word' id='word_1_26' title='bbox 184 404 348 445; x_wconf 88' lang='lat' dir='ltr'>rimum.</span> <span class='ocrx_word' id='word_1_27' title='bbox 397 401 570 449; x_wconf 86' lang='lat' dir='ltr'>(Garten</span> <span class='ocrx_word' id='word_1_28' title='bbox 605 402 676 443; x_wconf 84' lang='lat' dir='ltr'>des</span> <span class='ocrx_word' id='word_1_29' title='bbox 709 402 921 454; x_wconf 67' lang='lat' dir='ltr'>magici-s.)</span> <span class='ocrx_word' id='word_1_30' title='bbox 971 400 1041 442; x_wconf 82' lang='lat' dir='ltr'>lat.</span> <span class='ocrx_word' id='word_1_31' title='bbox 1066 401 1134 441; x_wconf 65' lang='lat'>⁴24.</span> 
     </span>
     <span class='ocr_line' id='line_1_6' title="bbox 97 469 1757 525; baseline -0.004 -10"><span class='ocrx_word' id='word_1_32' title='bbox 97 475 136 516; x_wconf 73' lang='grc' dir='ltr'><strong>ἴ).</strong></span> <span class='ocrx_word' id='word_1_33' title='bbox 186 473 368 524; x_wconf 88' lang='lat' dir='ltr'>Quedam</span> <span class='ocrx_word' id='word_1_34' title='bbox 418 473 586 514; x_wconf 87' lang='lat' dir='ltr'>domina</span> <span class='ocrx_word' id='word_1_35' title='bbox 634 472 784 513; x_wconf 82' lang='lat' dir='ltr'>nobilis</span> <span class='ocrx_word' id='word_1_36' title='bbox 832 476 919 513; x_wconf 86' lang='lat' dir='ltr'>erat</span> <span class='ocrx_word' id='word_1_37' title='bbox 967 485 1044 525; x_wconf 77' lang='lat' dir='ltr'>que</span> <span class='ocrx_word' id='word_1_38' title='bbox 1091 470 1331 525; x_wconf 73' lang='lat' dir='ltr'>paciebatur</span> <span class='ocrx_word' id='word_1_39' title='bbox 1377 469 1528 511; x_wconf 86' lang='lat' dir='ltr'>multas</span> <span class='ocrx_word' id='word_1_40' title='bbox 1571 469 1757 521; x_wconf 88' lang='lat' dir='ltr'>injurias.</span> 
     </span>
     <span class='ocr_line' id='line_1_7' title="bbox 184 542 838 599; baseline -0.005 -13"><span class='ocrx_word' id='word_1_41' title='bbox 184 543 304 599; x_wconf 76' lang='lat' dir='ltr'>(stab</span> <span class='ocrx_word' id='word_1_42' title='bbox 336 543 419 585; x_wconf 89' lang='lat' dir='ltr'>und</span> <span class='ocrx_word' id='word_1_43' title='bbox 454 543 627 585; x_wconf 81' lang='lat' dir='ltr'>tasche.)</span> <span class='ocrx_word' id='word_1_44' title='bbox 674 542 744 584; x_wconf 86' lang='lat' dir='ltr'>lat.</span> <span class='ocrx_word' id='word_1_45' title='bbox 771 543 838 584; x_wconf 64' lang='grc' dir='ltr'><strong>Ξῖ).</strong></span> 
     </span>
     <span class='ocr_line' id='line_1_8' title="bbox 98 610 1758 669; baseline -0.004 -13"><span class='ocrx_word' id='word_1_46' title='bbox 98 616 135 656; x_wconf 76' lang='lat' dir='ltr'>G.</span> <span class='ocrx_word' id='word_1_47' title='bbox 185 614 247 656; x_wconf 91' lang='lat' dir='ltr'>De</span> <span class='ocrx_word' id='word_1_48' title='bbox 278 615 455 669; x_wconf 89' lang='lat' dir='ltr'>quodam</span> <span class='ocrx_word' id='word_1_49' title='bbox 489 614 741 668; x_wconf 79' lang='lat' dir='ltr'>imperatore</span> <span class='ocrx_word' id='word_1_50' title='bbox 765 617 958 654; x_wconf 80' lang='lat' dir='ltr'>narratur</span> <span class='ocrx_word' id='word_1_51' title='bbox 981 613 1048 666; x_wconf 91' lang='lat' dir='ltr'>qui</span> <span class='ocrx_word' id='word_1_52' title='bbox 1072 611 1197 653; x_wconf 81' lang='lat' dir='ltr'>tiliam</span> <span class='ocrx_word' id='word_1_53' title='bbox 1223 611 1543 667; x_wconf 73' lang='lat' dir='ltr'>pulcherrimam</span> <span class='ocrx_word' id='word_1_54' title='bbox 1568 610 1758 651; x_wconf 85' lang='lat' dir='ltr'>habebat.</span> 
     </span>
     <span class='ocr_line' id='line_1_9' title="bbox 185 683 1076 738; baseline -0.004 -11"><span class='ocrx_word' id='word_1_55' title='bbox 185 684 526 738; x_wconf 80' lang='lat' dir='ltr'>(Kaisertochter,</span> <span class='ocrx_word' id='word_1_56' title='bbox 560 683 807 728; x_wconf 65' lang='lat' dir='ltr'>seneschal.)</span> <span class='ocrx_word' id='word_1_57' title='bbox 854 697 982 736; x_wconf 79' lang='lat' dir='ltr'>germ.</span> <span class='ocrx_word' id='word_1_58' title='bbox 1011 685 1076 724; x_wconf 89' lang='lat'>11.</span> 
     </span>
     <span class='ocr_line' id='line_1_10' title="bbox 105 751 1758 808; baseline -0.004 -10"><span class='ocrx_word' id='word_1_59' title='bbox 105 773 136 798; x_wconf 73' lang='grc' dir='ltr'><strong>ι.</strong></span> <span class='ocrx_word' id='word_1_60' title='bbox 187 755 314 798; x_wconf 87' lang='lat' dir='ltr'>Gesta</span> <span class='ocrx_word' id='word_1_61' title='bbox 342 768 622 797; x_wconf 88' lang='lat' dir='ltr'>romanorum.</span> <span class='ocrx_word' id='word_1_62' title='bbox 672 754 846 805; x_wconf 79' lang='lat' dir='ltr'>Quidam</span> <span class='ocrx_word' id='word_1_63' title='bbox 872 754 990 795; x_wconf 87' lang='lat' dir='ltr'>miles</span> <span class='ocrx_word' id='word_1_64' title='bbox 1014 757 1103 795; x_wconf 90' lang='lat' dir='ltr'>erat</span> <span class='ocrx_word' id='word_1_65' title='bbox 1126 753 1195 808; x_wconf 88' lang='lat' dir='ltr'>qui</span> <span class='ocrx_word' id='word_1_66' title='bbox 1218 756 1397 794; x_wconf 78' lang='lat' dir='ltr'>castrum</span> <span class='ocrx_word' id='word_1_67' title='bbox 1424 751 1758 807; x_wconf 78' lang='lat' dir='ltr'>pulcherrimum.</span> 
     </span>
     <span class='ocr_line' id='line_1_11' title="bbox 185 824 642 881; baseline -0.013 -9"><span class='ocrx_word' id='word_1_68' title='bbox 185 824 432 881; x_wconf 2' lang='lat' dir='ltr'>(pStorchin.)</span> <span class='ocrx_word' id='word_1_69' title='bbox 477 825 548 866; x_wconf 87' lang='lat' dir='ltr'>lat.</span> <span class='ocrx_word' id='word_1_70' title='bbox 575 825 642 866; x_wconf 71' lang='lat'>82.</span> 
     </span>
     <span class='ocr_line' id='line_1_12' title="bbox 99 892 1759 951; baseline -0.002 -15"><span class='ocrx_word' id='word_1_71' title='bbox 99 899 138 939; x_wconf 71' lang='lat'>8.</span> <span class='ocrx_word' id='word_1_72' title='bbox 187 897 249 939; x_wconf 90' lang='lat' dir='ltr'>De</span> <span class='ocrx_word' id='word_1_73' title='bbox 289 896 465 951; x_wconf 86' lang='lat' dir='ltr'>quodam</span> <span class='ocrx_word' id='word_1_74' title='bbox 510 896 698 951; x_wconf 81' lang='lat' dir='ltr'>principe</span> <span class='ocrx_word' id='word_1_75' title='bbox 737 899 931 936; x_wconf 87' lang='lat' dir='ltr'>narratur</span> <span class='ocrx_word' id='word_1_76' title='bbox 973 895 1081 949; x_wconf 88' lang='lat' dir='ltr'>quod</span> <span class='ocrx_word' id='word_1_77' title='bbox 1122 908 1213 935; x_wconf 80' lang='lat' dir='ltr'>cum</span> <span class='ocrx_word' id='word_1_78' title='bbox 1249 893 1438 935; x_wconf 86' lang='lat' dir='ltr'>omnibus</span> <span class='ocrx_word' id='word_1_79' title='bbox 1472 892 1629 934; x_wconf 83' lang='lat' dir='ltr'>viribus</span> <span class='ocrx_word' id='word_1_80' title='bbox 1663 893 1759 934; x_wconf 90' lang='lat' dir='ltr'>suis.</span> 
     </span>
     <span class='ocr_line' id='line_1_13' title="bbox 187 966 792 1022; baseline -0.003 -13"><span class='ocrx_word' id='word_1_81' title='bbox 187 967 324 1022; x_wconf 82' lang='lat' dir='ltr'>(Wein</span> <span class='ocrx_word' id='word_1_82' title='bbox 358 966 582 1020; x_wconf 65' lang='lat' dir='ltr'>vergiftet.)</span> <span class='ocrx_word' id='word_1_83' title='bbox 627 966 698 1008; x_wconf 84' lang='lat' dir='ltr'>lat.</span> <span class='ocrx_word' id='word_1_84' title='bbox 725 966 792 1007; x_wconf 48' lang='lat'>85³.</span> 
     </span>
     <span class='ocr_line' id='line_1_14' title="bbox 99 1034 1760 1091; baseline -0.002 -12"><span class='ocrx_word' id='word_1_85' title='bbox 99 1041 138 1080; x_wconf 73' lang='lat'>9.</span> <span class='ocrx_word' id='word_1_86' title='bbox 187 1038 384 1091; x_wconf 85' lang='lat' dir='ltr'>Legimus</span> <span class='ocrx_word' id='word_1_87' title='bbox 424 1038 532 1091; x_wconf 88' lang='lat' dir='ltr'>quod</span> <span class='ocrx_word' id='word_1_88' title='bbox 573 1051 661 1078; x_wconf 89' lang='lat' dir='ltr'>mos</span> <span class='ocrx_word' id='word_1_89' title='bbox 697 1041 786 1078; x_wconf 83' lang='lat' dir='ltr'>erat</span> <span class='ocrx_word' id='word_1_90' title='bbox 817 1050 1096 1078; x_wconf 84' lang='lat' dir='ltr'>romanorum.</span> <span class='ocrx_word' id='word_1_91' title='bbox 1153 1035 1253 1077; x_wconf 89' lang='lat' dir='ltr'>Cum</span> <span class='ocrx_word' id='word_1_92' title='bbox 1289 1038 1468 1076; x_wconf 79' lang='lat' dir='ltr'>castrum</span> <span class='ocrx_word' id='word_1_93' title='bbox 1504 1034 1567 1075; x_wconf 81' lang='lat' dir='ltr'>vel</span> <span class='ocrx_word' id='word_1_94' title='bbox 1601 1034 1760 1075; x_wconf 81' lang='lat' dir='ltr'>civitas.</span> 
     </span>
     <span class='ocr_line' id='line_1_15' title="bbox 189 1106 582 1163; baseline -0.01 -10"><span class='ocrx_word' id='word_1_95' title='bbox 189 1106 372 1163; x_wconf 64' lang='lat' dir='ltr'>(Kerze.)</span> <span class='ocrx_word' id='word_1_96' title='bbox 418 1107 490 1150; x_wconf 80' lang='lat' dir='ltr'>lat.</span> <span class='ocrx_word' id='word_1_97' title='bbox 515 1109 582 1149; x_wconf 58' lang='lat'>99.</span> 
     </span>
     <span class='ocr_line' id='line_1_16' title="bbox 74 1174 1764 1234; baseline -0.003 -12"><span class='ocrx_word' id='word_1_98' title='bbox 74 1182 139 1222; x_wconf 83' lang='lat'>10.</span> <span class='ocrx_word' id='word_1_99' title='bbox 188 1180 293 1222; x_wconf 90' lang='lat' dir='ltr'>Erat</span> <span class='ocrx_word' id='word_1_100' title='bbox 324 1178 493 1234; x_wconf 84' lang='lat' dir='ltr'>quidam</span> <span class='ocrx_word' id='word_1_101' title='bbox 527 1178 758 1234; x_wconf 80' lang='lat' dir='ltr'>Imperator</span> <span class='ocrx_word' id='word_1_102' title='bbox 791 1178 860 1232; x_wconf 88' lang='lat' dir='ltr'>qui</span> <span class='ocrx_word' id='word_1_103' title='bbox 894 1177 1101 1232; x_wconf 82' lang='lat' dir='ltr'>quandam</span> <span class='ocrx_word' id='word_1_104' title='bbox 1125 1177 1323 1218; x_wconf 83' lang='lat' dir='ltr'>forestam</span> <span class='ocrx_word' id='word_1_105' title='bbox 1347 1176 1537 1218; x_wconf 84' lang='lat' dir='ltr'>habebat.</span> <span class='ocrx_word' id='word_1_106' title='bbox 1587 1174 1764 1222; x_wconf 80' lang='lat' dir='ltr'>(Nackte</span> 
     </span>
     <span class='ocr_line' id='line_1_17' title="bbox 183 1247 711 1304; baseline -0.004 -12"><span class='ocrx_word' id='word_1_107' title='bbox 183 1247 469 1304; x_wconf 45' lang='lat' dir='ltr'>jungfrauen.)</span> <span class='ocrx_word' id='word_1_108' title='bbox 516 1249 587 1291; x_wconf 82' lang='lat' dir='ltr'>lat.</span> <span class='ocrx_word' id='word_1_109' title='bbox 616 1250 711 1290; x_wconf 67' lang='lat'>115.</span> 
     </span>
     <span class='ocr_line' id='line_1_18' title="bbox 76 1317 1765 1375; baseline -0.003 -12"><span class='ocrx_word' id='word_1_110' title='bbox 76 1324 155 1363; x_wconf 57' lang='lat'>11„</span> <span class='ocrx_word' id='word_1_111' title='bbox 190 1321 277 1363; x_wconf 79' lang='lat' dir='ltr'>Rex</span> <span class='ocrx_word' id='word_1_112' title='bbox 319 1321 484 1375; x_wconf 85' lang='lat' dir='ltr'>quidam</span> <span class='ocrx_word' id='word_1_113' title='bbox 528 1324 617 1362; x_wconf 88' lang='lat' dir='ltr'>erat</span> <span class='ocrx_word' id='word_1_114' title='bbox 656 1320 723 1373; x_wconf 89' lang='lat' dir='ltr'>qui</span> <span class='ocrx_word' id='word_1_115' title='bbox 759 1320 905 1361; x_wconf 83' lang='lat' dir='ltr'>statuit</span> <span class='ocrx_word' id='word_1_116' title='bbox 938 1318 1045 1372; x_wconf 87' lang='lat' dir='ltr'>quod</span> <span class='ocrx_word' id='word_1_117' title='bbox 1079 1318 1313 1373; x_wconf 76' lang='lat' dir='ltr'>quicunque</span> <span class='ocrx_word' id='word_1_118' title='bbox 1346 1317 1588 1359; x_wconf 76' lang='lat' dir='ltr'>maiefactor</span> <span class='ocrx_word' id='word_1_119' title='bbox 1621 1321 1765 1372; x_wconf 88' lang='lat' dir='ltr'>captus</span> 
     </span>
     <span class='ocr_line' id='line_1_19' title="bbox 191 1387 1137 1443; baseline -0.005 -9"><span class='ocrx_word' id='word_1_120' title='bbox 191 1395 311 1434; x_wconf 88' lang='lat' dir='ltr'>esset.</span> <span class='ocrx_word' id='word_1_121' title='bbox 360 1391 478 1435; x_wconf 87' lang='lat' dir='ltr'>(Drei</span> <span class='ocrx_word' id='word_1_122' title='bbox 512 1390 783 1443; x_wconf 75' lang='lat' dir='ltr'>wahrheiten,</span> <span class='ocrx_word' id='word_1_123' title='bbox 816 1387 926 1443; x_wconf 83' lang='lat' dir='ltr'>frei.)</span> <span class='ocrx_word' id='word_1_124' title='bbox 973 1389 1044 1430; x_wconf 90' lang='lat' dir='ltr'>lat.</span> <span class='ocrx_word' id='word_1_125' title='bbox 1069 1390 1137 1430; x_wconf 76' lang='lat'>58.</span> 
     </span>
     <span class='ocr_line' id='line_1_20' title="bbox 75 1459 1764 1516; baseline -0.004 -11"><span class='ocrx_word' id='word_1_126' title='bbox 75 1464 140 1505; x_wconf 81' lang='lat'>12.</span> <span class='ocrx_word' id='word_1_127' title='bbox 189 1462 292 1504; x_wconf 84' lang='lat' dir='ltr'>Erat</span> <span class='ocrx_word' id='word_1_128' title='bbox 325 1462 491 1516; x_wconf 87' lang='lat' dir='ltr'>quidam</span> <span class='ocrx_word' id='word_1_129' title='bbox 525 1475 597 1503; x_wconf 80' lang='lat' dir='ltr'>rex</span> <span class='ocrx_word' id='word_1_130' title='bbox 632 1462 700 1516; x_wconf 85' lang='lat' dir='ltr'>qui</span> <span class='ocrx_word' id='word_1_131' title='bbox 735 1461 836 1503; x_wconf 89' lang='lat' dir='ltr'>duas</span> <span class='ocrx_word' id='word_1_132' title='bbox 868 1460 975 1502; x_wconf 84' lang='lat' dir='ltr'>filias</span> <span class='ocrx_word' id='word_1_133' title='bbox 1008 1459 1204 1513; x_wconf 73' lang='lat' dir='ltr'>habebat,</span> <span class='ocrx_word' id='word_1_134' title='bbox 1239 1473 1318 1500; x_wconf 83' lang='lat' dir='ltr'>una</span> <span class='ocrx_word' id='word_1_135' title='bbox 1352 1462 1441 1500; x_wconf 80' lang='lat' dir='ltr'>erat</span> <span class='ocrx_word' id='word_1_136' title='bbox 1472 1459 1764 1514; x_wconf 86' lang='lat' dir='ltr'>pulcherrima.</span> 
     </span>
     <span class='ocr_line' id='line_1_21' title="bbox 191 1531 915 1587; baseline -0.004 -12"><span class='ocrx_word' id='word_1_137' title='bbox 191 1532 346 1587; x_wconf 69' lang='grc'><strong>(50111111</strong></span> <span class='ocrx_word' id='word_1_138' title='bbox 380 1533 463 1574; x_wconf 89' lang='lat' dir='ltr'>und</span> <span class='ocrx_word' id='word_1_139' title='bbox 497 1531 704 1587; x_wconf 69' lang='lat' dir='ltr'>hassiich.)</span> <span class='ocrx_word' id='word_1_140' title='bbox 751 1532 821 1573; x_wconf 88' lang='lat' dir='ltr'>lat.</span> <span class='ocrx_word' id='word_1_141' title='bbox 848 1532 915 1572; x_wconf 73' lang='lat'>77.</span> 
     </span>
     <span class='ocr_line' id='line_1_22' title="bbox 76 1601 1764 1658; baseline -0.002 -12"><span class='ocrx_word' id='word_1_142' title='bbox 76 1606 142 1646; x_wconf 77' lang='lat'>13.</span> <span class='ocrx_word' id='word_1_143' title='bbox 191 1604 278 1646; x_wconf 84' lang='lat' dir='ltr'>Rex</span> <span class='ocrx_word' id='word_1_144' title='bbox 323 1603 489 1658; x_wconf 82' lang='lat' dir='ltr'>quidam</span> <span class='ocrx_word' id='word_1_145' title='bbox 531 1603 629 1645; x_wconf 85' lang='lat' dir='ltr'>fecit</span> <span class='ocrx_word' id='word_1_146' title='bbox 669 1617 743 1658; x_wconf 89' lang='lat' dir='ltr'>per</span> <span class='ocrx_word' id='word_1_147' title='bbox 783 1606 914 1644; x_wconf 88' lang='lat' dir='ltr'>totum</span> <span class='ocrx_word' id='word_1_148' title='bbox 958 1615 1128 1655; x_wconf 81' lang='lat' dir='ltr'>regnum</span> <span class='ocrx_word' id='word_1_149' title='bbox 1172 1601 1421 1656; x_wconf 85' lang='lat' dir='ltr'>proclamari</span> <span class='ocrx_word' id='word_1_150' title='bbox 1463 1601 1570 1654; x_wconf 88' lang='lat' dir='ltr'>quod</span> <span class='ocrx_word' id='word_1_151' title='bbox 1611 1614 1764 1643; x_wconf 86' lang='lat' dir='ltr'>omnes.</span> 
     </span>
     <span class='ocr_line' id='line_1_23' title="bbox 190 1671 1114 1729; baseline -0.004 -12"><span class='ocrx_word' id='word_1_152' title='bbox 190 1675 301 1729; x_wconf 86' lang='lat' dir='ltr'>(Den</span> <span class='ocrx_word' id='word_1_153' title='bbox 335 1687 475 1716; x_wconf 88' lang='lat' dir='ltr'>armen</span> <span class='ocrx_word' id='word_1_154' title='bbox 511 1674 576 1716; x_wconf 87' lang='lat' dir='ltr'>die</span> <span class='ocrx_word' id='word_1_155' title='bbox 608 1671 874 1726; x_wconf 67' lang='lat' dir='ltr'>herrschaft..)</span> <span class='ocrx_word' id='word_1_156' title='bbox 920 1673 990 1714; x_wconf 86' lang='lat' dir='ltr'>lat.</span> <span class='ocrx_word' id='word_1_157' title='bbox 1019 1674 1114 1713; x_wconf 76' lang='lat'>131.</span> 
     </span>
     <span class='ocr_line' id='line_1_24' title="bbox 77 1742 1766 1799; baseline -0.002 -11"><span class='ocrx_word' id='word_1_158' title='bbox 77 1747 144 1788; x_wconf 82' lang='lat'>14.</span> <span class='ocrx_word' id='word_1_159' title='bbox 192 1745 335 1787; x_wconf 83' lang='lat' dir='ltr'>Refert</span> <span class='ocrx_word' id='word_1_160' title='bbox 381 1744 561 1786; x_wconf 85' lang='lat' dir='ltr'>valerius</span> <span class='ocrx_word' id='word_1_161' title='bbox 609 1745 718 1799; x_wconf 85' lang='lat' dir='ltr'>quod</span> <span class='ocrx_word' id='word_1_162' title='bbox 764 1745 886 1786; x_wconf 85' lang='lat' dir='ltr'>homo</span> <span class='ocrx_word' id='word_1_163' title='bbox 927 1748 1016 1786; x_wconf 90' lang='lat' dir='ltr'>erat</span> <span class='ocrx_word' id='word_1_164' title='bbox 1054 1743 1222 1785; x_wconf 87' lang='lat' dir='ltr'>nomine</span> <span class='ocrx_word' id='word_1_165' title='bbox 1261 1742 1466 1798; x_wconf 87' lang='lat' dir='ltr'>pothenus</span> <span class='ocrx_word' id='word_1_166' title='bbox 1506 1742 1608 1784; x_wconf 88' lang='lat' dir='ltr'>flens</span> <span class='ocrx_word' id='word_1_167' title='bbox 1649 1743 1766 1784; x_wconf 78' lang='lat' dir='ltr'>dixit.</span> 
     </span>
     <span class='ocr_line' id='line_1_25' title="bbox 191 1814 727 1870; baseline -0.002 -12"><span class='ocrx_word' id='word_1_168' title='bbox 191 1814 516 1870; x_wconf 72' lang='lat' dir='ltr'>(Hangebaum.)</span> <span class='ocrx_word' id='word_1_169' title='bbox 562 1816 633 1857; x_wconf 87' lang='lat' dir='ltr'>lat.</span> <span class='ocrx_word' id='word_1_170' title='bbox 659 1816 727 1857; x_wconf 73' lang='lat'>33.</span> 
     </span>
     <span class='ocr_line' id='line_1_26' title="bbox 79 1882 1769 1941; baseline -0.004 -11"><span class='ocrx_word' id='word_1_171' title='bbox 79 1889 145 1929; x_wconf 77' lang='grc'>10.</span> <span class='ocrx_word' id='word_1_172' title='bbox 191 1886 363 1941; x_wconf 83' lang='lat' dir='ltr'>Legitur</span> <span class='ocrx_word' id='word_1_173' title='bbox 393 1887 437 1928; x_wconf 90' lang='lat' dir='ltr'>in</span> <span class='ocrx_word' id='word_1_174' title='bbox 469 1887 596 1940; x_wconf 86' lang='lat' dir='ltr'>gestis</span> <span class='ocrx_word' id='word_1_175' title='bbox 629 1899 896 1928; x_wconf 87' lang='lat' dir='ltr'>romanorum</span> <span class='ocrx_word' id='word_1_176' title='bbox 932 1885 1038 1939; x_wconf 87' lang='lat' dir='ltr'>quod</span> <span class='ocrx_word' id='word_1_177' title='bbox 1073 1884 1168 1926; x_wconf 85' lang='lat' dir='ltr'>talis</span> <span class='ocrx_word' id='word_1_178' title='bbox 1203 1887 1292 1926; x_wconf 86' lang='lat' dir='ltr'>erat</span> <span class='ocrx_word' id='word_1_179' title='bbox 1322 1884 1588 1926; x_wconf 84' lang='lat' dir='ltr'>consuetudo.</span> <span class='ocrx_word' id='word_1_180' title='bbox 1637 1882 1769 1938; x_wconf 78' lang='lat' dir='ltr'>(Frie-</span> 
     </span>
     <span class='ocr_line' id='line_1_27' title="bbox 195 1956 668 2012; baseline -0.004 -12"><span class='ocrx_word' id='word_1_181' title='bbox 195 1956 459 2012; x_wconf 77' lang='lat' dir='ltr'>denslamm.)</span> <span class='ocrx_word' id='word_1_182' title='bbox 505 1957 575 1999; x_wconf 89' lang='lat' dir='ltr'>lat.</span> <span class='ocrx_word' id='word_1_183' title='bbox 600 1957 668 1999; x_wconf 74' lang='lat'>35.</span> 
     </span>
     <span class='ocr_line' id='line_1_28' title="bbox 79 2026 1769 2083; baseline -0.003 -11"><span class='ocrx_word' id='word_1_184' title='bbox 79 2030 145 2072; x_wconf 89' lang='grc'>16.</span> <span class='ocrx_word' id='word_1_185' title='bbox 194 2030 281 2072; x_wconf 85' lang='lat' dir='ltr'>Rex</span> <span class='ocrx_word' id='word_1_186' title='bbox 327 2029 494 2083; x_wconf 89' lang='lat' dir='ltr'>quidam</span> <span class='ocrx_word' id='word_1_187' title='bbox 536 2033 625 2070; x_wconf 90' lang='lat' dir='ltr'>erat</span> <span class='ocrx_word' id='word_1_188' title='bbox 664 2028 733 2081; x_wconf 77' lang='lat' dir='ltr'>qui</span> <span class='ocrx_word' id='word_1_189' title='bbox 772 2040 966 2080; x_wconf 85' lang='lat' dir='ltr'>magnum</span> <span class='ocrx_word' id='word_1_190' title='bbox 1008 2026 1244 2068; x_wconf 79' lang='lat' dir='ltr'>convivium</span> <span class='ocrx_word' id='word_1_191' title='bbox 1284 2026 1439 2068; x_wconf 85' lang='lat' dir='ltr'>fecerat</span> <span class='ocrx_word' id='word_1_192' title='bbox 1479 2029 1519 2068; x_wconf 90' lang='lat' dir='ltr'>et</span> <span class='ocrx_word' id='word_1_193' title='bbox 1560 2038 1769 2080; x_wconf 87' lang='lat' dir='ltr'>precones.</span> 
     </span>
     <span class='ocr_line' id='line_1_29' title="bbox 196 2096 1336 2152; baseline -0.004 -10"><span class='ocrx_word' id='word_1_194' title='bbox 196 2100 356 2142; x_wconf 88' lang='lat' dir='ltr'>Unten:</span> <span class='ocrx_word' id='word_1_195' title='bbox 391 2107 533 2142; x_wconf 43' lang='lat' dir='ltr'>Amen..</span> <span class='ocrx_word' id='word_1_196' title='bbox 583 2098 781 2152; x_wconf 88' lang='lat' dir='ltr'>(Lahmer</span> <span class='ocrx_word' id='word_1_197' title='bbox 813 2098 896 2139; x_wconf 90' lang='lat' dir='ltr'>und</span> <span class='ocrx_word' id='word_1_198' title='bbox 930 2096 1124 2149; x_wconf 78' lang='lat' dir='ltr'>blinder.)</span> <span class='ocrx_word' id='word_1_199' title='bbox 1169 2097 1241 2138; x_wconf 87' lang='lat' dir='ltr'>lat.</span> <span class='ocrx_word' id='word_1_200' title='bbox 1267 2097 1336 2138; x_wconf 80' lang='lat'>71.</span> 
     </span>
    </p>
   </div>
   <div class='ocr_carea' id='block_1_3' title="bbox 538 2282 1312 2400">
    <p class='ocr_par' dir='ltr' id='par_1_3' title="bbox 538 2282 1312 2400">
     <span class='ocr_line' id='line_1_30' title="bbox 538 2282 1312 2328; baseline -0.004 -8"><span class='ocrx_word' id='word_1_201' title='bbox 538 2285 665 2320; x_wconf 88' lang='lat' dir='ltr'>XXX.</span> <span class='ocrx_word' id='word_1_202' title='bbox 705 2283 796 2320; x_wconf 82' lang='lat' dir='ltr'>Cod.</span> <span class='ocrx_word' id='word_1_203' title='bbox 821 2283 1042 2319; x_wconf 77' lang='lat' dir='ltr'>confluent.</span> <span class='ocrx_word' id='word_1_204' title='bbox 1067 2283 1152 2328; x_wconf 84' lang='lat'>101,</span> <span class='ocrx_word' id='word_1_205' title='bbox 1177 2282 1312 2326; x_wconf 83' lang='lat' dir='ltr'>quart.</span> 
     </span>
     <span class='ocr_line' id='line_1_31' title="bbox 753 2354 1100 2400; baseline -0.003 -11"><span class='ocrx_word' id='word_1_206' title='bbox 753 2355 834 2390; x_wconf 93' lang='lat' dir='ltr'>XV.</span> <span class='ocrx_word' id='word_1_207' title='bbox 856 2354 908 2400; x_wconf 83' lang='lat' dir='ltr'>jh.</span> <span class='ocrx_word' id='word_1_208' title='bbox 951 2355 996 2388; x_wconf 80' lang='lat'>25</span> <span class='ocrx_word' id='word_1_209' title='bbox 1021 2364 1100 2398; x_wconf 82' lang='lat' dir='ltr'>cap.</span> 
     </span>
    </p>
   </div>
   <div class='ocr_carea' id='block_1_4' title="bbox 47 2448 1776 3001">
    <p class='ocr_par' dir='ltr' id='par_1_4' title="bbox 47 2448 1776 3001">
     <span class='ocr_line' id='line_1_32' title="bbox 198 2448 1774 2505; baseline -0.003 -11"><span class='ocrx_word' id='word_1_210' title='bbox 198 2451 260 2494; x_wconf 90' lang='lat' dir='ltr'>Bl.</span> <span class='ocrx_word' id='word_1_211' title='bbox 289 2453 466 2493; x_wconf 81' lang='lat' dir='ltr'>1——lOa</span> <span class='ocrx_word' id='word_1_212' title='bbox 498 2451 708 2493; x_wconf 85' lang='lat' dir='ltr'>enthalten</span> <span class='ocrx_word' id='word_1_213' title='bbox 742 2451 798 2492; x_wconf 77' lang='lat'>30</span> <span class='ocrx_word' id='word_1_214' title='bbox 828 2449 993 2505; x_wconf 79' lang='lat' dir='ltr'>capitel,</span> <span class='ocrx_word' id='word_1_215' title='bbox 1027 2463 1107 2491; x_wconf 85' lang='lat' dir='ltr'>von</span> <span class='ocrx_word' id='word_1_216' title='bbox 1140 2449 1273 2491; x_wconf 87' lang='lat' dir='ltr'>denen</span> <span class='ocrx_word' id='word_1_217' title='bbox 1306 2448 1443 2490; x_wconf 84' lang='lat' dir='ltr'>ausser</span> <span class='ocrx_word' id='word_1_218' title='bbox 1475 2448 1649 2501; x_wconf 83' lang='lat' dir='ltr'>einigem</span> <span class='ocrx_word' id='word_1_219' title='bbox 1685 2461 1774 2490; x_wconf 88' lang='lat' dir='ltr'>zer-</span> 
     </span>
     <span class='ocr_line' id='line_1_33' title="bbox 81 2519 1772 2572; baseline -0.004 -6"><span class='ocrx_word' id='word_1_220' title='bbox 81 2527 264 2566; x_wconf 88' lang='lat' dir='ltr'>streuten</span> <span class='ocrx_word' id='word_1_221' title='bbox 299 2537 377 2564; x_wconf 90' lang='lat' dir='ltr'>nur</span> <span class='ocrx_word' id='word_1_222' title='bbox 409 2523 474 2564; x_wconf 87' lang='lat' dir='ltr'>die</span> <span class='ocrx_word' id='word_1_223' title='bbox 508 2523 594 2563; x_wconf 87' lang='lat' dir='ltr'>vier</span> <span class='ocrx_word' id='word_1_224' title='bbox 625 2521 778 2563; x_wconf 86' lang='lat' dir='ltr'>letzten</span> <span class='ocrx_word' id='word_1_225' title='bbox 802 2521 1114 2562; x_wconf 85' lang='lat' dir='ltr'>unzweifelhaft</span> <span class='ocrx_word' id='word_1_226' title='bbox 1136 2521 1214 2562; x_wconf 90' lang='lat' dir='ltr'>den</span> <span class='ocrx_word' id='word_1_227' title='bbox 1239 2519 1286 2562; x_wconf 89' lang='lat' dir='ltr'>G.</span> <span class='ocrx_word' id='word_1_228' title='bbox 1305 2519 1351 2561; x_wconf 89' lang='lat' dir='ltr'>R.</span> <span class='ocrx_word' id='word_1_229' title='bbox 1377 2523 1642 2561; x_wconf 87' lang='lat' dir='ltr'>entnommen</span> <span class='ocrx_word' id='word_1_230' title='bbox 1666 2519 1772 2572; x_wconf 79' lang='lat' dir='ltr'>sind,</span> 
     </span>
     <span class='ocr_line' id='line_1_34' title="bbox 82 2589 1771 2637; baseline -0.004 -1"><span class='ocrx_word' id='word_1_231' title='bbox 82 2595 158 2637; x_wconf 87' lang='lat' dir='ltr'>wie</span> <span class='ocrx_word' id='word_1_232' title='bbox 183 2593 284 2636; x_wconf 82' lang='lat' dir='ltr'>auch</span> <span class='ocrx_word' id='word_1_233' title='bbox 307 2594 370 2635; x_wconf 88' lang='lat' dir='ltr'>bis</span> <span class='ocrx_word' id='word_1_234' title='bbox 394 2593 467 2635; x_wconf 87' lang='lat' dir='ltr'>auf</span> <span class='ocrx_word' id='word_1_235' title='bbox 485 2592 671 2635; x_wconf 87' lang='lat' dir='ltr'>einzelue</span> <span class='ocrx_word' id='word_1_236' title='bbox 694 2592 949 2633; x_wconf 84' lang='lat' dir='ltr'>ausnahmen</span> <span class='ocrx_word' id='word_1_237' title='bbox 972 2605 1050 2633; x_wconf 89' lang='lat' dir='ltr'>nur</span> <span class='ocrx_word' id='word_1_238' title='bbox 1073 2591 1185 2633; x_wconf 82' lang='lat' dir='ltr'>diese</span> <span class='ocrx_word' id='word_1_239' title='bbox 1208 2592 1299 2633; x_wconf 87' lang='lat' dir='ltr'>eine</span> <span class='ocrx_word' id='word_1_240' title='bbox 1321 2590 1606 2632; x_wconf 80' lang='lat' dir='ltr'>mei-alisation</span> <span class='ocrx_word' id='word_1_241' title='bbox 1625 2589 1771 2631; x_wconf 87' lang='lat' dir='ltr'>haben.</span> 
     </span>
     <span class='ocr_line' id='line_1_35' title="bbox 81 2661 1774 2718; baseline -0.002 -12"><span class='ocrx_word' id='word_1_242' title='bbox 81 2664 144 2707; x_wconf 90' lang='lat' dir='ltr'>Bl.</span> <span class='ocrx_word' id='word_1_243' title='bbox 166 2666 250 2706; x_wconf 67' lang='lat'>1012</span> <span class='ocrx_word' id='word_1_244' title='bbox 284 2664 356 2705; x_wconf 89' lang='lat' dir='ltr'>hat</span> <span class='ocrx_word' id='word_1_245' title='bbox 388 2664 513 2705; x_wconf 89' lang='lat' dir='ltr'>oben:</span> <span class='ocrx_word' id='word_1_246' title='bbox 554 2663 764 2717; x_wconf 79' lang='lat' dir='ltr'>Incipiunt</span> <span class='ocrx_word' id='word_1_247' title='bbox 802 2666 918 2715; x_wconf 84' lang='lat' dir='ltr'>gesta</span> <span class='ocrx_word' id='word_1_248' title='bbox 950 2663 1247 2718; x_wconf 87' lang='lat' dir='ltr'>imperatorum</span> <span class='ocrx_word' id='word_1_249' title='bbox 1281 2674 1545 2703; x_wconf 88' lang='lat' dir='ltr'>romanorum</span> <span class='ocrx_word' id='word_1_250' title='bbox 1580 2673 1671 2703; x_wconf 88' lang='lat' dir='ltr'>cum</span> <span class='ocrx_word' id='word_1_251' title='bbox 1705 2661 1774 2702; x_wconf 87' lang='lat' dir='ltr'>de-</span> 
     </span>
     <span class='ocr_line' id='line_1_36' title="bbox 83 2731 1775 2787; baseline -0.003 -10"><span class='ocrx_word' id='word_1_252' title='bbox 83 2734 383 2777; x_wconf 83' lang='lat' dir='ltr'>claraeiouibus</span> <span class='ocrx_word' id='word_1_253' title='bbox 425 2747 570 2776; x_wconf 83' lang='lat' dir='ltr'>senece</span> <span class='ocrx_word' id='word_1_254' title='bbox 609 2733 865 2786; x_wconf 84' lang='lat' dir='ltr'>moralogata</span> <span class='ocrx_word' id='word_1_255' title='bbox 904 2733 1189 2787; x_wconf 85' lang='lat' dir='ltr'>spiritualiter.</span> <span class='ocrx_word' id='word_1_256' title='bbox 1247 2733 1325 2774; x_wconf 89' lang='lat' dir='ltr'>Die</span> <span class='ocrx_word' id='word_1_257' title='bbox 1362 2731 1552 2785; x_wconf 85' lang='lat' dir='ltr'>folgende</span> <span class='ocrx_word' id='word_1_258' title='bbox 1584 2745 1775 2773; x_wconf 89' lang='lat' dir='ltr'>nummer</span> 
     </span>
     <span class='ocr_line' id='line_1_37' title="bbox 83 2802 1776 2861; baseline -0.002 -14"><span class='ocrx_word' id='word_1_259' title='bbox 83 2804 190 2861; x_wconf 87' lang='lat' dir='ltr'>(cap.</span> <span class='ocrx_word' id='word_1_260' title='bbox 212 2804 286 2860; x_wconf 76' lang='grc'>31)</span> <span class='ocrx_word' id='word_1_261' title='bbox 319 2805 489 2858; x_wconf 83' lang='lat' dir='ltr'>beginnt</span> <span class='ocrx_word' id='word_1_262' title='bbox 521 2805 611 2846; x_wconf 89' lang='lat' dir='ltr'>eine</span> <span class='ocrx_word' id='word_1_263' title='bbox 644 2817 747 2846; x_wconf 89' lang='lat' dir='ltr'>neue</span> <span class='ocrx_word' id='word_1_264' title='bbox 780 2803 960 2857; x_wconf 71' lang='lat' dir='ltr'>zahlung</span> <span class='ocrx_word' id='word_1_265' title='bbox 993 2817 1055 2845; x_wconf 87' lang='lat' dir='ltr'>am</span> <span class='ocrx_word' id='word_1_266' title='bbox 1080 2804 1222 2846; x_wconf 86' lang='lat' dir='ltr'>rande.</span> <span class='ocrx_word' id='word_1_267' title='bbox 1270 2803 1349 2845; x_wconf 91' lang='lat' dir='ltr'>Die</span> <span class='ocrx_word' id='word_1_268' title='bbox 1371 2816 1460 2858; x_wconf 86' lang='lat' dir='ltr'>cap.</span> <span class='ocrx_word' id='word_1_269' title='bbox 1481 2802 1676 2856; x_wconf 73' lang='lat'>31—55‚</span> <span class='ocrx_word' id='word_1_270' title='bbox 1708 2803 1776 2844; x_wconf 77' lang='lat' dir='ltr'>fiir</span> 
     </span>
     <span class='ocr_line' id='line_1_38' title="bbox 83 2872 1776 2930; baseline -0.002 -12"><span class='ocrx_word' id='word_1_271' title='bbox 83 2890 162 2918; x_wconf 91' lang='lat' dir='ltr'>uns</span> <span class='ocrx_word' id='word_1_272' title='bbox 197 2876 365 2930; x_wconf 79' lang='lat'>1—‘25‚</span> <span class='ocrx_word' id='word_1_273' title='bbox 408 2876 501 2917; x_wconf 87' lang='lat' dir='ltr'>sind</span> <span class='ocrx_word' id='word_1_274' title='bbox 536 2875 622 2917; x_wconf 86' lang='lat' dir='ltr'>also</span> <span class='ocrx_word' id='word_1_275' title='bbox 656 2875 770 2917; x_wconf 89' lang='lat' dir='ltr'>einer</span> <span class='ocrx_word' id='word_1_276' title='bbox 802 2875 1056 2917; x_wconf 89' lang='lat' dir='ltr'>besonderen</span> <span class='ocrx_word' id='word_1_277' title='bbox 1090 2874 1304 2916; x_wconf 87' lang='lat' dir='ltr'>recension</span> <span class='ocrx_word' id='word_1_278' title='bbox 1338 2874 1410 2915; x_wconf 90' lang='lat' dir='ltr'>der</span> <span class='ocrx_word' id='word_1_279' title='bbox 1442 2872 1489 2915; x_wconf 85' lang='lat' dir='ltr'>G.</span> <span class='ocrx_word' id='word_1_280' title='bbox 1513 2873 1560 2914; x_wconf 91' lang='lat' dir='ltr'>R.</span> <span class='ocrx_word' id='word_1_281' title='bbox 1588 2877 1776 2915; x_wconf 83' lang='grc'><strong>0111110111-</strong></span> 
     </span>
     <span class='ocr_line' id='line_1_39' title="bbox 47 2943 1774 3001; baseline -0.002 -12"><span class='ocrx_word' id='word_1_282' title='bbox 47 2943 50 2946; x_wconf 45' lang='lat'><strong>⁴</strong></span> <span class='ocrx_word' id='word_1_283' title='bbox 86 2960 196 3001; x_wconf 70' lang='lat' dir='ltr'>men,</span> <span class='ocrx_word' id='word_1_284' title='bbox 228 2946 310 2988; x_wconf 90' lang='lat' dir='ltr'>und</span> <span class='ocrx_word' id='word_1_285' title='bbox 344 2960 456 2988; x_wconf 88' lang='lat' dir='ltr'>zwar</span> <span class='ocrx_word' id='word_1_286' title='bbox 489 2946 615 3000; x_wconf 80' lang='lat' dir='ltr'>einer,</span> <span class='ocrx_word' id='word_1_287' title='bbox 649 2946 714 2988; x_wconf 87' lang='lat' dir='ltr'>die</span> <span class='ocrx_word' id='word_1_288' title='bbox 746 2946 801 2987; x_wconf 91' lang='lat' dir='ltr'>im</span> <span class='ocrx_word' id='word_1_289' title='bbox 837 2946 1012 2999; x_wconf 88' lang='lat' dir='ltr'>anfange</span> <span class='ocrx_word' id='word_1_290' title='bbox 1036 2946 1287 2998; x_wconf 86' lang='lat' dir='ltr'>wenigstens</span> <span class='ocrx_word' id='word_1_291' title='bbox 1307 2945 1390 2986; x_wconf 87' lang='lat' dir='ltr'>fast</span> <span class='ocrx_word' id='word_1_292' title='bbox 1411 2944 1661 2997; x_wconf 73' lang='lat' dir='ltr'>vollstandig</span> <span class='ocrx_word' id='word_1_293' title='bbox 1684 2944 1774 2985; x_wconf 90' lang='lat' dir='ltr'>dem</span> 
     </span>
    </p>
   </div>
  </div>
 </body>
</html>
