1954 3137
158 162 226 204 38.

159 304 227 346 39.

158 447 228 489 40.

159 590 229 630 41.

160 731 230 773 42.

161 873 231 916 43.

163 1017 232 1058 44.

164 1159 234 1201 45.

166 1305 235 1346 46.

168 1448 238 1490 47.

171 1591 241 1632 48.

173 1733 243 1775 49.

175 1875 244 1918 50.

176 2018 245 2061 51.

179 2161 247 2204 52.

180 2304 249 2346 53.

181 2448 249 2489 54.

182 2590 250 2632 55.

183 2732 252 2773 56.

186 2875 254 2916 57.

972 53 1031 95 40

275 160 337 203 De
368 160 502 202 tribus
534 160 660 202 fatuis
693 160 733 201 in
767 160 872 201 vitas
897 163 1076 215 patrum.
1122 157 1293 211 Legitur
1314 158 1355 200 in
1381 159 1485 200 vitas
1510 161 1687 214 patrum.
1734 157 1851 209 (Drei

276 232 458 283 narren.)
505 231 701 273 11111165.

275 303 339 346 De
373 303 539 358 justitia
571 306 612 344 et
642 306 755 345 reeto
782 303 934 357 judice.
991 301 1221 356 Imperator
1255 300 1421 355 quidam
1455 304 1495 343 et
1526 300 1707 342 ereditur
1737 299 1852 342 theo-

277 375 430 417 dosius.
480 373 819 428 (Riigengloeke.)
867 374 938 415 lat.
968 374 1063 415 105.

277 446 340 488 De
373 445 540 500 justitia
581 445 712 487 malos
753 444 953 501 paciendo
998 442 1256 499 [puniendo].
1320 443 1421 485 Cum
1463 442 1630 498 quidam
1669 442 1782 485 dives
1814 446 1855 485 et

278 517 423 559 bonus.
474 516 814 570 (Todtensiegel.)
861 516 931 557 lat.
960 516 1055 557 128.

278 588 340 630 De
370 587 750 643 praedicationibus
773 587 905 630 tribus
929 591 1003 629 ete.
1050 586 1225 629 Maritus
1249 585 1414 640 quidam
1440 585 1636 641 perrexit.
1683 584 1854 636 (Cantus

279 659 518 713 angelicus.)
569 659 763 712 (Hahne.)
811 658 882 701 lat.
908 660 975 700 (38.

278 731 391 773 Deus
431 731 565 786 parcit
605 730 891 786 peecatoribus
931 743 1080 786 penam
1123 729 1349 771 orantibus.
1414 727 1503 770 Mos
1540 731 1629 770 erat
1658 727 1855 770 romanis.

281 802 461 853 (Kerze.)
508 801 578 844 lat.
604 802 673 843 08.

281 873 466 924 Qualiter
504 873 707 928 superbus
747 872 995 928 deprimitur
1035 886 1058 914 a.
1097 872 1171 914 deo
1206 875 1281 913 ete.
1338 870 1585 913 Jovinianus
1617 871 1857 926 imperator.

282 944 576 996 (Jovinianus.)
630 944 701 986 lat.
727 944 795 985 50.

282 1016 345 1058 De
387 1016 618 1071 penitentia
657 1015 822 1057 salvans
863 1018 1136 1071 peccatorem.
1200 1014 1287 1056 Rex
1328 1014 1495 1068 quidam
1530 1014 1688 1056 statuit.
1744 1013 1861 1065 (Drei

283 1087 553 1140 wahrheiten,
586 1087 694 1138 frei.)
743 1087 814 1128 lat.
840 1087 909 1128 58.

283 1159 345 1202 De
379 1159 568 1214 epykeya
601 1163 641 1200 et
672 1158 904 1200 voluntarie
935 1171 1039 1200 seeo.
1089 1156 1176 1199 Rex
1209 1155 1327 1211 [Lex]
1364 1160 1452 1199 erat
1475 1155 1709 1211 aliquando.
1759 1156 1862 1207 (100

284 1231 516 1286 grosehen.)
565 1230 636 1272 lat.
663 1231 730 1271 73.

283 1303 346 1345 De
388 1301 557 1344 oeeultis
598 1301 663 1344 dei
695 1301 877 1356 judiciis.
942 1299 1157 1343 Heremita
1197 1299 1363 1355 quidam
1404 1299 1519 1341 vidit.
1585 1298 1740 1353 (Engel
1780 1299 1863 1341 und

287 1375 463 1421 eremit.)
509 1373 581 1415 lat.
606 1374 674 1415 80.

286 1446 349 1488 De
382 1446 521 1488 anima
554 1458 675 1500 quam
711 1444 810 1486 deus
843 1443 1024 1485 maxime
1058 1442 1192 1496 diligit
1224 1446 1299 1485 ete.
1350 1442 1566 1498 Troyanus
1597 1442 1703 1484 miro
1726 1441 1862 1484 modo.

290 1518 416 1569 (Eber
449 1516 554 1558 ohne
586 1516 715 1567 herz.)
763 1515 834 1557 lat.
861 1516 928 1556 83.

289 1590 351 1632 De
383 1588 516 1631 tribus
548 1588 729 1629 inimicis
762 1587 931 1628 humani
965 1587 1140 1640 generis.
1191 1585 1366 1635 Quidam
1400 1585 1449 1627 de
1480 1599 1608 1639 regno
1634 1585 1864 1627 ambulans.

292 1660 501 1711 (Brueke.)
551 1673 678 1713 germ.
703 1659 771 1700 53.
820 1658 910 1700 Von
945 1658 1034 1700 hier
1066 1657 1116 1699 ab
1150 1657 1254 1699 ohne
1289 1657 1602 1699 ubersehriften.

293 1732 390 1774 Fuit
422 1731 588 1786 quidam
623 1730 742 1772 miles
777 1730 846 1784 qui
878 1729 977 1771 feeit
998 1729 1257 1784 proelamare
1278 1729 1515 1771 hastiludia.
1566 1728 1771 1782 (Rfistung
1790 1728 1868 1770 mit

291 1803 568 1853 insohriften.)
616 1815 711 1857 app.
737 1802 805 1843 25.

292 1875 434 1917 Refert
472 1873 656 1915 romulus
689 1873 730 1914 in
766 1872 982 1914 annalibus
1009 1872 1228 1926 judeorum
1265 1872 1372 1926 quod
1405 1876 1495 1914 erat
1527 1872 1694 1927 quidam
1727 1876 1868 1928 tyran-

293 1960 383 1988 nus.
433 1945 536 1997 (Aus
568 1945 675 1986 liebe
709 1945 774 1986 die
806 1944 1001 1993 sreiheit.)
1051 1957 1144 1999 app.
1171 1944 1239 1985 26.

293 2017 465 2071 Legitur
503 2017 546 2058 in
588 2016 761 2058 historia
802 2030 1069 2057 romanorum
1110 2016 1218 2070 quod
1252 2015 1420 2069 quidam
1453 2029 1628 2069 magnus
1661 2015 1868 2070 princeps.

298 2088 441 2142 (Vater
476 2088 621 2130 sendet
652 2088 740 2129 vier
773 2088 901 2129 briefe
934 2088 1026 2129 dem
1054 2088 1258 2141 jiingeren
1292 2087 1450 2138 sohne.)
1500 2100 1593 2143 app.
1619 2087 1687 2128 27.

299 2159 562 2203 Consuetudo
603 2163 692 2201 erat
731 2159 772 2200 in
815 2159 992 2214 quadam
1036 2159 1172 2200 insula
1212 2159 1320 2213 quod
1360 2158 1534 2212 singulis
1575 2159 1693 2201 annis
1731 2170 1872 2212 regem

296 2231 517 2274 faciebant.
568 2230 892 2284 (Jahreskonig.)
941 2231 990 2273 ef.
1017 2230 1087 2272 lat.
1110 2232 1178 2272 2⁷4.
1228 2244 1322 2286 app.
1348 2231 1416 2272 28.

297 2303 440 2345 Refert
485 2302 670 2344 romulus
717 2303 759 2343 in
806 2302 1024 2344 annalibus
1060 2303 1281 2356 judeorum
1327 2302 1435 2356 quod
1477 2301 1652 2356 quedam
1692 2301 1870 2343 domina.

300 2374 471 2428 (Reuige
504 2375 635 2427 gattin
670 2373 814 2415 sendet
848 2375 872 2414 ἕ3
906 2374 1023 2426 ringe
1057 2374 1140 2415 und
1173 2374 1308 2425 brief.)
1357 2387 1451 2430 app.
1477 2374 1544 2415 29.

298 2445 470 2499 Legitur
511 2445 617 2500 quod
652 2445 819 2499 quidam
847 2446 969 2498 juxta
1001 2459 1159 2487 romam
1195 2445 1334 2488 volens
1369 2445 1548 2487 domum.
1605 2444 1765 2496 (Tafeln
1798 2443 1875 2485 mit

298 2517 543 2559 insehriften
579 2516 891 2570 ausgegraben.)
941 2530 1034 2572 app.
1061 2518 1128 2558 30.
1919 2571 1924 2574 .

301 2588 534 2631 Secundum
569 2588 789 2641 remigium
822 2588 862 2628 in
898 2588 1114 2629 annalibus
1141 2589 1362 2642 judeorum
1394 2588 1557 2642 legitur.
1614 2587 1762 2639 (Dame
1794 2599 1874 2628 von

303 2660 389 2701 vier
420 2659 601 2712 konigen
633 2659 816 2713 geliebt.)
866 2673 961 2714 app.
987 2660 1054 2701 31.
1528 2652 1534 2662 ’

301 2730 465 2772 Dicitur
499 2730 606 2785 quod
639 2731 748 2772 infer
780 2730 1062 2785 philomenam
1096 2734 1136 2772 et
1168 2731 1402 2786 buphonem
1437 2730 1491 2773 sit
1521 2730 1674 2772 odium.
1725 2729 1875 2782 (Nach-

303 2802 405 2856 tigal
439 2802 603 2843 sehiitzt
635 2801 719 2843 sieh
756 2815 827 2842 vor
860 2802 1008 2852 krete.)
1058 2816 1152 2858 app.
1178 2803 1246 2844 32.

303 2873 476 2927 Legitur
517 2873 567 2915 de
607 2873 784 2928 quodam
820 2873 945 2926 judeo
988 2874 1093 2928 quod
1134 2874 1282 2916 cecidit
1311 2873 1353 2916 in
1386 2873 1566 2915 eloacam
1601 2872 1667 2915 die
1699 2871 1875 2914 sabbati.

305 2944 429 2997 (Jude
460 2945 517 2986 im
552 2945 700 2996 abort.)
751 2957 845 3000 app.
871 2945 938 2985 33.
