1949 3162
138 840 180 873 10

138 1196 179 1230 15

134 1552 178 1585 20

133 1910 177 1944 25

133 2419 179 2453 30

134 2833 179 2867 35

1008 84 1093 125 476

208 204 327 234 000110
360 190 509 233 accidit
540 191 687 232 marito
720 204 823 232 meo.
878 190 1006 232 Nocte
1037 191 1117 232 ista
1150 191 1323 232 accessit
1354 190 1406 232 ad
1439 191 1665 245 privatam,
1707 195 1750 231 ut
1787 204 1889 245 opus

208 266 354 304 nature
386 262 560 314 faceret,
600 265 640 303 et
672 275 764 304 ecce
796 262 875 303 duo
909 262 1020 303 corvi
1052 261 1265 314 nigerrimi
1299 275 1321 302 a
1353 265 1470 316 parte
1503 261 1722 317 posteriori
1754 260 1890 303 evola-

207 333 327 386 bant,
369 333 418 374 de
452 345 530 387 quo
569 332 741 374 multum
784 333 913 374 doleo.
970 332 1024 374 Et
1063 331 1134 373 illa
1174 332 1224 373 ad
1259 332 1381 374 aliam
1414 333 1590 375 vicinam
1624 332 1809 374 narravit
1840 332 1890 375 de

207 404 358 457 tribus,
399 407 439 445 et
478 404 606 445 tercia
645 404 694 446 de
727 408 903 458 quatuor
943 407 984 445 et
1022 404 1079 445 sic
1119 403 1246 455 ultra,
1291 403 1399 458 quod
1438 403 1506 446 ille
1546 403 1780 445 diffamatus
1813 406 1888 457 est,

208 475 314 529 quod
348 475 566 528 sexaginta
597 476 708 517 corvi
741 475 789 517 de
823 489 868 517 eo
903 474 1146 517 evolassent.
1196 474 1267 516 Ille
1299 474 1488 516 turbatus
1520 475 1569 516 de
1599 488 1761 516 rumore
1794 487 1889 516 con-

209 547 368 589 vocavit
402 546 613 602 populum,
647 547 710 589 cui
744 547 929 588 narravit
960 559 1044 588 rem
1078 549 1249 599 gestam,
1283 545 1485 600 quomodo
1519 545 1731 588 mulierem
1763 545 1891 587 voluit

207 618 408 674 experiri,
449 618 482 659 si
523 618 646 659 sciret
678 622 879 659 secretum
912 622 1064 659 tenere.
1122 615 1220 658 Post
1252 617 1327 658 hoc
1360 616 1534 658 moritur
1565 630 1669 658 uxor
1701 617 1808 671 ejus,
1850 621 1890 658 et

206 689 275 731 ille
307 689 521 731 cenobium
556 689 739 742 intravit,
772 694 855 730 tres
880 688 1040 730 litteras
1074 687 1229 741 didicit,
1265 701 1436 742 quarum
1472 692 1560 730 erat
1593 688 1728 743 prima
1758 688 1888 741 nigra,

206 761 385 803 secunda
416 760 556 813 rubea,
589 760 718 802 tercia
749 759 935 801 candida.

325 833 603 874 Moralz'sacz'o.
677 831 911 884 Carissimi,
955 830 1043 883 ille,
1086 831 1155 885 qui
1194 830 1400 872 maliciam
1437 830 1651 872 mulierum
1684 830 1889 886 probavit,

207 908 342 959 potest
380 903 460 944 dici
502 902 622 944 bomo
664 903 914 955 mundanus,
964 902 1031 956 qui
1081 902 1297 943 conamine
1336 905 1421 943 toto
1469 901 1651 955 laborat,
1702 905 1745 943 ut
1783 901 1890 944 bona

205 975 415 1017 mundana
448 974 647 1028 acquirat,
681 978 721 1015 et
753 987 863 1028 sepe,
898 986 987 1015 cum
1023 973 1153 1015 credit
1184 973 1272 1014 sine
1304 971 1528 1015 offensione
1561 972 1748 1027 evadere,
1781 972 1892 1015 cadit

204 1047 246 1088 in
281 1046 413 1098 mille,
456 1050 518 1098 ut,
559 1045 628 1099 qui
661 1045 770 1087 cadit
803 1046 843 1086 in
877 1044 1134 1100 superbiam,
1176 1044 1286 1086 cadit
1316 1044 1357 1085 in
1391 1044 1541 1086 multos
1574 1044 1675 1087 alios
1707 1044 1889 1086 defectus

205 1122 349 1160 contra
381 1117 555 1158 salutem
591 1117 726 1158 anime
759 1130 843 1169 sue,
877 1120 917 1158 et
949 1116 1024 1157 hoc
1057 1120 1119 1157 est
1152 1129 1317 1157 corvum
1352 1117 1514 1169 nigrum
1549 1129 1573 1157 a
1604 1120 1722 1172 parte
1754 1119 1890 1171 poste-

204 1190 302 1230 riori
346 1189 458 1231 exire
500 1189 524 1230 i.
550 1202 582 1230 e.
624 1192 837 1243 peccatum
879 1188 922 1228 in
963 1185 1128 1240 effectu,
1169 1191 1209 1228 et
1248 1187 1306 1228 010
1346 1186 1467 1228 1101110
1509 1186 1765 1241 diffamatur,
1807 1200 1888 1229 non

204 1264 364 1302 tantum
410 1273 482 1314 per
515 1273 684 1302 uxorem
719 1259 931 1315 propriam
973 1258 1130 1300 scilicet
1161 1271 1349 1311 carnem,
1390 1258 1460 1300 sed
1497 1272 1567 1313 per
1598 1258 1754 1301 vicinas
1788 1257 1889 1301 alias

207 1332 364 1374 scilicet
395 1345 469 1387 per
492 1332 671 1386 quinque
694 1344 849 1373 sensus.
900 1329 930 1371 F
936 1343 982 1371 ac
1011 1343 1106 1383 ergo
1136 1333 1180 1371 tu
1203 1330 1310 1371 sicut
1331 1333 1371 1371 et
1392 1329 1478 1371 ille!
1513 1329 1669 1384 Collige
1691 1330 1887 1386 populum

204 1404 229 1445 i.
255 1417 287 1445 e.
331 1404 469 1445 omnia
510 1403 708 1458 preterita
749 1406 788 1444 et
829 1402 1042 1457 presencia
1079 1401 1189 1442 facta
1228 1405 1298 1442 tua
1338 1404 1379 1443 et
1419 1414 1551 1456 purga
1589 1406 1628 1444 te
1668 1415 1740 1457 per
1779 1402 1888 1444 viam

205 1475 493 1525 confessionis3
530 1478 570 1516 et
602 1478 699 1516 tunc
730 1474 886 1529 poteris
921 1473 1134 1515 cenobium
1169 1473 1273 1514 bone
1305 1472 1388 1514 vite
1420 1472 1576 1515 intrare
1613 1477 1653 1516 et
1683 1474 1725 1515 in
1756 1473 1888 1515 tribus

203 1546 353 1588 litteris
386 1546 571 1599 studere,
604 1559 677 1601 per
711 1545 817 1599 quod
850 1545 1032 1586 studium
1067 1544 1245 1598 acquiris
1279 1543 1465 1586 bravium
1499 1547 1697 1587 eternum.
1750 1544 1890 1587 Prima

203 1617 342 1659 littera
375 1621 437 1659 est
467 1618 587 1670 nigra
626 1622 666 1658 et
705 1622 766 1658 001
804 1616 1039 1658 recordacio
1079 1620 1362 1671 peccatorum,
1403 1629 1480 1670 que
1521 1620 1730 1671 tamquam
1770 1616 1889 1670 nigra

205 1692 244 1730 et
284 1689 421 1742 gravis
463 1689 624 1730 sarcina
664 1692 857 1742 torquent
896 1692 936 1729 01
978 1688 1163 1729 cruciant
1194 1687 1344 1729 cotidie
1377 1691 1519 1742 pectus
1551 1692 1667 1730 tuum
1701 1701 1792 1730 cum
1825 1701 1889 1730 re-

205 1760 448 1802 cordacione
472 1774 575 1815 pene
606 1759 833 1801 infernalis.
884 1758 1074 1801 Secunda
1094 1759 1234 1801 littera
1255 1763 1317 1801 est
1338 1758 1478 1812 rubea,
1512 1763 1552 1801 et
1573 1763 1635 1801 est
1655 1759 1889 1801 recordacio

203 1832 311 1873 rosei
344 1832 557 1885 sanguinis
589 1832 650 1873 tui
683 1831 893 1884 creatoriS,
935 1844 1052 1885 quem
1087 1832 1129 1872 in
1162 1844 1282 1872 cruce
1315 1843 1387 1885 pro
1420 1834 1460 1872 10
1493 1830 1643 1873 11110010
1676 1835 1891 1886 peccatore

204 1903 253 1945 de
293 1903 472 1957 quinque
512 1902 658 1944 rivulis
700 1900 820 1956 [107]
864 1903 947 1943 suis
987 1902 1122 1943 fusum
1164 1902 1485 1944 misericorditer
1525 1906 1565 1944 et
1604 1901 1891 1944 habundanter

204 1974 362 2016 tribuit.
419 1974 564 2016 Tereia
594 1974 734 2016 littera
766 1978 828 2015 est
859 1974 1052 2026 candida,
1093 1978 1132 2016 et
1170 1978 1232 2015 est
1264 1973 1513 2015 desiderium
1547 1973 1758 2016 celestium
1791 1988 1890 2027 gau-

205 2045 364 2087 diorum
401 2049 441 2087 et
472 2059 627 2098 eorum,
662 2045 730 2100 qui
762 2049 988 2099 sequuntur
1022 2058 1171 2099 agnum
1206 2045 1270 2086 dei
1303 2045 1343 2086 in
1368 2044 1470 2087 albis
1494 2058 1750 2100 quocumque
1782 2046 1887 2087 ierit.

207 2116 249 2159 Si
281 2117 362 2158 ista
384 2117 464 2158 tria
485 2116 526 2157 in
551 2116 672 2158 corde
695 2116 906 2158 nobiscum
938 2115 1111 2158 firmiter
1142 2116 1421 2169 habuerimus,
1454 2116 1542 2157 sine
1565 2116 1688 2158 dubio
1717 2130 1889 2171 regnum

207 2192 394 2230 eternum
427 2187 715 2229 obtinebimus.

847 2406 948 2448 CAP.
978 2407 1070 2448 126.
1106 2406 1239 2457 (118.)

280 2492 416 2552 Quod
460 2493 720 2538 mulieribus
766 2496 814 2539 in
858 2493 980 2539 nullo
1030 2499 1092 2538 est
1127 2494 1392 2539 credendum
1430 2499 1470 2539 et
1498 2495 1731 2554 presertim
1768 2495 1822 2540 de

467 2577 643 2621 secretis
681 2577 889 2622 celandis.
946 2576 1213 2636 Exemplum
1234 2576 1626 2636 jocundissimum.

322 2685 462 2727 Refert
495 2683 747 2738 Macrobius,
782 2685 887 2739 quod
922 2685 1087 2739 quidam
1121 2698 1223 2740 puer
1254 2698 1469 2739 romanus,
1501 2686 1666 2728 nomine
1698 2684 1887 2741 Papirus,

206 2755 333 2798 semel
364 2769 454 2797 cum
489 2759 608 2811 patre
641 2760 826 2797 senatum
861 2758 1093 2812 sapientum
1127 2756 1311 2810 intravit,
1345 2757 1414 2798 ubi
1446 2757 1651 2810 quoddam
1685 2761 1885 2799 secretum

206 2826 422 2868 consilium
456 2831 696 2882 preceptum
730 2832 838 2881 erat,
872 2828 946 2869 sub
979 2841 1087 2882 pena
1118 2828 1265 2883 capitis
1298 2827 1516 2869 custodire.
1571 2827 1754 2882 Cumque
1787 2840 1889 2883 puer

207 2902 316 2939 esset
346 2911 535 2940 reversus
569 2898 620 2939 ad
652 2898 833 2951 domum,
867 2903 998 2940 mater
1030 2899 1116 2953 ejus
1148 2898 1418 2951 interrogavit
1448 2911 1634 2954 puerum,
1667 2898 1765 2952 quid
1793 2911 1887 2940 0011-

208 2967 317 3010 011100
355 2969 631 3024 precipissent
671 2968 825 3010 nemini
866 2969 1001 3011 dicere
1040 2970 1114 3011 sub
1153 2983 1261 3026 pena
1300 2969 1460 3025 capitis.
1519 2969 1592 3011 Ait
1630 2982 1751 3025 puer:
1795 2969 1887 3011 Non
1947 2997 1949 3019 3
