1919 3131
77 183 147 225 43.

75 323 147 366 44.

77 464 147 507 45.

77 605 147 648 46.

77 676 148 718 47.

77 817 148 860 48.

78 960 148 1002 49.

79 1173 149 1215 51.

80 1244 149 1287 52.

80 1386 153 1430 53.-

80 1528 150 1571 54.

81 1741 150 1784 56.

82 1883 151 1926 57.

82 2025 152 2068 58.

83 2167 154 2210 59.

85 2310 154 2352 60.

87 2451 155 2494 61.

88 2593 157 2636 62.

68 2737 70 2739 ’
89 2735 157 2778 63.

900 78 950 118 11

195 180 258 224 De
280 184 370 223 orto
394 194 514 235 quem
539 194 641 236 aper
662 181 881 224 destruxit.
932 181 1135 235 Trojanus
1161 182 1203 223 in
1225 182 1393 225 civitate
1415 195 1599 225 romana.
1649 184 1776 235 (Eber

195 252 302 294 ohne
335 252 463 303 herZ.)
512 252 582 293 lat.
609 254 676 293 833.

194 322 259 366 De
297 322 465 364 domina
511 322 645 365 milite
692 326 734 366 et
779 323 952 366 falcone.
1016 323 1253 379 Pompeyus
1302 324 1343 365 in
1382 324 1549 366 civitate
1589 337 1773 367 romana.

196 393 373 447 (Falke.)
418 392 489 435 lat.
515 394 583 434 ⁸4.

196 463 260 506 De
291 463 424 506 tribus
457 464 580 505 sociis
620 467 661 507 et
701 477 782 507 uno
817 478 937 520 pane.
993 464 1102 507 Olim
1142 469 1261 507 erant
1300 468 1384 508 tres
1418 465 1530 508 socii.
1581 465 1776 513 (Traum-

195 534 330 586 brod.)
376 534 447 576 lat.
476 536 571 576 106.

195 604 259 647 De
276 605 496 647 nutriendo
515 619 690 660 puerum
710 610 750 648 et
766 605 877 661 lupo.
911 605 1095 648 Lucillus
1113 606 1316 659 regnavit.
1343 605 1534 658 (Gnade.)
1565 608 1774 660 germ-³34.

196 675 260 718 De
291 675 466 718 muliere
507 676 752 719 adulterata.
808 677 1020 719 Adrianus
1058 677 1101 718 in
1133 677 1303 720 civitate
1339 690 1526 720 romana.
1575 677 1776 729 (Kerker-

195 746 430 802 gespri'ich.)
477 746 549 788 lat.
575 747 642 789 «QG.

196 817 260 860 De
299 821 477 872 quatuor
514 818 593 859 viis
633 818 820 860 historia.
885 818 929 859 In
969 817 1139 860 civitate
1178 830 1352 860 romana
1391 818 1583 872 regnavit
1621 817 1774 862 Gelius.

199 888 352 939 (Kreuz
385 889 463 930 mit
494 888 770 941 insobriften.)
818 888 890 930 lat.
916 889 985 931 65.

196 958 261 1002 De
293 972 398 1014 equo
419 959 538 1013 nigro
572 963 613 1001 et
645 973 758 1002 eane.
800 960 986 1002 Tunatus
1008 960 1212 1014 regnavit.
1262 959 1506 1012 (Sohwarz.)
1555 972 1682 1013 germ.
1708 960 1775 1002 35.

197 1030 261 1073 De
292 1030 379 1072 filia
413 1031 522 1084 regis
556 1029 766 1073 deflorata.
825 1030 1018 1074 Severius
1056 1031 1248 1085 regnavit
1279 1030 1419 1073 Rome.
1475 1029 1652 1083 (Waffen
1691 1030 1778 1072 auf-

197 1101 392 1155 hangen.)
438 1101 510 1143 lat.
536 1102 603 1143 66.

198 1172 262 1216 De
283 1173 461 1215 dracone
485 1175 526 1214 et
546 1171 665 1214 leone
686 1171 886 1227 hystoria.
927 1172 1140 1215 Adrianus
1163 1173 1366 1226 regnavit.
1401 1171 1593 1225 (Wiiste.)
1627 1185 1721 1228 app.
1739 1173 1777 1214 3.

197 1243 261 1286 De
280 1243 431 1286 ancilla
450 1257 528 1298 que
545 1247 713 1286 cantum
731 1243 871 1286 avium
890 1243 1108 1287 intellexit.
1129 1243 1306 1295 Quidam
1324 1245 1564 1300 imperator.
1585 1243 1780 1296 (Hahne.)

196 1314 269 1357 lat.
292 1315 361 1357 68.

198 1386 263 1429 De
295 1386 560 1441 carpentario
599 1389 640 1428 et
678 1385 862 1428 camisia.
921 1385 1017 1428 Otto
1055 1385 1284 1442 imperator
1314 1385 1517 1440 regnavit.
1575 1384 1781 1433 (Keuseh-

198 1457 464 1509 heitshemd.)
513 1457 584 1498 lat.
611 1458 678 1499 69.

199 1527 263 1571 De
295 1528 514 1582 sagittario
547 1531 588 1570 et
619 1526 873 1583 philomona.
925 1526 1176 1582 Sagittarius
1210 1526 1393 1582 quidam.
1443 1526 1562 1578 (Drei
1593 1526 1782 1570 weishei-

198 1599 302 1651 ten.)
349 1599 420 1641 lat.
448 1599 544 1640 167.

196 1669 261 1713 De
292 1668 379 1711 filia
409 1669 531 1723 regis.
580 1669 686 1712 Erat
718 1669 886 1724 quidam
919 1682 1006 1712 rex.
1056 1668 1175 1721 (Drei
1205 1668 1382 1721 fragen.)
1429 1667 1500 1710 lat.
1526 1669 1595 1710 70.

200 1740 264 1783 De
295 1740 380 1782 filio
414 1741 483 1795 qui
517 1740 596 1783 sibi
628 1744 713 1783 tres
736 1741 891 1783 amicos
920 1740 1153 1795 acquisivit.
1201 1739 1307 1782 Erat
1339 1739 1506 1794 quidam
1540 1739 1780 1795 imperator.

201 1811 593 1867 (Freundesprobe.)
637 1812 710 1854 lat.
738 1812 834 1854 129.

201 1882 265 1925 De
298 1895 423 1924 avaro
457 1883 527 1937 qui
560 1884 711 1939 posuit.
760 1883 866 1925 Erat
897 1882 1066 1938 quidam
1100 1895 1262 1924 avarus.
1312 1880 1481 1934 (Sohatz
1512 1881 1569 1923 im
1603 1881 1782 1934 baume.)

199 1953 272 1996 lat.
298 1953 394 1995 109.

201 2024 266 2068 De
305 2024 573 2068 buccinatore
613 2028 654 2068 et
692 2027 839 2067 morte.
903 2023 1079 2075 Quidam
1119 2023 1322 2078 regnavit.
1379 2022 1782 2079 (Todestrompete.)

199 2095 272 2138 lat.
299 2096 396 2138 143.

202 2166 266 2210 De
297 2166 364 2209 I¹¹¹⁰
397 2166 467 2221 qui
507 2166 607 2208 feeit
647 2179 792 2210 eruere
824 2165 976 2209 oeulos.
1032 2164 1257 2216 Quintillus
1288 2164 1489 2219 regnavit.
1549 2164 1659 2216 (loo
1689 2177 1783 2218 gro-

202 2237 360 2290 sohen.)
404 2237 475 2279 lat.
500 2237 570 2279 73.

203 2308 267 2351 De
297 2321 421 2364 pomo
456 2320 594 2350 aureo.
651 2307 757 2350 Erat
788 2308 955 2364 quidam
988 2319 1258 2350 romanorum
1290 2306 1531 2362 imperator.
1587 2304 1784 2358 (Narren-

204 2379 346 2435 apsel.)
391 2378 464 2421 lat.
489 2379 558 2420 74.

202 2450 267 2494 De
305 2449 465 2492 duobus
505 2449 678 2492 medicis
716 2449 903 2492 historia.
967 2449 1145 2501 Quidam
1183 2462 1259 2492 rex
1299 2451 1402 2492 erat.
1463 2446 1782 2501 (Ziegenauge.)

202 2521 276 2564 lat.
297 2521 367 2564 76.

206 2592 271 2636 De
303 2591 496 2648 passione
527 2590 687 2633 domini
717 2590 905 2633 historia.
954 2590 1140 2641 Quedam
1162 2590 1322 2634 civitas.
1371 2588 1551 2641 (Draehe
1573 2588 1701 2631 durch
1725 2588 1783 2631 Ιὸ-

204 2677 296 2706 wen
329 2663 540 2716 entfernt.)
589 2676 686 2718 app.
708 2663 749 2703 4.

206 2733 270 2776 De
301 2734 436 2777 milite
468 2734 538 2789 qui
568 2732 724 2775 famulo
757 2731 905 2788 pedem
939 2731 1129 2776 abscidit.
1178 2731 1298 2775 Miles
1324 2730 1504 2786 quidam.
1554 2729 1670 2782 (Fuss
1702 2729 1784 2781 ab.)

203 2804 276 2847 lat.
303 2805 400 2847 127.

207 2875 271 2919 De
302 2875 456 2918 habiba
487 2874 673 2918 historia.
721 2873 819 2917 Fuit
841 2873 1010 2928 quidam
1032 2874 1273 2930 imperator.
1322 2871 1511 2924 (Abibas,
1544 2871 1570 2913 6
1593 2869 1783 2920 dienste.)

206 2945 278 2988 lat.
304 2946 371 2987 17.
