1949 3162
968 60 1052 102 572

175 183 388 226 sabbatum
420 195 468 221 ea:
499 176 693 224 sabbat03
734 187 873 220 erras3
916 169 1101 211 desidero
1131 163 1316 221 presenti
1345 159 1574 201 ebdomada
1603 156 1666 196 vel
1695 168 1852 202 mense,-

179 254 275 309 [151
294 250 334 306 b]
369 252 480 307 quod
510 248 721 290 residuum
753 252 810 285 est
841 248 1038 297 etrspecto.
1077 235 1348 290 Discipulus:
1382 231 1520 273 Miror
1540 230 1585 269 in
1605 226 1853 283 neyotiando

172 325 442 382 prudentiam
473 329 608 369 tuam3
652 326 688 359 et
717 331 825 357 necne
857 313 980 355 audi:
1023 309 1149 352 Serve
1185 307 1285 347 bone
1324 311 1360 345 et
1388 302 1528 356 fidelis
1540 333 1550 352 ,
1596 300 1695 354 quia
1732 310 1857 352 super

177 412 314 454 pauca
345 395 477 449 suisti
501 391 663 445 fidelis,
703 402 834 443 supra
873 383 1003 424 multa
1043 389 1078 422 te
1119 379 1384 428 constituam,
1424 375 1538 415 intra
1574 373 1621 412 in
1656 369 1859 426 yaudium

109 475 130 509 5
180 468 340 510 domini
369 466 453 507 tui!
498 462 681 504 Labores
712 471 910 500 manuum
942 463 1108 496 tuarum
1141 457 1209 490 etc.

912 733 1014 776 CAP.
1041 730 1136 773 174.

313 832 448 894 Quod
481 835 649 877 natura
687 828 822 878 docet,
861 835 989 868 nenio
1031 817 1180 864 tollere
1208 817 1377 875 potes&
1417 816 1457 856 et
1491 809 1543 854 de
1581 806 1747 854 talione

853 900 1202 965 inqratitudinis.

311 1039 494 1093 Quidam
524 1037 753 1090 imperator
778 1036 878 1086 post
906 1025 1119 1067 meridiem
1150 1021 1206 1061 ad
1226 1017 1460 1060 venandum
1481 1010 1703 1069 equitabat.
1749 1008 1872 1049 Acci-

122 1124 166 1158 10
193 1115 266 1167 dit,
303 1112 414 1168 quod
444 1108 641 1151 transiret
666 1118 746 1160 per
778 1100 990 1157 quandam
1022 1095 1169 1137 sili-am
1192 1100 1227 1132 et
1247 1089 1403 1132 invenit
1424 1085 1630 1142 quendam
1651 1087 1877 1136 serpentem

194 1202 221 1227 a
246 1182 489 1241 pastoribus
527 1185 693 1234 captum
726 1183 762 1216 et
793 1173 849 1213 ad
880 1169 1071 1211 arborem
1098 1165 1274 1220 fortiter
1305 1161 1544 1215 alliyatum,
1585 1167 1750 1210 serpens
1781 1163 1876 1192 vero

195 1255 449 1299 horribiliter
480 1249 695 1293 clamabat.
750 1245 985 1300 Imperator
1011 1239 1166 1295 pietate
1197 1242 1328 1275 motus
1360 1231 1482 1272 solz-it
1521 1242 1612 1269 eum
1643 1233 1679 1266 et
1707 1225 1753 1265 in
1784 1223 1879 1263 sinu

193 1328 349 1386 posuit,
382 1333 427 1366 ut
458 1338 549 1365 eum
580 1319 835 1374 calefaceret.
889 1312 991 1354 Cum
1021 1318 1156 1351 autem
1190 1313 1289 1348 esset
1320 1302 1566 1357 calefactus,
1604 1296 1761 1352 incepit
1791 1308 1881 1335 eum

197 1400 385 1442 ‘mordere
417 1404 454 1437 et
483 1407 682 1436 venenum
720 1403 839 1430 suum
876 1387 921 1427 in
962 1398 1052 1425 euni
1092 1379 1308 1435 effmidere.
1362 1375 1438 1415 Ait
1473 1374 1724 1427 imperator:
1769 1364 1883 1417 Quid

133 1479 175 1515 15
188 1473 323 1528 facis,
356 1483 430 1510 cur
459 1466 615 1507 malum
643 1477 722 1519 pro
756 1460 860 1501 bono
892 1453 1061 1498 reddis?2
1101 1452 1218 1493 Data
1250 1456 1308 1490 est
1336 1461 1417 1488 vote
1447 1443 1641 1499 serpenti,
1673 1447 1720 1481 ut
1750 1451 1882 1494 quon-

202 1545 298 1585 dam
330 1542 444 1582 asine
476 1537 673 1586 Balaam,
706 1541 743 1574 et
773 1533 853 1573 ait:
895 1528 1018 1581 Quod
1047 1531 1202 1565 natura
1233 1522 1368 1570 docet,
1406 1530 1522 1558 nemo
1563 1513 1703 1556 tollere
1734 1515 1881 1566 potest.

207 1614 272 1657 Tu
293 1612 441 1668 fecisti
449 1626 461 1659 ,·
495 1609 606 1665 quod
637 1608 683 1647 in
715 1613 750 1645 te
769 1604 877 1658 fuit,
912 1615 982 1656 eyo
1015 1611 1110 1639 vero
1142 1593 1366 1636 secundum
1394 1596 1590 1630 naturam
1619 1597 1753 1625 meam
1771 1580 1886 1635 feci,-

204 1695 247 1728 tu
279 1682 493 1727 ostendisti
522 1679 625 1720 milii
656 1690 815 1718 omnem
846 1672 1156 1719 humanitatem,
1191 1679 1316 1720 quam
1341 1660 1531 1718 potuisti,
1565 1671 1637 1712 eqo
1665 1668 1760 1696 vero
1790 1651 1886 1692 red-

207 1759 299 1799 didi
336 1755 414 1797 tibi
452 1766 567 1795 omne
610 1749 721 1805 quod
759 1749 805 1788 in
842 1759 904 1785 me
944 1751 1023 1791 est3
1060 1752 1260 1781 venenum
1300 1733 1449 1784 obtuli,
1491 1730 1592 1786 quia
1629 1725 1748 1768 aliud
1783 1720 1891 1763 nihil

138 1838 183 1873 20
209 1843 334 1886 quam
364 1839 563 1868 venenum
593 1820 741 1872 habui,
783 1825 819 1859 et
850 1829 1009 1870 semper
1040 1826 1107 1854 ero
1139 1809 1332 1850 inimicus
1364 1803 1542 1853 homini,
1585 1800 1686 1855 quia
1718 1801 1892 1852 propter

209 1901 411 1942 hominem
442 1911 531 1937 sum
559 1893 733 1950 punitus
766 1897 802 1931 et
831 1887 1085 1929 maledictus.
1140 1881 1233 1922 Illis
1265 1879 1325 1919 sic
1355 1871 1688 1917 contendentibus
1723 1872 1892 1908 vocatus

213 1981 271 2014 est
301 1971 474 2027 quidam
499 1963 798 2023 philosophus,
839 1967 885 2000 ut
912 1960 1021 1999 inter
1052 1970 1117 1996 eos
1146 1952 1280 2006 judea:
1312 1956 1413 1990 esset
1442 1954 1479 1988 et
1499 1943 1711 1999 judicium
1739 1943 1895 1979 rectum

214 2045 472 2086 discerneret.
538 2037 613 2078 Ait
644 2031 943 2090 philosophus:
990 2028 1080 2069 Ista
1125 2024 1258 2066 solum
1292 2035 1371 2077 per
1406 2018 1584 2059 relatum
1629 2020 1667 2054 et
1706 2009 1895 2051 auditune.

214 2123 394 2157 vestrum
425 2111 575 2158 audio3
608 2108 679 2148 sed
708 2107 747 2147 si
775 2104 955 2145 viderem
984 2101 1122 2155 ipsam
1151 2110 1251 2147 rem,
1286 2094 1334 2134 de
1364 2106 1448 2147 qua
1469 2087 1621 2137 dicitis,
1644 2083 1894 2138 judicarem.

146 2195 191 2230 25
225 2187 342 2235 Volo,·
373 2191 418 2225 ut
447 2195 614 2237 serpens
647 2179 797 2233 Ziqetur
827 2175 883 2215 ad
913 2171 1103 2213 arborem
1128 2165 1437 2224 parfformiter,
1470 2161 1576 2201 sicut
1603 2156 1724 2212 prius
1747 2153 1898 2207 liyatus

207 2259 314 2314 fuit,
349 2264 385 2297 et
416 2255 607 2296 dominus
638 2252 867 2305 imperator
888 2246 941 2285 sit
964 2243 1087 2300 libem·
1120 2248 1216 2280 tunc
1237 2234 1438 2291 judicabo
1455 2246 1538 2288 pro
1560 2236 1738 2281 utraque
1763 2229 1897 2279 parte.

223 2329 346 2382 Quod
376 2336 413 2368 et
443 2327 502 2366 sic
522 2324 692 2379 factum
723 2327 789 2361 est.
830 2317 868 2359 T
870 2331 946 2357 ane
978 2316 1038 2355 ait
1067 2308 1339 2368 philosophus
1371 2302 1571 2360 serpenti:
1602 2298 1704 2340 Jam
1724 2309 1763 2337 es
1796 2294 1902 2348 ἱέρα-

222 2409 286 2443 tus
297 2416 310 2450 ,-
343 2399 477 2440 solvas
509 2397 699 2450 teipsum,
733 2393 770 2431 si
794 2397 927 2445 potes,
962 2394 998 2427 et
1027 2384 1206 2425 recedas.
1262 2379 1337 2420 Ait
1367 2387 1557 2432 serpens:
1589 2369 1689 2413 Non
1713 2378 1901 2423 possum,

225 2473 326 2528 quia
356 2478 440 2511 tam
461 2468 637 2522 fort-iter
669 2465 821 2518 liyatus
853 2475 956 2510 sum,
989 2465 1035 2498 ut
1063 2457 1135 2496 vim
1165 2467 1227 2494 me
1258 2463 1417 2492 movere
1446 2445 1575 2487 valeo.
1617 2441 1695 2483 Ait
1720 2437 1906 2494 philoso-

153 2550 198 2585 30
219 2544 353 2600 plzus:
394 2539 592 2582 Morieris
635 2550 728 2590 eryo
758 2533 873 2587 justo
903 2530 1089 2584 judicio,
1131 2526 1231 2581 quia
1268 2534 1428 2577 semper
1465 2525 1502 2558 et
1530 2527 1659 2570 usque
1690 2510 1810 2551 modo
1841 2508 1907 2547 in-

225 2622 372 2671 9ratus
391 2611 525 2667 fuisti
555 2608 713 2648 homini
743 2613 780 2646 et
810 2617 969 2658 semper
1000 2601 1092 2641 eris.
1144 2597 1249 2638 Post
1278 2594 1353 2635 hoc
1386 2588 1584 2632 convertit
1622 2599 1663 2626 se
1693 2582 1750 2623 ad
1778 2581 1908 2634 impe-

227 2694 408 2727 ratorem
440 2691 476 2724 et
508 2682 588 2722 ait:
621 2678 816 2728 Domine,
840 2675 932 2729 jam
967 2672 1069 2713 liber
1100 2684 1154 2721 es,
1191 2679 1390 2708 venenum
1421 2663 1470 2703 de
1501 2661 1595 2701 sin-u
1627 2665 1694 2698 tuo
1727 2651 1910 2695 eoecutias

231 2765 267 2798 et
292 2769 420 2812 perye
459 2754 569 2794 viam
609 2758 744 2797 tuam,
787 2746 975 2787 ammodo
1017 2743 1065 2783 de
1104 2740 1181 2781 tali
1207 2738 1410 2793 fatuitate
1446 2740 1483 2774 te
1519 2745 1605 2771 non
1641 2724 1909 2772 intromittas,

197 2832 200 2835 ’
234 2829 334 2883 quia
366 2839 532 2880 serpens
563 2821 693 2862 nichil
724 2819 843 2860 aliud
874 2822 1011 2872 potest
1037 2813 1209 2868 facere,
1247 2809 1334 2850 nisi
1371 2805 1482 2861 quod
1518 2808 1674 2842 natura
1713 2797 1752 2837 ei
1787 2793 1910 2834 dedit.

162 2906 208 2940 35
236 2899 470 2954 Imperator
502 2896 576 2936 hoc
608 2892 780 2933 audiens
813 2889 926 2930 dedit
953 2886 1114 2943 mertias
1140 2867 1407 2940 philosopho,
1447 2875 1521 2930 qui
1550 2880 1634 2914 tam
1663 2874 1818 2909 rectum
1838 2863 1912 2917 ju·-

235 2971 392 3011 dicium
423 2967 548 3018 dedit,
582 2972 619 3006 et
648 2961 851 3004 abscessit.
