1919 3157
889 48 976 90 535

81 161 328 208 perpetuum
362 153 482 193 habet
512 163 834 199 monumentum,
870 156 982 209 quod
1012 155 1190 209 s‘z'nfyulis
1221 158 1359 204 annis,
1392 157 1464 196 illo
1490 158 1629 197 eodem
1652 159 1782 197 noctis

83 231 306 264 renovante
336 232 537 265 ‘momento
569 226 720 266 vulnus
750 228 797 266 in
827 227 1048 283 superficie
1080 227 1184 266 cutis
1206 228 1502 281 superductum
1522 228 1781 267 recrudesce-

85 293 164 334 bat.
223 293 338 335 Unde
356 294 523 348 jcrctum
557 304 628 340 est.
662 305 706 337 ut
734 305 832 351 post
864 310 997 336 aranos
1025 311 1186 351 paucos
1217 298 1334 337 miles
1368 298 1544 338 illustris
1576 298 1781 351 transfre-

84 365 188 405 tavit
227 372 265 405 ct
301 364 375 404 sub
418 366 695 420 multeplicata
732 375 877 407 contra
904 381 1099 421 puyanos
1126 368 1355 421 puynandt
1384 370 1624 409 strenuitate
1653 370 1782 409 vitam

83 435 252 476 domino
282 436 459 475 reddens
491 438 800 478 commendavit.

201 504 492 546 Mor-alimoto.
549 506 788 558 Carissz'mi,
841 507 958 547 miles
1004 509 1080 547 iste
1125 509 1437 548 strenuissimus
1485 517 1543 550 est
1589 510 1781 549 dominus

81 583 222 616 noster
259 575 416 617 Jhesus
448 575 657 628 Christus,
700 579 775 632 qui
812 585 870 617 est
906 577 1023 617 miles
1063 585 1099 618 et
1132 592 1207 618 reae
1237 592 1381 632 reyum
1413 587 1449 619 et
1481 580 1673 619 dominus
1705 580 1780 620 do-

81 647 353 698 minantium,
403 649 478 701 qui
525 663 616 687 cum
662 648 792 688 ‘milite
831 648 1075 688 adversario
1114 648 1269 689 scilicet
1308 648 1474 690 diabolo
1510 658 1781 704 puqnaturus

83 717 133 757 de
172 725 308 757 castro
347 732 625 772 supernorum
665 720 817 758 civium
847 719 1049 758 mundum
1078 720 1202 759 istum
1233 720 1481 774 inyreditur.
1537 719 1781 760 Humanum

82 788 190 827 enim
218 802 349 842 yenus
377 789 531 829 redimi
559 803 644 829 non
669 790 886 844 potuisset,
919 790 1006 829 nisi
1035 789 1104 829 dei
1125 789 1248 847 filius
1279 791 1481 830 mundum
1512 799 1656 831 contra
1686 791 1779 830 dia-

82 857 221 899 bolum
236 866 506 913 puqnaturus
528 860 733 900 intrasset.
768 859 883 899 Nam
905 867 998 900 ante
1016 857 1171 899 Christi
1184 862 1444 901 nativitatem
1460 860 1601 901 nullus
1616 869 1780 902 sancto-

80 943 189 979 rum,
214 943 470 984 quamquam
480 929 623 981 justus
633 929 786 983 fuerit,
810 944 984 983 reanum
1005 930 1186 970 celorum
1203 933 1363 972 intrare
1374 933 1515 986 potuit
1523 947 1536 980 ;
1552 939 1782 986 propterea

82 1000 151 1040 dei
177 1000 301 1057 filius
339 1015 388 1040 ea:
427 1000 612 1040 consultu
654 1001 722 1041 dei
752 1002 892 1055 patris
932 1000 982 1041 ab
1019 1001 1230 1055 indiqenis
1267 1003 1353 1042 suis
1385 1001 1461 1042 hoc
1491 1001 1683 1042 mirabile
1712 1003 1780 1042 in-

81 1070 290 1125 telliyens‚
331 1072 407 1126 qui
444 1079 538 1111 ante
572 1071 705 1111 mztlta
735 1086 943 1112 annorum
972 1072 1094 1112 milia
1125 1071 1295 1112 limbum
1325 1072 1489 1125 inferni
1516 1074 1777 1114 introierant.

91 1140 225 1182 Unum
263 1142 314 1182 de
348 1141 558 1182 nobilibus
599 1143 820 1196 arnniyeris
852 1143 993 1197 eleqit,
1035 1157 1116 1197 quo
1149 1144 1294 1183 comite
1323 1143 1527 1183 mundum
1555 1144 1683 1184 istum
1712 1145 1779 1184 in-

81 1213 220 1262 travit,
255 1213 326 1252 cui
354 1226 505 1266 equum
535 1219 629 1252 ante
659 1219 818 1267 tempus
835 1226 979 1267 puyne
1001 1214 1314 1265 commendavit,
1350 1215 1452 1268 quia
1473 1214 1573 1254 dum
1594 1211 1780 1254 Christus

81 1283 131 1323 de
166 1282 314 1323 Maria
349 1284 513 1337 virqine
549 1284 670 1323 nasci
707 1282 859 1334 voluit,
901 1283 952 1323 ab
992 1283 1079 1336 ejus
1111 1285 1343 1339 purissimo
1386 1285 1590 1339 sanquine
1626 1286 1780 1339 spiritu

80 1359 220 1394 sancto
261 1361 507 1409 cooperante
545 1368 711 1393 carnem
759 1355 959 1408 sumpsit,
1009 1369 1136 1409 quam
1174 1369 1258 1409 pro
1300 1356 1508 1409 armiyero
1550 1355 1776 1410 deputavit.

82 1423 169 1466 Sed
199 1439 291 1465 cum
321 1424 438 1465 miles
467 1425 544 1465 iste
575 1438 769 1479 campum
798 1425 995 1465 intrasset
1025 1433 1062 1466 et
1093 1426 1384 1466 adversarium
1414 1439 1536 1466 suum
1566 1425 1780 1467 diabolum

80 1495 399 1546 considerasset,
440 1495 644 1535 eoeclamat
673 1494 811 1546 miles,
851 1504 898 1536 ut
927 1496 1105 1536 alterum
1133 1498 1341 1548 inveniat,
1380 1505 1418 1537 et
1448 1511 1535 1536 ecce
1567 1510 1616 1536 ex
1648 1511 1779 1551 oppo-

80 1565 158 1605 sito
198 1564 303 1605 alter
339 1565 456 1605 miles
494 1565 650 1606 scilieet
690 1565 883 1606 diabolus
921 1567 1114 1607 adinstar
1148 1566 1296 1607 militis
1321 1581 1404 1622 per
1434 1565 1676 1622 superbiam
1706 1581 1778 1607 ar-

78 1642 215 1675 matus
255 1637 448 1677 occurrit.
500 1635 587 1678 Sed
622 1637 815 1676 dominus
845 1645 986 1678 noster
1017 1652 1176 1689 omnes,
1218 1652 1321 1692 quos
1352 1652 1490 1678 secum
1519 1636 1677 1688 habuit,
1711 1638 1777 1678 di-

77 1706 213 1757 misit,
255 1705 367 1746 solus
399 1721 593 1761 campum
623 1708 799 1748 intravit
824 1716 968 1762 preter
1000 1722 1151 1762 equum
1180 1709 1228 1748 id
1259 1715 1316 1749 est
1346 1707 1645 1748 humanitatem
1653 1723 1667 1757 ,·
1705 1709 1781 1762 qui

78 1776 178 1816 dum
214 1784 374 1832 tempus
399 1778 617 1832 passionis
649 1777 736 1830 ejus
768 1780 1136 1833 appropinquaret
1167 1786 1204 1819 et
1233 1778 1364 1819 Judei
1394 1793 1486 1819 eum
1517 1786 1712 1833 caperent
1742 1786 1779 1820 et

78 1847 387 1904 crucifiyerent,
435 1847 597 1887 nullum
642 1862 779 1888 secum
817 1847 985 1900 habuit,
1037 1851 1138 1904 quia
1177 1849 1399 1904 discipuli,
1446 1857 1492 1890 ut
1531 1849 1778 1904 evanqeliste

77 1924 300 1970 testantur,
340 1918 482 1959 relicto
524 1933 567 1958 eo
595 1918 829 1973 fugerunt,
871 1919 919 1959 in
957 1927 1046 1960 orto
1085 1920 1219 1971 solus,
1258 1921 1306 1960 in
1344 1927 1524 1974 captura
1558 1919 1692 1972 solus,
1731 1922 1778 1961 in

77 1992 197 2029 cruce
227 1989 361 2040 solus,
398 1990 445 2029 in
478 1988 667 2029 omnibus
693 1988 966 2044 passion-ibus
998 1991 1085 2030 suis
1117 1997 1155 2031 et
1185 1991 1392 2045 anqustiis
1424 1992 1616 2045 corporis
1647 1991 1774 2042 solus,

75 2059 138 2099 ita
167 2066 215 2100 ut
242 2059 487 2115 impleretur
509 2059 619 2100 illud
647 2058 793 2100 Ysaie:
837 2058 1047 2100 Torcular
1067 2059 1230 2101 calcavi
1248 2060 1375 2112 solus,
1410 2061 1460 2101 de
1478 2060 1670 2116 yentibus
1691 2075 1778 2102 non

77 2137 135 2170 est
172 2130 241 2170 vir
269 2145 437 2170 mecum.
498 2129 612 2180 Quid
636 2129 795 2185 plura?
833 2130 1029 2171 Extensis
1061 2130 1221 2186 clipeis,
1255 2131 1422 2172 directis
1454 2131 1584 2172 hastis
1617 2128 1721 2183 [132
1732 2129 1774 2185 b]

1808 798 1851 831 10

1807 1148 1851 1184 15

1804 1499 1851 1534 20

1803 1854 1849 1889 25

77 2201 175 2254 equi
197 2207 266 2241 etc.
311 2201 424 2251 Quia
447 2200 547 2240 dum
568 2198 754 2242 Christus
777 2200 1004 2241 humanam
1023 2209 1235 2252 naturam,
1266 2202 1323 2242 ad
1345 2216 1471 2256 quam
1490 2202 1776 2243 redimendam
1800 2206 1847 2242 30

75 2279 243 2312 venerat
274 2286 301 2311 a
331 2271 454 2326 lapsu
480 2272 721 2326 primorum
745 2280 973 2326 parentum
1003 2273 1190 2327 eriqeret,
1224 2272 1470 2313 humilitatis
1501 2287 1571 2312 sue
1597 2272 1775 2328 clipeum

78 2342 279 2393 extendit,
330 2341 493 2382 hastam
530 2341 722 2396 superbie
761 2344 1009 2397 nequissimi
1045 2342 1208 2383 diaboli
1232 2343 1371 2398 freqit
1411 2350 1448 2383 et
1483 2343 1775 2383 adversarium

76 2426 197 2452 suum
211 2420 403 2468 potenter
424 2411 616 2467 impulsit
635 2413 693 2452 ad
713 2427 868 2464 casum,
899 2421 936 2453 et
957 2414 1016 2453 ad
1035 2413 1196 2467 inferni
1209 2413 1552 2468 profundissima
1573 2414 1770 2454 dimersit.

79 2480 166 2524 Sed
202 2482 319 2523 miles
356 2490 495 2523 noster
533 2482 685 2523 Jliesus
727 2481 914 2523 Christus
953 2484 1000 2523 in
1039 2483 1116 2523 liae
1148 2498 1300 2538 puyna
1337 2485 1364 2524 i.
1397 2498 1427 2524 e.
1458 2485 1659 2539 passione
1696 2498 1775 2524 sua

71 2566 153 2607 per
182 2552 294 2593 Jude
332 2554 600 2594 traditionem
639 2560 675 2593 et
710 2552 997 2593 multivariam
1035 2554 1285 2594 derisionem
1323 2570 1372 2594 ac
1405 2562 1662 2609 postremum
1692 2569 1774 2610 per
1797 2557 1843 2593 35

75 2624 221 2663 mortis
253 2631 290 2664 et
320 2625 455 2664 erucis
487 2625 682 2664 sententie
707 2623 990 2678 prolationem
1017 2625 1171 2664 cadens
1204 2632 1241 2665 et
1272 2626 1350 2665 cito
1389 2639 1630 2679 resumens,
1673 2626 1774 2679 quia

77 2693 144 2733 die
175 2695 324 2745 tercia,
365 2695 473 2735 sicut
500 2695 591 2748 ipse
623 2694 672 2734 de
703 2708 745 2734 se
776 2701 967 2734 testatur:
1006 2694 1237 2735 Precedam
1266 2709 1338 2735 vos
1368 2697 1414 2735 in
1450 2693 1672 2746 Galileam,
1704 2709 1771 2736 re-

77 2765 270 2805 surrexit.
333 2763 450 2804 Tune
488 2765 756 2804 adversarius
788 2763 944 2804 Christi
987 2764 1173 2806 lanceam
1209 2767 1256 2806 in
1297 2766 1364 2806 die
1395 2779 1644 2820 parasceves
1674 2765 1771 2806 sub-

79 2834 193 2875 ducit
234 2842 272 2875 et
304 2834 454 2888 femur
494 2834 748 2875 nobilissimi
783 2836 893 2889 reqis
932 2837 1067 2876 nostri
1102 2837 1186 2877 ictu
1226 2837 1484 2877 atrocissimo
1523 2835 1772 2891 transfodim

170 2913 215 2947 39
240 2913 349 2958 regis]
377 2919 462 2959 oriy.
481 2913 600 2948 cordis
625 2913 734 2957 regis.
