1949 3162
975 54 1058 96 (352

185 167 286 209 vidit
333 180 356 208 a
395 165 514 218 longe
558 162 760 219 quoddam
804 161 1016 203 cenobium
1056 159 1317 213 monialium,
1365 159 1415 200 ad
1454 157 1555 200 illud
1594 157 1778 213 perrexit
1816 160 1856 199 et

184 251 341 281 moram
372 236 525 278 ibidem
556 235 621 278 dei
650 247 788 277 amore
821 233 978 288 petivit.
1028 231 1204 274 Domine
1235 231 1354 272 istius
1380 229 1618 271 monasterii
1650 229 1750 270 satis
1780 227 1855 269 hu-

185 309 338 352 militer
369 321 456 350 eam
490 309 745 362 receperunt.
791 304 864 346 Illa
897 316 990 345 vero
1023 304 1081 344 sic
1112 303 1219 345 inter
1251 315 1318 344 eas
1351 305 1591 344 conversata
1622 304 1696 353 est,
1728 302 1774 341 ut
1805 298 1855 341 ab

186 380 373 423 omnibus
412 378 561 421 dilecta
601 380 701 420 erat.
757 375 867 417 Infra
897 379 1058 430 tempus
1091 374 1212 417 breve
1251 374 1423 415 virtutes
1463 371 1681 414 herbarum
1714 369 1858 412 didicit

185 452 227 494 111
264 455 446 504 1311111111,
494 449 603 504 quod
643 461 782 490 omnes
820 446 972 488 infirmi
1012 446 1061 487 ad
1097 459 1186 487 eam
1225 445 1433 486 venientes
1480 443 1752 495 sanabantur,
1799 441 1858 483 sic

186 523 293 578 quod
325 522 687 575 circumquaquam
721 518 868 560 diffusa
899 521 962 559 est
991 517 1101 559 fama
1133 517 1232 571 ejus.
1287 515 1419 557 Erant
1447 519 1545 556 tunc
1575 513 1772 568 temporis
1804 512 1857 554 si-

185 594 269 636 mul
301 593 485 635 homines
519 604 659 633 omnes
693 590 864 632 diversis
898 588 1204 631 infirmitatibus
1236 586 1433 643 percussi,
1467 585 1535 640 qui
1568 598 1656 627 eam
1687 585 1730 626 in
1762 596 1858 626 con-

185 666 385 707 fusionem
427 663 698 706 tradiderunt.
757 661 894 703 Primo
933 660 1060 702 frater
1091 659 1353 715 imperatoris
1390 658 1522 699 factus
1563 660 1624 699 est
1658 655 1856 711 leprosus.

187 736 373 779 Secundo
412 734 529 780 miles
570 733 823 776 senescalcus
862 732 993 774 factus
1033 736 1095 774 est
1126 731 1366 787 epilenticus
1400 733 1439 771 01
1475 728 1657 771 claudus.
1717 726 1859 769 Tere-io

185 808 255 850 ille
294 821 413 863 quem
453 806 503 848 de
535 804 755 860 suspendio
787 804 980 846 liberavit
1009 803 1140 844 factus
1173 805 1235 844 est
1266 814 1384 843 cecus
1416 803 1457 842 et
1494 799 1654 841 surdus.
1706 797 1858 848 Quarto

186 879 384 934 magister
416 878 485 932 qui
517 891 606 920 03111
641 876 873 931 opprimere
907 874 1069 916 volebat
1106 874 1239 915 factus
1279 876 1340 914 est
1375 871 1594 927 ydropicus
1628 883 1674 912 ac
1704 868 1860 911 scabio-

187 965 268 993 sus.
329 950 480 993 Omnes
518 949 587 990 isti
619 961 710 989 cum
743 948 792 989 de
824 947 934 989 fama
966 946 1130 987 domine
1162 944 1395 996 audissent,
1436 956 1518 984 una
1548 942 1706 984 dierum
1738 940 1861 982 simul

188 1026 229 1066 et
259 1022 385 1065 semel
417 1021 468 1063 ad
498 1019 793 1062 monasterium
826 1033 900 1074 pro
933 1018 1108 1059 sanitate
1137 1015 1372 1071 recipienda
1403 1017 1614 1056 venerunt.
1662 1012 1724 1054 Ita
1755 1011 1861 1066 quod

188 1094 418 1150 Imperator
449 1093 492 1134 in
524 1091 693 1147 propria
723 1103 900 1146 persona
931 1102 1023 1131 cum
1049 1088 1176 1129 fratre
1198 1101 1270 1128 suo
1300 1087 1462 1141 leproso
1495 1085 1545 1127 ad
1569 1084 1862 1127 monasterium

189 1166 313 1209 venit.
377 1163 458 1206 Sed
504 1162 640 1205 nullus
680 1176 730 1203 ex
763 1162 821 1204 eis
854 1160 1010 1203 sciebat
1047 1159 1154 1214 quod
1192 1158 1438 1214 imperatrix
1480 1159 1606 1209 esset,
1647 1155 1742 1210 quia
1773 1168 1862 1197 eam

189 1237 330 1279 multis
371 1235 514 1277 diebus
555 1248 643 1276 esse
682 1233 915 1275 defunctam
955 1231 1228 1274 crediderunt.
1291 1229 1438 1271 Statim
1479 1241 1570 1270 cum
1609 1227 1776 1269 domina
1813 1226 1863 1268 ad

188 1309 482 1364 Imperatorem
522 1306 668 1347 fuisset
706 1308 869 1357 vocata,
912 1304 1055 1345 faciem
1097 1316 1212 1344 suam
1245 1300 1459 1343 abscondit
1488 1300 1531 1341 111
1563 1303 1760 1354 quantum
1793 1311 1865 1353 po-

189 1381 280 1422 tuit.
347 1379 421 1421 Ait
459 1378 494 1420 ei
534 1376 785 1432 Imperator:
832 1375 1082 1428 Kar-issima,
1127 1373 1324 1429 deprecor
1363 1377 1424 1426 10,
1463 1375 1509 1414 111
1546 1384 1713 1413 manum
1751 1374 1864 1412 tuam

191 1451 388 1495 extendas
427 1450 478 1493 ad
516 1450 686 1491 fratrem
728 1461 883 1501 meum,
932 1447 1027 1501 quia
1064 1446 1250 1501 leprosus
1283 1448 1356 1487 est.
1410 1444 1466 1486 Et
1501 1443 1568 1485 hic
1605 1445 1700 1485 sunt
1736 1441 1865 1484 eciam

194 1524 346 1566 diversi
384 1522 557 1575 infirmi,
601 1520 670 1575 qui
709 1518 949 1561 beneficium
990 1518 1178 1560 sanitatis
1218 1531 1241 1559 a
1279 1520 1319 1558 te
1360 1517 1612 1571 exspectant.
1670 1513 1728 1556 At
1765 1513 1866 1556 ista:

190 1595 387 1648 Domine,
427 1597 573 1649 parata
605 1605 694 1634 sum
729 1591 843 1633 vobis
883 1591 925 1632 in
958 1590 1147 1632 omnibus
1181 1588 1364 1642 obedire,
1403 1587 1474 1629 sed
1504 1586 1619 1628 vobis
1652 1585 1865 1639 denuncio,

193 1667 298 1721 quod
339 1665 543 1708 medicina
579 1677 670 1706 mea
707 1662 810 1704 nulli
849 1661 1021 1715 valebit,
1060 1661 1141 1702 11181
1179 1661 1247 1715 qui
1286 1673 1387 1715 puro
1427 1658 1547 1701 corde
1586 1670 1721 1700 coram
1756 1656 1867 1698 omni

192 1737 342 1794 populo
375 1737 424 1779 de
456 1740 542 1778 tota
574 1736 659 1777 vita
690 1748 763 1776 sua
797 1734 922 1776 fuerit
962 1733 1183 1775 consessus.
1239 1732 1311 1773 Ait
1342 1731 1589 1786 Imperator:
1629 1728 1728 1779 Quis
1768 1741 1867 1769 sana

191 1813 328 1852 mente
364 1809 441 1850 1100
472 1807 720 1859 dimitteret,
767 1806 802 1847 si
841 1806 1059 1847 sanitatem
1091 1804 1275 1859 corporis
1315 1801 1593 1845 desideraret?
1639 1799 1868 1842 Conversus

193 1881 243 1923 ad
274 1881 443 1922 fratrem
477 1893 595 1921 suum
634 1878 710 1919 ait:
752 1877 1001 1929 Karissime,
1041 1876 1120 1917 cito
1153 1875 1273 1931 plene
1304 1887 1440 1916 coram
1473 1873 1590 1915 nobis
1622 1870 1868 1925 confitearis,

193 1956 238 1994 ut
269 1966 292 1993 a
312 1951 428 2007 lepra
462 1964 601 2006 posses
631 1949 778 1992 curari.
837 1948 908 1989 Ille
941 1961 1034 1989 vero
1067 1948 1222 2002 incepit
1253 1945 1438 1989 confiteri
1471 1959 1494 1987 a
1516 1943 1717 2000 principio
1740 1955 1870 1997 usque

193 2024 234 2065 111
267 2022 403 2076 11110111,
435 2022 505 2064 sed
539 2021 741 2076 quomodo
773 2019 1078 2075 Imperatricem
1112 2033 1186 2074 per
1217 2019 1349 2060 crines
1387 2016 1670 2072 suspendisset
1699 2014 1867 2056 dimisit.

193 2095 266 2137 Ait
297 2095 481 2136 domina:
524 2093 720 2144 Domine,
759 2091 1004 2133 medicinam
1045 2104 1251 2146 apponam
1290 2094 1330 2132 et
1361 2090 1396 2131 si
1427 2093 1489 2130 est
1521 2101 1615 2129 vere
1645 2086 1868 2140 confessus,

194 2166 399 2208 medicina
427 2165 586 2220 lepram
618 2164 800 2206 totaliter
832 2162 1021 2217 expellit,
1055 2163 1089 2204 si
1121 2175 1223 2215 non,
1262 2161 1389 2203 nichil
1420 2161 1456 2203 ei
1489 2158 1650 2201 valebit.
1702 2157 1870 2200 Medici-

194 2251 290 2280 nam
331 2237 523 2292 apposuit
554 2236 624 2278 sed
655 2234 781 2276 nichil
818 2235 854 2276 ei
893 2234 1059 2290 profuit.
1115 2233 1203 2275 Hoc
1243 2233 1386 2275 videns
1418 2232 1647 2287 Imperator
1677 2229 1798 2271 irruit
1827 2229 1870 2270 in

195 2323 288 2352 eum
321 2313 361 2351 et
391 2308 468 2350 ait:
502 2307 635 2358 Quare
667 2320 747 2348 non
780 2305 1012 2347 confitearis
1045 2319 1145 2360 pure
1178 2304 1366 2359 quitquid
1397 2303 1544 2357 fecisti,
1575 2306 1622 2344 ut
1651 2301 1869 2343 sanitatem

195 2380 394 2435 recipies?
433 2380 494 2421 Ac
529 2379 627 2421 iste:
669 2378 845 2419 Domine
883 2391 963 2418 non
1005 2390 1171 2432 possum
1210 2376 1291 2418 nisi
1322 2376 1436 2431 prius
1475 2373 1577 2415 mihi
1609 2372 1887 2415 securitatem

196 2451 356 2505 feceris,
390 2450 499 2506 quod
532 2449 689 2492 nullum
714 2449 866 2490 malum
901 2463 924 2490 a
945 2452 985 2491 te
1006 2448 1218 2503 recipiam.
1266 2447 1328 2489 Ac
1359 2447 1456 2488 iste:
1489 2445 1568 2487 Dic
1598 2444 1713 2497 mihi,
1746 2442 1871 2484 male-

197 2523 324 2576 dicte,
364 2522 460 2576 quid
499 2521 633 2563 fecisti
665 2524 807 2562 contra
838 2534 903 2562 me
934 2523 980 2562 ut
1012 2520 1275 2562 securitatem
1307 2517 1449 2574 petas?
1495 2517 1558 2558 dic
1599 2519 1640 2558 et
1669 2514 1745 2556 tibi
1778 2527 1872 2569 pro·
1899 2538 1903 2541 -

198 2594 315 2636 1111110
348 2598 394 2635 111
425 2593 581 2634 nullum
615 2591 768 2633 malum
801 2592 989 2647 recipias.
1043 2591 1098 2632 Et
1140 2591 1216 2632 iste
1248 2590 1354 2631 dixit
1383 2602 1519 2631 coram
1552 2586 1740 2629 omnibus
1773 2599 1872 2640 quo-

197 2665 317 2707 modo
350 2678 442 2706 cum
464 2663 729 2719 Imperatrice
762 2663 922 2717 egisset.
971 2663 1199 2718 Imperator
1230 2675 1322 2704 011111
1344 2661 1421 2703 1100
1443 2660 1637 2712 audisset,
1670 2660 1873 2699 commota

199 2741 294 2778 sunt
316 2736 454 2778 omnia
475 2736 633 2777 viscera
654 2735 740 2788 ejus
773 2739 813 2776 et
845 2734 920 2776 ait:
955 2733 987 2776 O
1012 2734 1200 2789 pessime,
1233 2733 1333 2774 mihi
1366 2732 1507 2774 dixisti
1540 2730 1646 2785 quod
1668 2728 1873 2771 subitania

199 2812 330 2850 morte
362 2808 405 2849 in
436 2808 589 2849 foresta
621 2806 808 2848 obiisset!
848 2805 938 2848 Heu
971 2805 1092 2858 mihi,
1133 2804 1239 2859 quod
1279 2804 1540 2846 securitatem
1573 2801 1648 2843 tibi
1679 2800 1870 2855 promisi!

201 2879 279 2920 nisi
312 2879 388 2921 hoc
418 2879 576 2932 fuisset,
608 2877 797 2919 manibus
830 2878 931 2919 meis
963 2881 1003 2919 te
1035 2876 1287 2918 occidissem.
1345 2875 1377 2917 O
1410 2875 1587 2930 pessime
1617 2872 1802 2928 proditor
1833 2874 1873 2913 et

205 2963 402 3006 nequam,
440 2964 522 2994 11011
561 2948 736 2993 timuisti
775 2948 894 2992 deum
935 2948 1097 3003 quando
1136 2961 1306 2990 uxorem
1343 2960 1476 2989 meam
1516 2948 1599 2987 tam
1638 2947 1793 2986 castam
1833 2947 1873 2986 et
