1919 3157
844 74 928 113 4:33

53 178 270 232 vigilancia
307 179 457 220 cadunt
498 184 534 220 et
577 179 803 220 dormiente
837 179 966 234 ipsius
999 179 1221 234 prudencia
1255 177 1525 232 spiritualiter
1558 183 1729 232 pereant

53 256 94 292 et
127 263 288 292 vaccam
323 250 346 291 i.
371 263 404 291 e.
430 250 623 295 animani.
657 264 777 304 quarn
802 249 1018 303 diligenter
1041 263 1204 292 servare
1227 248 1387 301 debent,
1421 263 1493 304 per
1516 253 1726 304 peccatum

54 321 260 372 amittunt,
294 321 400 362 unde
432 326 552 375 caput
587 337 608 362 a
643 321 790 362 talibus
825 325 1075 376 amputatur,
1114 321 1138 361 i.
1163 333 1196 362 e.
1232 320 1349 361 beata
1383 321 1466 361 vita
1498 334 1618 374 quarn
1653 320 1727 361 deo

53 392 331 448 promiserunt
372 406 444 447 per
485 406 609 447 opera
649 393 858 434 meritoria
897 405 1072 434 servare.
1136 390 1361 432 Mercurius
1400 391 1425 431 i.
1467 405 1499 432 e.
1543 390 1728 432 diabolus

53 463 185 505 aufert
218 462 268 504 ab
291 463 349 504 eis
373 463 496 504 vitam
523 468 703 505 eternam
729 464 912 505 ducendo
937 476 1098 504 vaccam
1125 462 1148 503 i.
1173 475 1206 503 e.
1231 462 1410 502 animam
1436 462 1484 502 ad
1510 462 1727 503 infernum.

701 682 801 724 CAP.
831 682 923 723 11⁴2.
949 681 1081 729 (104.)

53 769 126 815 De
163 771 403 815 euracione
450 772 598 814 anime
639 785 720 829 per
758 770 1020 813 meda-inam
1072 766 1372 827 super-celestis
1418 765 1592 819 ›neda-i,
1640 780 1729 825 qua

456 854 639 912 quidam
678 858 894 898 curantur
931 857 971 896 et
1006 851 1187 910 quidam
1227 865 1332 895 non.

172 959 403 1015 Gorgonius
443 961 651 1013 regnavit.
692 962 757 1015 qui
800 973 968 1001 uxorem
1010 958 1222 1014 pulchram
1258 957 1434 1012 accepit,
1475 956 1662 1010 concepit
1693 959 1734 997 et

54 1032 214 1088 peperit
246 1031 387 1074 filium.
447 1032 551 1074 Puer
591 1032 719 1074 crevit
753 1035 791 1074 et
825 1031 874 1072 ab
908 1030 1096 1072 omnibus
1135 1034 1197 1071 est
1236 1028 1428 1077 dilectus;
1469 1040 1559 1069 cum
1594 1031 1730 1068 autem

54 1104 192 1146 decem
229 1117 356 1146 annos
392 1104 430 1145 in
465 1108 572 1145 etate
605 1103 759 1146 habuit.
793 1106 953 1143 mortua
988 1105 1049 1142 est
1081 1105 1213 1142 mater
1247 1101 1332 1154 ejus
1365 1103 1406 1141 et
1432 1098 1585 1140 tradita
1607 1097 1733 1139 hono-

55 1175 165 1217 rifice
205 1175 427 1230 sepulture.
484 1174 580 1216 Post
620 1174 692 1216 hoc
732 1188 780 1216 ex
814 1173 983 1214 consilio
1023 1172 1242 1213 multorum
1286 1184 1357 1212 rex
1400 1170 1521 1212 aliam
1562 1182 1733 1210 uxorem

55 1247 186 1299 duxit,
219 1260 295 1301 que
328 1246 456 1288 filium
491 1246 621 1301 prime
656 1245 794 1286 uxoris
826 1257 906 1286 non
941 1243 1104 1295 dilexit,
1139 1242 1208 1284 sed
1242 1240 1463 1296 obprobria
1494 1239 1625 1282 multa
1656 1239 1733 1282 sibi

55 1317 213 1362 intulit:
252 1331 323 1360 rex
358 1323 493 1359 autem
528 1317 601 1359 hoc
634 1316 887 1371 percipiens,
921 1315 1061 1356 volens
1095 1314 1254 1370 placere
1288 1313 1419 1365 uxori,
1452 1311 1580 1353 filium
1614 1324 1733 1352 suum

58 1393 176 1430 extra
208 1389 425 1444 imperium
460 1388 686 1434 ordinavit,
724 1387 832 1428 filius
864 1387 920 1428 sic
954 1386 1149 1441 expulsus
1183 1390 1310 1426 artem
1345 1383 1546 1425 medicine
1578 1382 1736 1424 studuit

60 1465 99 1502 et
132 1461 172 1502 in
204 1464 364 1502 tantum
398 1460 589 1515 profecit,
631 1459 734 1513 quod
768 1459 900 1499 factus
932 1462 994 1499 est
1025 1470 1197 1510 magnus
1231 1460 1270 1497 et
1301 1455 1505 1510 perfectus
1537 1453 1732 1495 medicus.

60 1531 244 1574 Audiens
283 1546 375 1585 rex,
416 1531 521 1586 quod
562 1530 669 1572 tilius
702 1544 798 1571 suus
832 1530 871 1570 in
905 1528 1038 1570 studio
1080 1528 1271 1583 profecit,
1313 1526 1478 1580 gavisus
1510 1529 1572 1567 est
1602 1523 1734 1566 valde.

60 1603 221 1645 Accidit
264 1602 386 1658 [9412]
423 1603 531 1644 infra
563 1607 723 1657 tempus
757 1601 897 1653 breve,
936 1600 1043 1654 quod
1076 1612 1144 1640 rex
1180 1599 1219 1640 in
1253 1611 1420 1651 gravem
1453 1596 1735 1638 infirmitatem

60 1675 220 1727 cecidit,
253 1675 411 1717 litteras
445 1688 518 1729 pro
551 1673 633 1714 tilio
667 1672 901 1724 destinavit,
936 1675 981 1712 ut
1012 1671 1061 1712 ad
1092 1684 1181 1712 eum
1216 1671 1304 1711 sine
1326 1669 1511 1711 ulteriori
1535 1667 1737 1709 dilacione

61 1746 219 1789 veniret
258 1751 297 1788 et
337 1759 426 1788 eum
473 1745 522 1787 ab
561 1745 800 1786 infirmitate
838 1743 1051 1789 liberaret:
1090 1741 1198 1782 tilius
1239 1754 1356 1794 vero,
1401 1744 1445 1781 ut
1482 1739 1735 1780 voluntatem

62 1817 191 1872 patris
224 1817 441 1870 intellexit,
476 1817 525 1858 ad
549 1821 707 1871 patrem
744 1815 854 1857 venit
886 1818 926 1856 et
958 1827 1049 1855 eum
1083 1813 1260 1868 perfecte
1293 1811 1465 1863 curavit,
1498 1809 1605 1851 unde
1626 1809 1738 1850 fama

63 1889 150 1942 ejus
188 1902 261 1944 per
292 1893 422 1930 totum
458 1901 627 1941 regnum
672 1886 834 1927 volavit.
890 1884 988 1926 Post
1026 1885 1097 1926 hec
1137 1884 1280 1937 regina
1319 1887 1451 1924 mater
1492 1881 1577 1935 ejus
1610 1893 1737 1934 usque

63 1959 114 2001 ad
145 1964 318 2002 mortem
352 1958 656 2010 infirmabatur,
698 1961 738 1999 et
768 1956 915 1998 medici
949 1970 998 1998 ex
1031 1956 1141 1997 omni
1173 1957 1291 2010 parte
1323 1957 1419 1995 sunt
1451 1952 1636 2004 adducti,
1669 1951 1738 2006 qui

63 2044 204 2074 omnes
237 2044 326 2073 eam
362 2031 411 2072 ad
444 2034 616 2071 mortem
651 2027 903 2082 judicabant.
960 2027 1046 2069 Hoc
1088 2030 1220 2068 autem
1264 2025 1494 2080 percipiens
1534 2037 1605 2065 rex
1643 2035 1738 2064 con-

63 2103 251 2144 tristatus
291 2102 429 2154 valde,
470 2101 631 2154 rogavit
670 2099 798 2141 filium
837 2112 976 2151 suum,
1018 2102 1061 2140 ut
1093 2111 1179 2139 eam
1219 2099 1402 2145 curaret3
1443 2099 1485 2137 at
1519 2094 1626 2136 filius
1659 2094 1738 2135 ait:

63 2172 311 2216 Peticionem
347 2178 524 2214 vestram
559 2171 730 2226 implere
761 2170 867 2211 nolo.
912 2170 984 2211 Cui
1020 2173 1156 2224 pater:
1190 2168 1321 2209 Extra.
1349 2180 1516 2220 regnum
1541 2178 1675 2207 meum
1699 2169 1740 2206 te

65 2244 281 2300 expellam.
325 2244 398 2285 Cui
432 2243 560 2285 tilius:
594 2242 635 2284 Si
670 2243 728 2283 sic
756 2241 891 2294 agitis,
924 2241 1073 2294 injuste
1095 2253 1253 2281 mecum
1277 2238 1426 2291 facitis,
1461 2238 1595 2292 pater!
1629 2235 1740 2277 Bene

65 2319 225 2358 constat
263 2315 398 2368 vobis,
449 2314 556 2368 quod
605 2327 669 2355 me
710 2317 827 2354 extra
866 2325 1036 2365 regnum
1079 2310 1272 2366 expulisti
1313 2312 1482 2364 propter
1521 2308 1607 2361 ejus
1645 2320 1739 2360 sug-

64 2387 312 2441 gestionem3
352 2386 459 2428 unde
500 2398 589 2427 mea
627 2384 817 2427 absencia
855 2384 933 2424 fuit
973 2396 1095 2424 causa
1134 2382 1259 2423 vestri
1299 2380 1451 2422 doloris
1491 2392 1537 2421 ac
1568 2378 1740 2419 intirmi-

65 2459 176 2510 tatis,
209 2462 249 2500 et
280 2472 371 2500 mea
394 2456 607 2512 presencia
639 2460 701 2497 est
731 2468 851 2497 causa
877 2454 1029 2495 doloris
1059 2458 1097 2495 et
1119 2452 1370 2494 infirmitatis
1402 2451 1554 2504 regine,
1589 2454 1629 2491 et
1649 2449 1739 2490 ideo

65 2530 159 2572 nolo
191 2543 279 2572 eam
313 2542 477 2581 curare,
519 2527 587 2569 sed
629 2526 677 2567 ab
711 2540 759 2567 ea
790 2525 990 2567 recedere.
1048 2525 1119 2566 Ait
1155 2528 1291 2579 pater:
1332 2522 1517 2564 Eundem
1553 2520 1737 2561 morbum

68 2600 189 2643 habet
221 2613 338 2655 quem
374 2613 446 2653 ego
489 2598 631 2646 habui:
674 2612 737 2639 me
776 2597 956 2652 perfecte
994 2596 1168 2647 curasti,
1209 2595 1265 2635 sic
1305 2598 1345 2635 et
1375 2606 1462 2634 eam
1497 2605 1605 2633 cura.
1664 2590 1741 2632 Re—

69 2672 234 2728 spondit
266 2671 392 2713 filius:
427 2670 549 2712 Pater
581 2669 657 2722 mi,
697 2669 791 2711 licet
824 2668 878 2709 sit
909 2667 1050 2709 eadem
1083 2666 1276 2718 firmitas,
1316 2678 1395 2706 uon
1428 2668 1564 2705 tamen
1599 2662 1739 2704 eadem

68 2742 297 2798 complexio
331 2745 394 2784 est
424 2741 498 2783 tibi
532 2744 571 2782 et
609 2740 705 2792 sibi;
747 2739 931 2794 quicquit
964 2751 1058 2790 ergo
1091 2737 1164 2778 tibi
1197 2737 1293 2789 feci,
1334 2738 1493 2789 gratum
1535 2737 1575 2775 et
1606 2737 1739 2774 ratum

69 2814 263 2867 habuisti,
296 2818 336 2855 et
368 2813 529 2868 quando
553 2811 755 2867 palacium
782 2810 931 2852 intravi
965 2813 1004 2850 et
1035 2822 1099 2850 me
1132 2808 1283 2860 vidisti,
1316 2809 1480 2848 curatus
1501 2805 1636 2855 fuisti;
1669 2817 1741 2845 no-

70 2898 189 2927 verca
219 2899 330 2939 mea,
364 2884 526 2939 quando
561 2896 624 2924 me
658 2882 787 2934 videt,
820 2885 1034 2935 gravatur;
1075 2881 1107 2920 si
1139 2879 1305 2933 loquor,
1345 2876 1576 2918 incenditur
1607 2875 1742 2926 dolor;

162 2967 206 3001 22
233 2966 358 3010 mater]
385 2971 470 3012 oriy.
491 2966 694 2999 matertera.
791 2964 831 2996 31
862 2960 1040 3004 recedere]
1067 2966 1151 3006 oriy.
1171 2959 1306 2993 redere.

1760 1038 1802 1071 10

1762 1392 1804 1425 15

1762 1747 1807 1780 20

1765 2102 1809 2136 25

1765 2458 1810 2491 30

1767 2812 1811 2846 35
