1919 3157
930 81 1013 122 379

135 178 176 216 et
207 175 406 229 spoliant;
445 179 514 220 sed
547 180 677 223 altera
709 183 774 224 via
813 189 874 226 est
914 187 1013 228 satis
1046 188 1169 243 plana
1209 190 1248 231 in
1282 206 1362 246 qua
1395 199 1491 236 sunt
1523 201 1606 238 tres
1639 198 1805 251 milites,

134 245 203 298 qui
237 259 377 289 omnes
411 248 611 293 intrantes
636 252 808 307 benigne
831 257 1047 311 recipiunt,
1081 264 1121 301 et
1143 263 1280 304 omnia
1302 266 1534 308 necessaria
1557 268 1805 322 ministrant,

133 318 174 356 et
205 315 279 358 hoc
312 319 412 360 satis
446 327 586 374 aperte
621 324 750 374 video,
785 331 824 367 et
856 326 946 368 ideo
978 331 1109 383 magis
1143 332 1270 374 oculis
1295 336 1394 377 meis
1427 337 1547 379 credo
1571 352 1692 392 quam
1716 339 1802 382 tibi.

131 385 204 427 Ait
241 388 424 442 sapiens:
464 390 580 434 Licet
618 408 696 435 una
737 397 800 437 via
841 398 891 439 311
931 399 1221 444 ambulandum
1254 405 1309 446 sit
1341 406 1483 460 plana,
1524 414 1659 451 tamen
1693 410 1806 453 ducit

131 468 204 497 nos
245 457 294 498 ad
338 458 602 514 obprobrium
643 467 937 520 sempiternum
971 471 1066 523 quia
1102 470 1243 528 [ducti]
1280 477 1432 518 erimus
1475 479 1524 519 ad
1559 480 1800 534 patibulum.
1829 493 1850 526 5

131 525 175 567 Si
214 541 286 582 per
326 530 432 571 viam
476 534 658 576 strictam
703 542 869 592 propter
909 553 1088 594 pugnam
1134 549 1174 585 et
1205 544 1384 589 latrones
1425 549 1545 590 times
1579 550 1802 604 ambulare,

129 601 192 639 est
222 597 294 640 tibi
329 600 592 655 obprobrium
628 620 700 660 pro
734 614 955 664 perpetuo,
990 613 1085 665 quia
1116 614 1234 657 miles
1267 630 1309 659 05
1342 622 1406 670 111,
1440 623 1480 661 01
1511 620 1709 663 militibus
1740 623 1802 664 in-

128 669 284 711 cumbit
314 676 456 714 eontra
488 674 625 717 hostes
659 692 853 732 pugnare.
888 681 1012 723 Aliud
1037 688 1110 737 est,
1144 686 1177 726 si
1201 700 1357 729 mecum
1384 689 1560 731 volueris
1584 705 1657 746 per
1679 693 1799 735 istam

127 738 233 780 viam
269 753 451 796 pergere,
484 744 657 789 firmiter
690 751 885 804 promitto
919 757 1012 795 ante
1044 758 1083 796 te
1117 756 1167 797 ad
1199 757 1349 800 bellum
1384 773 1578 815 pergere,
1612 767 1652 804 et
1683 768 1800 817 quot-

125 813 225 863 quot
263 817 359 854 sunt
397 819 635 871 penetrare,
675 820 709 861 si
751 821 849 863 velis
890 836 954 865 me
987 825 1146 878 juvare.
1195 829 1252 870 At
1292 829 1380 872 ille:
1420 831 1553 874 Amen
1587 833 1676 876 dico
1709 836 1869 888 11111,10

125 893 197 935 per
229 882 335 924 viam
369 884 482 927 illam
514 887 607 929 nolo
640 903 824 945 pergere,
858 893 928 934 sed
962 896 1103 949 pocius
1137 912 1208 953 per
1240 900 1374 942 istam.
1421 902 1494 944 Ait
1516 905 1701 959 sapiens:
1734 906 1797 948 Ex

125 965 202 1005 quo
234 951 355 996 fidem
390 969 522 998 meam
564 959 637 1001 tibi
680 961 772 1003 dedi
812 967 851 1005 et
889 964 929 1005 in
963 966 1122 1019 signum
1158 968 1366 1013 fidelitatis
1408 975 1648 1027 sanguinem
1682 980 1797 1019 tuum

122 1021 228 1077 bibi,
269 1024 401 1068 solum
435 1041 514 1070 non
549 1030 786 1087 derelinquo
819 1038 858 1076 te
891 1036 1120 1092 ambulare,
1161 1044 1293 1083 tecum
1328 1056 1510 1098 pergam.
1558 1045 1692 1088 Ambo
1726 1062 1798 1103 per

121 1094 292 1137 eandem
316 1097 422 1139 viam
447 1100 773 1145 ambulaverunt.
807 1104 937 1148 Multa
958 1108 1110 1151 solacia
1132 1112 1356 1154 secundum
1379 1114 1631 1159 voluntatem
1655 1131 1795 1161 eorum

120 1164 367 1209 invenerunt
406 1183 478 1225 per
518 1172 646 1226 viam,
686 1174 813 1218 donec
853 1178 903 1219 ad
936 1178 1163 1234 hospicium
1205 1184 1329 1226 trium
1365 1186 1539 1228 militum
1582 1196 1794 1244 venerunt,
1824 1201 1865 1234 15

120 1236 189 1290 qui
220 1238 321 1280 satis
354 1239 575 1284 honorifice
614 1249 709 1287 sunt
740 1249 893 1303 recepti
928 1263 974 1291 ac
1005 1251 1218 1306 splendide
1253 1255 1489 1298 ministrati.
1539 1258 1582 1300 ln
1615 1261 1796 1314 qualibet

118 1307 338 1352 refectione
370 1311 487 1354 miles
519 1314 668 1357 stultus
701 1319 878 1373 sapienti
910 1320 1034 1363 dixit:
1068 1322 1303 1379 Carissime,
1335 1340 1470 1370 nonne
1503 1330 1577 1371 tibi
1606 1332 1793 1386 predixi?

116 1377 222 1421 Ecce
261 1385 358 1434 quot
397 1387 438 1425 et
478 1391 631 1438 quanta
670 1387 866 1431 habemus
907 1391 1061 1434 solacia
1098 1394 1137 1436 in
1173 1396 1252 1438 ista
1284 1398 1370 1450 via3
1412 1399 1461 1441 (10
1493 1401 1682 1445 omnibus
1713 1403 1792 1446 hiis

116 1448 158 1490 in
195 1450 267 1493 illa
305 1453 371 1494 via
410 1454 712 1500 defecissemus.
761 1459 831 1502 Ille
874 1464 1106 1517 respondit:
1148 1464 1192 1508 Si
1229 1466 1321 1510 finis
1353 1468 1483 1512 bonus
1516 1473 1615 1526 0111,
1660 1477 1791 1516 10111111

116 1519 265 1564 bonum
302 1525 393 1577 erit,
427 1527 534 1579 quod
566 1541 645 1569 non
679 1543 811 1584 spem.
860 1531 962 1574 Cum
994 1534 1076 1577 illis
1108 1537 1307 1581 militibus
1340 1554 1414 1595 per
1446 1542 1583 1597 aliqua
1604 1548 1791 1600 tempora
1816 1557 1861 1591 20

115 1605 272 1635 moram
294 1599 532 1647 traxei·unt;
566 1601 815 1644 senescallus
837 1603 1015 1646 civitatis
1038 1607 1222 1662 audiens,
1247 1611 1354 1664 quod
1377 1612 1455 1654 duo
1473 1614 1625 1657 milites
1648 1622 1791 1660 contra

113 1663 433 1717 prohibicionem
469 1670 577 1722 regis
610 1684 738 1726 prope
771 1673 978 1717 civitatem
1013 1684 1170 1732 essent,
1204 1681 1342 1723 statim
1377 1684 1574 1727 satellites
1607 1700 1701 1729 suos
1733 1688 1790 1730 ibi

113 1734 237 1789 misit,
269 1738 338 1791 qui
371 1752 439 1781 eos
472 1746 667 1795 caperent
699 1748 739 1785 et
769 1744 820 1786 ad
854 1745 1062 1790 civitatem
1096 1749 1303 1794 ducerent.
1353 1753 1611 1799 Senescallus
1645 1759 1787 1802 videns

112 1819 237 1848 unum
270 1808 440 1851 stultum
473 1811 588 1854 illum
627 1813 764 1867 ligatis
798 1818 988 1860 manibus
1027 1824 1067 1861 et
1098 1822 1270 1876 pedibus
1312 1825 1353 1866 in
1387 1828 1592 1880 quandam
1625 1830 1783 1872 foveam

110 1877 255 1931 projici
286 1879 413 1933 jussit
458 1887 497 1924 et
536 1883 659 1925 alium
701 1886 984 1931 incarceravit.
1040 1891 1141 1934 Cum
1183 1908 1277 1936 vero
1310 1896 1437 1949 judex
1487 1899 1537 1940 ad
1577 1900 1782 1943 civitatem
1812 1912 1856 1946 25

110 1949 309 2004 venisset,
343 1964 483 1995 omnes
516 1954 800 1999 malefactores
833 1959 1012 2002 civitatis
1044 1963 1085 2003 in
1118 1971 1339 2020 conspectu
1373 1969 1458 2021 ejus
1491 1975 1587 2012 sunt
1617 1984 1785 2026 presen-

109 2019 184 2060 tati
216 2024 257 2062 et
287 2021 395 2064 inter
426 2028 582 2067 ceteros
616 2027 683 2068 isti
715 2028 794 2070 duo
827 2030 991 2074 milites.
1043 2031 1116 2087 [54
1128 2034 1169 2089 b]
1202 2037 1275 2079 Ait
1305 2039 1472 2093 sapiens
1506 2041 1622 2083 miles
1647 2055 1783 2085 coram

102 2089 262 2143 judice:
303 2092 479 2136 Domine
512 2095 562 2137 de
594 2098 703 2140 socio
735 2113 825 2141 meo
859 2114 1105 2158 conqueror,
1140 2107 1235 2160 111113
1269 2109 1357 2163 11150
1390 2116 1452 2153 051
1483 2125 1607 2154 031153
1638 2115 1783 2156 11101115

106 2174 208 2203 mee.
256 2161 407 2217 Legem
441 2166 558 2208 istius
592 2169 771 2212 civitatis
812 2173 973 2226 predixi
1012 2179 1052 2217 et
1084 2177 1285 2233 pericula,
1323 2181 1435 2223 nullo
1469 2183 1588 2225 modo
1623 2184 1784 2227 volebat

106 2231 225 2274 dictis
265 2235 367 2277 meis
405 2237 569 2280 credere
608 2253 681 2281 nec
723 2243 980 2296 acquiescere
1021 2250 1060 2288 et
1098 2249 1280 2291 consiliis
1313 2252 1415 2293 meis
1454 2253 1670 2308 adherere,
1711 2257 1782 2297 sed
1805 2267 1851 2301 30

104 2303 229 2345 11110111
261 2307 492 2361 respondit:
525 2310 621 2352 Plus
654 2313 773 2354 credo
807 2315 934 2357 oculis
967 2317 1068 2358 meis
1101 2333 1221 2373 quam
1257 2321 1376 2364 dictis
1406 2324 1499 2365 tuis.
1549 2324 1651 2366 Cum
1685 2339 1780 2368 vero

104 2373 183 2416 fide
215 2388 262 2417 30
286 2377 522 2430 juramento
562 2381 790 2425 adinvicem
823 2385 938 2438 ligati
975 2392 1060 2430 tam
1092 2390 1133 2430 in
1170 2394 1442 2447 prosperitate
1480 2408 1600 2448 quam
1635 2397 1674 2438 in
1710 2397 1780 2438 ad-

104 2446 298 2489 versitate
336 2462 519 2504 eramus,
569 2452 657 2495 ideo
697 2456 860 2508 quando
901 2458 1035 2513 ipsum
1077 2461 1208 2503 solum
1249 2464 1332 2505 vidi
1374 2479 1562 2520 pergere,
1611 2472 1780 2523 propter

97 2515 379 2568 juramentum
412 2535 503 2563 cum
538 2536 583 2564 eo
616 2524 823 2567 ambulavi
857 2532 897 2569 01
928 2529 1018 2571 11100
1051 2544 1174 2573 causa
1207 2535 1350 2576 mortis
1383 2549 1471 2578 mee
1503 2537 1580 2578 iste
1612 2542 1692 2590 051;
1726 2540 1779 2581 da

103 2600 198 2639 ergo
231 2594 384 2632 rectum
403 2593 617 2645 judicium.
667 2597 738 2637 Ait
760 2597 863 2639 alter
886 2599 1003 2642 miles
1025 2602 1174 2644 stultus
1191 2604 1344 2657 judici:
1379 2605 1469 2661 Ipse
1491 2621 1613 2650 causa
1633 2611 1776 2652 mortis
1801 2622 1846 2655 35

102 2671 190 2700 mee
223 2664 304 2712 051;
337 2668 498 2705 00115131
531 2666 604 2706 toti
637 2667 802 2720 mundo,
836 2670 942 2723 quod
976 2671 1063 2726 ipse
1095 2678 1157 2715 est
1187 2676 1352 2730 sapiens
1375 2682 1415 2718 et
1439 2691 1511 2731 ego
1533 2681 1777 2724 naturaliter

101 2729 265 2784 stultus,
299 2733 405 2775 unde
436 2748 510 2790 per
542 2737 792 2791 sapienciam
826 2753 940 2782 suam
974 2755 1054 2783 non
1079 2744 1285 2788 debuisset
1305 2750 1389 2789 tam
1414 2748 1558 2790 leviter
1581 2750 1775 2794 adherere

101 2800 279 2844 stulticie
311 2817 420 2859 mee,
461 2806 529 2848 sed
571 2808 732 2861 quando
773 2809 883 2852 solus
923 2812 1150 2870 ambulavi,
1189 2817 1223 2858 si
1258 2817 1325 2860 ille
1357 2818 1565 2861 insecutus
1597 2835 1662 2864 me
1693 2836 1774 2865 non

98 2870 257 2926 fuisset,
291 2887 386 2928 ergo
420 2890 492 2932 per
526 2878 647 2931 viam,
682 2893 754 2934 per
787 2894 908 2935 quam
945 2884 1105 2928 volebat
1136 2887 1360 2941 ambulare,
1395 2903 1582 2933 reversus
1603 2892 1772 2936 fuissem

30 2996 33 2999 Ι
99 2946 140 2983 01
170 2956 306 2986 50011111
340 2946 613 2990 ambulassem
648 2955 816 3006 propter
841 2953 1148 3012 juramentum,
1182 2959 1289 3013 quod
1323 2960 1359 3001 ei
1393 2962 1577 3017 prestiti,
1610 2968 1650 3006 et
1679 2965 1770 3007 ideo
1796 2976 1842 3010 40
