1919 3157
850 72 929 113 691

50 171 188 221 petere
230 168 333 210 volo.
395 169 473 212 Per
511 172 724 215 consilium
768 176 1008 218 seneschalli
1052 178 1163 220 illam
1204 185 1377 223 mortem
1417 182 1625 236 ordinavi,
1675 197 1721 226 eo

50 236 155 291 quod
190 251 253 280 me
286 252 358 294 per
389 244 517 283 totum
552 243 768 298 imperium
802 246 1105 301 scandalizasti,
1140 250 1245 302 quod
1279 265 1495 306 percussus
1517 253 1574 295 fui
1607 253 1723 309 lepra

49 320 127 361 que
172 312 331 351 tantum
378 311 531 354 fetebat
577 314 682 367 quod
729 315 1029 360 abhominabile
1070 324 1177 372 erat,
1226 325 1265 362 et
1312 322 1351 363 in
1392 323 1553 376 signum
1602 323 1721 378 hujus

47 376 193 419 faciem
228 383 339 421 tuam
389 395 412 422 a
450 396 513 424 me
560 385 743 426 avertisti
793 388 953 440 quaudo
1000 393 1141 443 potum
1183 391 1281 432 mihi
1323 393 1534 447 optulisti,
1567 399 1607 437 et
1646 395 1721 438 hoc

47 447 176 489 oculis
222 451 323 492 meis
372 452 466 505 vidi,
516 460 682 509 propter
730 457 835 510 quod
883 457 1005 499 talem
1049 463 1219 502 mortem
1269 463 1455 505 ordinavi
1503 469 1543 507 et
1590 465 1721 508 adhuc

47 518 244 561 ordinabo
284 522 363 563 nisi
402 523 512 564 aliud
551 525 731 567 audiero.
788 528 859 569 Ait
890 527 1152 582 Fulgencius:
1195 530 1237 572 Si
1271 532 1383 574 vobis
1416 534 1550 589 placet
1583 537 1720 580 audite

47 592 87 630 et
125 591 474 646 conspiracionem
517 596 735 649 pessimam
770 598 971 640 videbitis.
1008 598 1263 643 Senescallus
1303 604 1370 657 qui
1406 605 1494 658 jam
1534 612 1719 650 mortuus

46 663 108 700 est
146 661 258 702 venit
296 663 346 704 ad
385 677 449 705 me
488 669 528 706 et
560 665 676 713 dixit.
710 668 817 721 quod
849 682 919 710 vos
959 670 994 711 ei
1027 670 1203 724 dixistis,
1236 674 1342 726 quod
1379 689 1450 728 ego
1481 676 1596 732 lepra
1627 692 1720 733 per-

45 742 186 772 cussus
217 731 275 773 fui
307 734 412 787 quod
448 735 618 777 multum
651 737 815 791 fetebat,
849 743 888 780 et
920 739 994 782 hoc
1027 741 1076 783 ab
1106 755 1174 783 ore
1197 748 1331 786 vestro
1365 746 1522 789 audivit
1553 752 1593 790 et
1624 761 1719 791 con-

44 799 181 843 silium
222 802 321 844 mihi
361 804 492 858 dedit,
540 807 645 860 quod
684 809 845 862 quando
886 815 1024 864 potum
1071 812 1185 854 vobis
1224 815 1523 871 ministrarem,
1571 819 1719 862 faciem

44 884 175 913 meam
218 886 242 914 a
275 874 387 916 vobis
427 881 666 919 averterem.
719 879 851 921 Testis
883 885 945 922 est
984 882 1082 924 mihi
1115 883 1233 937 deus,
1275 886 1380 939 quod
1413 901 1492 929 non
1526 890 1715 932 mentior.

44 940 272 997 Imperator
303 957 394 986 cum
428 946 502 989 hoc
535 949 717 991 audisset
747 951 921 993 credidit
952 966 1025 1007 per
1047 954 1184 996 omnia
1217 959 1257 997 et
1281 957 1406 999 dixit:
1441 958 1473 1000 O
1506 958 1577 1013 fili,
1604 960 1717 1014 justo

42 1011 106 1054 dei
132 1013 287 1067 judicio
320 1017 567 1060 senescallus
601 1023 785 1062 mortuus
819 1026 892 1075 est,
926 1025 1113 1078 nequicia
1145 1026 1230 1079 ejus
1262 1028 1409 1070 cecidit
1440 1043 1563 1085 super
1595 1034 1720 1086 caput

41 1083 128 1136 ejus
159 1086 393 1140 proprium;
426 1088 514 1143 ipse
546 1090 666 1131 istam
701 1091 905 1134 maliciam
939 1099 1079 1136 contra
1102 1099 1140 1138 te
1172 1110 1295 1139 causa
1319 1099 1471 1141 invidie
1498 1100 1714 1143 ordinavit.

39 1152 140 1195 Esto
175 1155 303 1198 bonus
336 1157 469 1213 homo,
503 1161 598 1215 quia
620 1161 793 1203 multum
825 1165 977 1206 teneris
1010 1165 1127 1208 deum
1162 1167 1331 1222 diligere
1363 1170 1431 1224 qui
1463 1174 1503 1212 te
1534 1183 1560 1212 a
1583 1175 1716 1214 morte

39 1224 228 1268 salvavit.

157 1298 388 1340 Mor-aliter.
438 1299 671 1355 Karissimi,
705 1303 781 1345 iste
803 1303 1026 1360 imperator
1057 1311 1193 1362 potest
1214 1309 1292 1351 dici
1323 1310 1505 1365 prelatus
1532 1311 1713 1367 ecclesie,

39 1363 284 1420 Fulgencius
302 1368 530 1413 Cristianus
563 1372 733 1415 clericus
767 1375 840 1417 sub
864 1375 1081 1432 disciplina
1110 1379 1256 1434 prelati
1290 1381 1460 1436 positus,
1494 1383 1562 1437 qui
1595 1382 1716 1426 debet

38 1436 198 1491 prelato
243 1439 285 1481 in
325 1441 512 1484 omnibus
545 1443 655 1497 juste
704 1445 918 1499 adquisitis
966 1447 1144 1491 decimas
1186 1449 1330 1494 offerre
1370 1457 1412 1495 et
1448 1452 1525 1495 hoc
1564 1457 1626 1495 est
1663 1453 1714 1496 de

39 1508 158 1563 cipho
196 1511 451 1565 ministrare,
500 1527 546 1555 eo
586 1515 692 1568 quod
736 1516 884 1570 prelati
925 1521 965 1559 et
1002 1519 1079 1560 viri
1119 1521 1383 1564 ecclesiastici
1423 1537 1495 1578 per
1532 1523 1712 1566 decimas

38 1577 188 1621 debent
220 1581 369 1624 vivere.
423 1583 666 1638 Fulgencius
694 1586 822 1629 bonus
856 1587 1097 1643 cristianus,
1132 1592 1199 1645 qui
1230 1592 1406 1636 fideliter
1438 1594 1602 1636 domino
1635 1595 1712 1636 mi-

36 1649 200 1703 nistrat,
239 1652 412 1694 multum
452 1667 475 1696 a
507 1654 581 1697 deo
614 1656 798 1710 diligitur
838 1662 877 1699 et
907 1666 1204 1704 remuneratur.
1255 1663 1510 1706 Senescallus
1547 1665 1710 1707 invidus

38 1724 100 1762 est
139 1721 310 1776 quilibet
346 1725 544 1779 reprobus
578 1741 600 1767 a
633 1727 706 1769 deo
740 1729 980 1771 maledictus
1022 1731 1127 1774 sicut
1157 1733 1306 1789 Caym3
1346 1735 1440 1777 talis
1481 1749 1578 1791 sepe
1619 1749 1711 1791 per-

36 1792 159 1834 vertit
197 1793 320 1835 corda
351 1795 555 1849 justorum
598 1811 669 1852 per
707 1799 852 1841 falsam
894 1800 1120 1844 doctrinam
1165 1804 1335 1847 dicendo
1382 1806 1488 1860 quod
1527 1806 1710 1862 prelatus

36 1875 254 1916 percussus
301 1869 362 1907 est
406 1865 523 1921 lepra
569 1868 593 1909 i.
628 1882 661 1910 e.
706 1871 790 1912 vita
833 1872 981 1926 prelati
1026 1887 1108 1915 non
1148 1880 1209 1917 est
1249 1876 1482 1919 hominibus
1520 1891 1595 1919 nec-
1635 1877 1709 1920 deo

38 1934 319 1989 acceptabilis,
371 1935 445 1979 hoe
496 1942 558 1980 est
608 1943 750 1982 contra
801 1954 958 1984 sacram
1007 1945 1253 1999 scripturam
1300 1947 1522 1990 dicentem:
1573 1947 1710 1991 Nolite

29 2001 227 2056 judicare.
291 2004 396 2061 Sepe
442 2007 545 2050 tales
593 2011 701 2065 apud
738 2012 920 2065 judicem
968 2013 1116 2058 electos
1163 2021 1355 2059 accusant
1403 2031 1475 2073 per
1519 2017 1622 2073 phas
1669 2022 1710 2062 et

35 2073 190 2128 nephas
231 2079 271 2117 et
306 2076 408 2119 tales
448 2079 612 2121 tandem
652 2081 694 2123 in
733 2082 867 2136 ignem
908 2088 1092 2127 eternum
1131 2087 1348 2130 mittentur
1385 2094 1426 2130 et
1457 2089 1560 2143 justi
1590 2089 1709 2132 ibunt

35 2143 77 2185 in
109 2145 232 2187 vitam
266 2150 464 2203 eternam,
496 2150 546 2192 ad
580 2165 714 2206 quam.

1344 2999 1421 3037 44*
