<?xml version="1.0" encoding="UTF-8"?>
<!DOCTYPE html PUBLIC "-//W3C//DTD XHTML 1.0 Transitional//EN"
    "http://www.w3.org/TR/xhtml1/DTD/xhtml1-transitional.dtd">
<html xmlns="http://www.w3.org/1999/xhtml" xml:lang="en" lang="en">
 <head>
  <title>
</title>
<meta http-equiv="Content-Type" content="text/html;charset=utf-8" />
  <meta name='ocr-system' content='tesseract 3.04.00' />
  <meta name='ocr-capabilities' content='ocr_page ocr_carea ocr_par ocr_line ocrx_word'/>
</head>
<body>
  <div class='ocr_page' id='page_1' title='image "./gestaromanorum00oestuoft_0326.png"; bbox 0 0 1929 3162; ppageno 0'>
   <div class='ocr_carea' id='block_1_1' title="bbox 81 474 102 508">
    <p class='ocr_par' dir='ltr' id='par_1_1' title="bbox 81 474 102 508">
     <span class='ocr_line' id='line_1_1' title="bbox 81 474 102 508; textangle 90"><span class='ocrx_word' id='word_1_1' title='bbox 81 474 102 508; x_wconf 62' lang='grc' dir='ltr'>σε</span> 
     </span>
    </p>
   </div>
   <div class='ocr_carea' id='block_1_2' title="bbox 59 828 103 862">
    <p class='ocr_par' dir='ltr' id='par_1_2' title="bbox 59 828 103 862">
     <span class='ocr_line' id='line_1_2' title="bbox 59 828 103 862; baseline 0 0"><span class='ocrx_word' id='word_1_2' title='bbox 59 828 103 862; x_wconf 88' lang='grc'>10</span> 
     </span>
    </p>
   </div>
   <div class='ocr_carea' id='block_1_3' title="bbox 60 1183 102 1218">
    <p class='ocr_par' dir='ltr' id='par_1_3' title="bbox 60 1183 102 1218">
     <span class='ocr_line' id='line_1_3' title="bbox 60 1183 102 1218; baseline 0 0"><span class='ocrx_word' id='word_1_3' title='bbox 60 1183 102 1218; x_wconf 93' lang='grc'>15</span> 
     </span>
    </p>
   </div>
   <div class='ocr_carea' id='block_1_4' title="bbox 58 1538 102 1572">
    <p class='ocr_par' dir='ltr' id='par_1_4' title="bbox 58 1538 102 1572">
     <span class='ocr_line' id='line_1_4' title="bbox 58 1538 102 1572; baseline 0 0"><span class='ocrx_word' id='word_1_4' title='bbox 58 1538 102 1572; x_wconf 80' lang='lat'>20</span> 
     </span>
    </p>
   </div>
   <div class='ocr_carea' id='block_1_5' title="bbox 57 1893 101 1928">
    <p class='ocr_par' dir='ltr' id='par_1_5' title="bbox 57 1893 101 1928">
     <span class='ocr_line' id='line_1_5' title="bbox 57 1893 101 1928; baseline -0.023 0"><span class='ocrx_word' id='word_1_5' title='bbox 57 1893 101 1928; x_wconf 80' lang='lat'>25</span> 
     </span>
    </p>
   </div>
   <div class='ocr_carea' id='block_1_6' title="bbox 59 2248 103 2282">
    <p class='ocr_par' dir='ltr' id='par_1_6' title="bbox 59 2248 103 2282">
     <span class='ocr_line' id='line_1_6' title="bbox 59 2248 103 2282; baseline -0.023 0"><span class='ocrx_word' id='word_1_6' title='bbox 59 2248 103 2282; x_wconf 82' lang='lat'>30</span> 
     </span>
    </p>
   </div>
   <div class='ocr_carea' id='block_1_7' title="bbox 61 2600 105 2634">
    <p class='ocr_par' dir='ltr' id='par_1_7' title="bbox 61 2600 105 2634">
     <span class='ocr_line' id='line_1_7' title="bbox 61 2600 105 2634; baseline 0 0"><span class='ocrx_word' id='word_1_7' title='bbox 61 2600 105 2634; x_wconf 86' lang='lat'>35</span> 
     </span>
    </p>
   </div>
   <div class='ocr_carea' id='block_1_8' title="bbox 927 79 1010 120">
    <p class='ocr_par' dir='ltr' id='par_1_8' title="bbox 927 79 1010 120">
     <span class='ocr_line' id='line_1_8' title="bbox 927 79 1010 120; baseline 0 0"><span class='ocrx_word' id='word_1_8' title='bbox 927 79 1010 120; x_wconf 77' lang='lat'>308</span> 
     </span>
    </p>
   </div>
   <div class='ocr_carea' id='block_1_9' title="bbox 126 182 1806 2993">
    <p class='ocr_par' dir='ltr' id='par_1_9' title="bbox 126 182 1806 2993">
     <span class='ocr_line' id='line_1_9' title="bbox 128 182 1799 239; baseline -0.001 -11"><span class='ocrx_word' id='word_1_9' title='bbox 128 185 306 228; x_wconf 88' lang='lat' dir='ltr'>Actuum</span> <span class='ocrx_word' id='word_1_10' title='bbox 339 198 416 226; x_wconf 71' lang='grc' dir='ltr'>ΧΠ.</span> <span class='ocrx_word' id='word_1_11' title='bbox 464 185 672 227; x_wconf 90' lang='lat' dir='ltr'>Dormicio</span> <span class='ocrx_word' id='word_1_12' title='bbox 704 184 815 226; x_wconf 89' lang='lat' dir='ltr'>Petri</span> <span class='ocrx_word' id='word_1_13' title='bbox 856 188 991 239; x_wconf 87' lang='lat' dir='ltr'>potest</span> <span class='ocrx_word' id='word_1_14' title='bbox 1030 182 1207 236; x_wconf 87' lang='lat' dir='ltr'>figurare</span> <span class='ocrx_word' id='word_1_15' title='bbox 1245 184 1541 226; x_wconf 87' lang='lat' dir='ltr'>dormicionem</span> <span class='ocrx_word' id='word_1_16' title='bbox 1572 185 1799 239; x_wconf 88' lang='lat' dir='ltr'>peccatoris</span> 
     </span>
     <span class='ocr_line' id='line_1_10' title="bbox 128 254 1796 311; baseline -0.001 -13"><span class='ocrx_word' id='word_1_17' title='bbox 128 257 169 298; x_wconf 91' lang='lat' dir='ltr'>in</span> <span class='ocrx_word' id='word_1_18' title='bbox 201 256 359 311; x_wconf 89' lang='lat' dir='ltr'>peccati</span> <span class='ocrx_word' id='word_1_19' title='bbox 391 255 697 298; x_wconf 89' lang='lat' dir='ltr'>consuetudine.</span> <span class='ocrx_word' id='word_1_20' title='bbox 750 255 841 297; x_wconf 89' lang='lat' dir='ltr'>Duo</span> <span class='ocrx_word' id='word_1_21' title='bbox 874 254 1026 296; x_wconf 79' lang='lat' dir='ltr'><strong>milites</strong></span> <span class='ocrx_word' id='word_1_22' title='bbox 1059 257 1232 309; x_wconf 75' lang='lat' dir='ltr'>possunt</span> <span class='ocrx_word' id='word_1_23' title='bbox 1264 255 1341 297; x_wconf 91' lang='lat' dir='ltr'>dici</span> <span class='ocrx_word' id='word_1_24' title='bbox 1375 268 1484 296; x_wconf 86' lang='lat' dir='ltr'>mors</span> <span class='ocrx_word' id='word_1_25' title='bbox 1526 258 1567 296; x_wconf 92' lang='lat' dir='ltr'>et</span> <span class='ocrx_word' id='word_1_26' title='bbox 1597 255 1796 309; x_wconf 82' lang='lat' dir='ltr'>diabolus,</span> 
     </span>
     <span class='ocr_line' id='line_1_11' title="bbox 129 325 1800 382; baseline 0 -14"><span class='ocrx_word' id='word_1_27' title='bbox 129 327 224 382; x_wconf 87' lang='lat' dir='ltr'>quia</span> <span class='ocrx_word' id='word_1_28' title='bbox 255 340 365 368; x_wconf 91' lang='lat' dir='ltr'>mors</span> <span class='ocrx_word' id='word_1_29' title='bbox 396 326 615 368; x_wconf 88' lang='lat' dir='ltr'>insidiatur</span> <span class='ocrx_word' id='word_1_30' title='bbox 646 327 728 368; x_wconf 90' lang='lat' dir='ltr'>vite</span> <span class='ocrx_word' id='word_1_31' title='bbox 752 329 792 368; x_wconf 90' lang='lat' dir='ltr'>et</span> <span class='ocrx_word' id='word_1_32' title='bbox 814 325 998 367; x_wconf 87' lang='lat' dir='ltr'>diabolus</span> <span class='ocrx_word' id='word_1_33' title='bbox 1023 325 1169 367; x_wconf 87' lang='lat' dir='ltr'>anime.</span> <span class='ocrx_word' id='word_1_34' title='bbox 1218 325 1308 368; x_wconf 91' lang='lat' dir='ltr'>Due</span> <span class='ocrx_word' id='word_1_35' title='bbox 1330 329 1471 367; x_wconf 84' lang='lat' dir='ltr'>catene</span> <span class='ocrx_word' id='word_1_36' title='bbox 1493 329 1589 367; x_wconf 85' lang='lat' dir='ltr'>sunt</span> <span class='ocrx_word' id='word_1_37' title='bbox 1612 326 1800 382; x_wconf 90' lang='lat' dir='ltr'>voluptas</span> 
     </span>
     <span class='ocr_line' id='line_1_12' title="bbox 128 395 1802 453; baseline -0.001 -12"><span class='ocrx_word' id='word_1_38' title='bbox 128 398 304 441; x_wconf 87' lang='lat' dir='ltr'>carnalis</span> <span class='ocrx_word' id='word_1_39' title='bbox 343 400 384 439; x_wconf 89' lang='lat' dir='ltr'>et</span> <span class='ocrx_word' id='word_1_40' title='bbox 423 398 583 440; x_wconf 81' lang='lat' dir='ltr'>vanitas</span> <span class='ocrx_word' id='word_1_41' title='bbox 623 396 875 453; x_wconf 86' lang='lat' dir='ltr'>temporalis.</span> <span class='ocrx_word' id='word_1_42' title='bbox 936 395 1134 438; x_wconf 76' lang='lat' dir='ltr'>Custodes</span> <span class='ocrx_word' id='word_1_43' title='bbox 1174 400 1348 451; x_wconf 81' lang='lat' dir='ltr'>possunt</span> <span class='ocrx_word' id='word_1_44' title='bbox 1387 396 1465 438; x_wconf 89' lang='lat' dir='ltr'>dici</span> <span class='ocrx_word' id='word_1_45' title='bbox 1506 409 1598 452; x_wconf 89' lang='lat' dir='ltr'>spes</span> <span class='ocrx_word' id='word_1_46' title='bbox 1637 396 1802 439; x_wconf 88' lang='lat' dir='ltr'>levioris</span> 
     </span>
     <span class='ocr_line' id='line_1_13' title="bbox 129 467 1802 525; baseline -0.001 -14"><span class='ocrx_word' id='word_1_47' title='bbox 129 469 244 512; x_wconf 90' lang='lat' dir='ltr'>venie</span> <span class='ocrx_word' id='word_1_48' title='bbox 276 472 316 511; x_wconf 89' lang='lat' dir='ltr'>et</span> <span class='ocrx_word' id='word_1_49' title='bbox 347 469 607 525; x_wconf 75' lang='lat' dir='ltr'>presumpcio</span> <span class='ocrx_word' id='word_1_50' title='bbox 638 468 834 522; x_wconf 78' lang='lat' dir='ltr'>longioris</span> <span class='ocrx_word' id='word_1_51' title='bbox 870 467 971 519; x_wconf 84' lang='lat' dir='ltr'>vite3</span> <span class='ocrx_word' id='word_1_52' title='bbox 1005 470 1044 508; x_wconf 91' lang='lat' dir='ltr'>et</span> <span class='ocrx_word' id='word_1_53' title='bbox 1076 467 1237 521; x_wconf 87' lang='lat' dir='ltr'>quando</span> <span class='ocrx_word' id='word_1_54' title='bbox 1268 467 1452 509; x_wconf 85' lang='lat' dir='ltr'>diabolus</span> <span class='ocrx_word' id='word_1_55' title='bbox 1476 468 1534 509; x_wconf 90' lang='lat' dir='ltr'>sic</span> <span class='ocrx_word' id='word_1_56' title='bbox 1565 471 1677 509; x_wconf 87' lang='lat' dir='ltr'>tenet</span> <span class='ocrx_word' id='word_1_57' title='bbox 1709 481 1802 523; x_wconf 87' lang='lat' dir='ltr'>pec-</span> 
     </span>
     <span class='ocr_line' id='line_1_14' title="bbox 128 537 1803 594; baseline -0.001 -12"><span class='ocrx_word' id='word_1_58' title='bbox 128 544 328 594; x_wconf 89' lang='lat' dir='ltr'>catorem,</span> <span class='ocrx_word' id='word_1_59' title='bbox 369 543 466 582; x_wconf 92' lang='lat' dir='ltr'>tunc</span> <span class='ocrx_word' id='word_1_60' title='bbox 497 540 620 582; x_wconf 89' lang='lat' dir='ltr'>habet</span> <span class='ocrx_word' id='word_1_61' title='bbox 651 553 744 582; x_wconf 89' lang='lat' dir='ltr'>eum</span> <span class='ocrx_word' id='word_1_62' title='bbox 775 539 817 580; x_wconf 91' lang='lat' dir='ltr'>in</span> <span class='ocrx_word' id='word_1_63' title='bbox 850 552 961 593; x_wconf 87' lang='lat' dir='ltr'>pace.</span> <span class='ocrx_word' id='word_1_64' title='bbox 1016 537 1108 580; x_wconf 90' lang='lat' dir='ltr'>Ideo</span> <span class='ocrx_word' id='word_1_65' title='bbox 1151 551 1241 579; x_wconf 86' lang='lat' dir='ltr'>cum</span> <span class='ocrx_word' id='word_1_66' title='bbox 1281 552 1442 579; x_wconf 88' lang='lat' dir='ltr'>summa</span> <span class='ocrx_word' id='word_1_67' title='bbox 1473 539 1657 580; x_wconf 89' lang='lat' dir='ltr'>custodia</span> <span class='ocrx_word' id='word_1_68' title='bbox 1689 538 1803 580; x_wconf 90' lang='lat' dir='ltr'>labo-</span> 
     </span>
     <span class='ocr_line' id='line_1_15' title="bbox 126 609 1798 665; baseline -0.001 -13"><span class='ocrx_word' id='word_1_69' title='bbox 126 610 301 653; x_wconf 91' lang='lat' dir='ltr'>randum</span> <span class='ocrx_word' id='word_1_70' title='bbox 345 614 406 653; x_wconf 89' lang='lat' dir='ltr'>est</span> <span class='ocrx_word' id='word_1_71' title='bbox 446 611 568 653; x_wconf 91' lang='lat' dir='ltr'>verbo</span> <span class='ocrx_word' id='word_1_72' title='bbox 609 615 648 653; x_wconf 93' lang='lat' dir='ltr'>et</span> <span class='ocrx_word' id='word_1_73' title='bbox 688 623 828 665; x_wconf 84' lang='lat' dir='ltr'>opere,</span> <span class='ocrx_word' id='word_1_74' title='bbox 877 609 980 650; x_wconf 84' lang='lat' dir='ltr'>tales</span> <span class='ocrx_word' id='word_1_75' title='bbox 1028 609 1077 650; x_wconf 91' lang='lat' dir='ltr'>ad</span> <span class='ocrx_word' id='word_1_76' title='bbox 1117 609 1348 651; x_wconf 89' lang='lat' dir='ltr'>convivium</span> <span class='ocrx_word' id='word_1_77' title='bbox 1388 613 1573 651; x_wconf 88' lang='lat' dir='ltr'>eternum</span> <span class='ocrx_word' id='word_1_78' title='bbox 1611 610 1798 652; x_wconf 90' lang='lat' dir='ltr'>invitare.</span> 
     </span>
     <span class='ocr_line' id='line_1_16' title="bbox 128 679 1804 733; baseline -0.001 -10"><span class='ocrx_word' id='word_1_79' title='bbox 128 681 323 732; x_wconf 83' lang='lat' dir='ltr'>Quintum</span> <span class='ocrx_word' id='word_1_80' title='bbox 354 682 629 724; x_wconf 89' lang='lat' dir='ltr'>ministerium</span> <span class='ocrx_word' id='word_1_81' title='bbox 662 684 724 723; x_wconf 86' lang='lat' dir='ltr'>est</span> <span class='ocrx_word' id='word_1_82' title='bbox 754 681 889 733; x_wconf 86' lang='lat' dir='ltr'>ignem</span> <span class='ocrx_word' id='word_1_83' title='bbox 928 680 1063 721; x_wconf 88' lang='lat' dir='ltr'>facere</span> <span class='ocrx_word' id='word_1_84' title='bbox 1101 680 1188 722; x_wconf 89' lang='lat' dir='ltr'>sine</span> <span class='ocrx_word' id='word_1_85' title='bbox 1219 680 1330 721; x_wconf 89' lang='lat' dir='ltr'>fumo</span> <span class='ocrx_word' id='word_1_86' title='bbox 1363 683 1437 722; x_wconf 86' lang='lat' dir='ltr'>etc.</span> <span class='ocrx_word' id='word_1_87' title='bbox 1491 679 1599 733; x_wconf 83' lang='lat' dir='ltr'>Ignis</span> <span class='ocrx_word' id='word_1_88' title='bbox 1632 680 1709 722; x_wconf 88' lang='lat' dir='ltr'>iste</span> <span class='ocrx_word' id='word_1_89' title='bbox 1742 683 1804 722; x_wconf 90' lang='lat' dir='ltr'>est</span> 
     </span>
     <span class='ocr_line' id='line_1_17' title="bbox 127 750 1802 807; baseline -0.001 -13"><span class='ocrx_word' id='word_1_90' title='bbox 127 753 298 806; x_wconf 84' lang='lat' dir='ltr'>caritas,</span> <span class='ocrx_word' id='word_1_91' title='bbox 341 766 461 807; x_wconf 90' lang='lat' dir='ltr'>quam</span> <span class='ocrx_word' id='word_1_92' title='bbox 505 752 677 807; x_wconf 80' lang='lat' dir='ltr'>quilibet</span> <span class='ocrx_word' id='word_1_93' title='bbox 713 754 875 793; x_wconf 88' lang='lat' dir='ltr'>tenetur</span> <span class='ocrx_word' id='word_1_94' title='bbox 913 750 1086 804; x_wconf 81' lang='lat' dir='ltr'>habere,</span> <span class='ocrx_word' id='word_1_95' title='bbox 1133 751 1166 792; x_wconf 91' lang='lat' dir='ltr'>si</span> <span class='ocrx_word' id='word_1_96' title='bbox 1208 751 1414 792; x_wconf 83' lang='lat' dir='ltr'>desiderat</span> <span class='ocrx_word' id='word_1_97' title='bbox 1452 754 1635 793; x_wconf 87' lang='lat' dir='ltr'>eternam</span> <span class='ocrx_word' id='word_1_98' title='bbox 1675 751 1802 793; x_wconf 87' lang='lat' dir='ltr'>vitam</span> 
     </span>
     <span class='ocr_line' id='line_1_18' title="bbox 128 821 1802 876; baseline -0.001 -10"><span class='ocrx_word' id='word_1_99' title='bbox 128 824 332 876; x_wconf 88' lang='lat' dir='ltr'>obtinere,</span> <span class='ocrx_word' id='word_1_100' title='bbox 374 827 414 866; x_wconf 92' lang='lat' dir='ltr'>et</span> <span class='ocrx_word' id='word_1_101' title='bbox 446 823 520 865; x_wconf 89' lang='lat' dir='ltr'>hoc</span> <span class='ocrx_word' id='word_1_102' title='bbox 553 823 640 865; x_wconf 88' lang='lat' dir='ltr'>sine</span> <span class='ocrx_word' id='word_1_103' title='bbox 671 823 782 864; x_wconf 90' lang='lat' dir='ltr'>fumo</span> <span class='ocrx_word' id='word_1_104' title='bbox 816 822 1046 875; x_wconf 75' lang='lat' dir='ltr'>iracundie,</span> <span class='ocrx_word' id='word_1_105' title='bbox 1087 826 1132 863; x_wconf 89' lang='lat' dir='ltr'>ut</span> <span class='ocrx_word' id='word_1_106' title='bbox 1164 821 1273 863; x_wconf 88' lang='lat' dir='ltr'>aliud</span> <span class='ocrx_word' id='word_1_107' title='bbox 1306 835 1386 863; x_wconf 91' lang='lat' dir='ltr'>non</span> <span class='ocrx_word' id='word_1_108' title='bbox 1419 821 1610 863; x_wconf 90' lang='lat' dir='ltr'>ostendas</span> <span class='ocrx_word' id='word_1_109' title='bbox 1644 822 1684 863; x_wconf 89' lang='lat' dir='ltr'>in</span> <span class='ocrx_word' id='word_1_110' title='bbox 1720 835 1802 875; x_wconf 87' lang='lat' dir='ltr'>ore,</span> 
     </span>
     <span class='ocr_line' id='line_1_19' title="bbox 129 892 1802 950; baseline -0.001 -14"><span class='ocrx_word' id='word_1_111' title='bbox 129 908 252 950; x_wconf 85' lang='lat' dir='ltr'>quam</span> <span class='ocrx_word' id='word_1_112' title='bbox 291 894 345 936; x_wconf 92' lang='lat' dir='ltr'>sit</span> <span class='ocrx_word' id='word_1_113' title='bbox 384 895 425 936; x_wconf 93' lang='lat' dir='ltr'>in</span> <span class='ocrx_word' id='word_1_114' title='bbox 466 894 587 937; x_wconf 88' lang='lat' dir='ltr'>corde</span> <span class='ocrx_word' id='word_1_115' title='bbox 627 894 732 935; x_wconf 87' lang='lat' dir='ltr'>sicut</span> <span class='ocrx_word' id='word_1_116' title='bbox 772 893 892 934; x_wconf 90' lang='lat' dir='ltr'>multi</span> <span class='ocrx_word' id='word_1_117' title='bbox 933 893 1072 935; x_wconf 87' lang='lat' dir='ltr'>dicunt</span> <span class='ocrx_word' id='word_1_118' title='bbox 1111 907 1153 934; x_wconf 91' lang='lat' dir='ltr'>se</span> <span class='ocrx_word' id='word_1_119' title='bbox 1194 892 1350 946; x_wconf 90' lang='lat' dir='ltr'>aliquos</span> <span class='ocrx_word' id='word_1_120' title='bbox 1391 892 1561 946; x_wconf 86' lang='lat' dir='ltr'>diligere</span> <span class='ocrx_word' id='word_1_121' title='bbox 1593 892 1802 934; x_wconf 90' lang='lat' dir='ltr'>etodium</span> 
     </span>
     <span class='ocr_line' id='line_1_20' title="bbox 127 963 1801 1018; baseline -0.001 -11"><span class='ocrx_word' id='word_1_122' title='bbox 127 966 281 1008; x_wconf 86' lang='lat' dir='ltr'>habent</span> <span class='ocrx_word' id='word_1_123' title='bbox 312 966 354 1007; x_wconf 92' lang='lat' dir='ltr'>in</span> <span class='ocrx_word' id='word_1_124' title='bbox 387 965 520 1007; x_wconf 88' lang='lat' dir='ltr'>corde.</span> <span class='ocrx_word' id='word_1_125' title='bbox 575 965 658 1006; x_wconf 86' lang='lat' dir='ltr'>Ista</span> <span class='ocrx_word' id='word_1_126' title='bbox 689 978 771 1006; x_wconf 91' lang='lat' dir='ltr'>non</span> <span class='ocrx_word' id='word_1_127' title='bbox 793 967 855 1006; x_wconf 87' lang='lat' dir='ltr'>est</span> <span class='ocrx_word' id='word_1_128' title='bbox 875 977 972 1005; x_wconf 86' lang='lat' dir='ltr'>vera</span> <span class='ocrx_word' id='word_1_129' title='bbox 1001 964 1163 1016; x_wconf 82' lang='lat' dir='ltr'>caritaS,</span> <span class='ocrx_word' id='word_1_130' title='bbox 1197 963 1268 1005; x_wconf 90' lang='lat' dir='ltr'>sed</span> <span class='ocrx_word' id='word_1_131' title='bbox 1291 967 1352 1005; x_wconf 93' lang='lat' dir='ltr'>est</span> <span class='ocrx_word' id='word_1_132' title='bbox 1373 963 1479 1016; x_wconf 80' lang='lat' dir='ltr'>ignis</span> <span class='ocrx_word' id='word_1_133' title='bbox 1501 963 1646 1018; x_wconf 88' lang='lat' dir='ltr'>plenus</span> <span class='ocrx_word' id='word_1_134' title='bbox 1668 964 1801 1016; x_wconf 84' lang='lat' dir='ltr'>fumo3</span> 
     </span>
     <span class='ocr_line' id='line_1_21' title="bbox 127 1033 1802 1091; baseline -0.001 -13"><span class='ocrx_word' id='word_1_135' title='bbox 127 1037 235 1078; x_wconf 87' lang='lat' dir='ltr'>unde</span> <span class='ocrx_word' id='word_1_136' title='bbox 269 1040 431 1091; x_wconf 87' lang='lat' dir='ltr'>oportet</span> <span class='ocrx_word' id='word_1_137' title='bbox 471 1036 607 1077; x_wconf 88' lang='lat' dir='ltr'>odium</span> <span class='ocrx_word' id='word_1_138' title='bbox 649 1049 698 1077; x_wconf 86' lang='lat' dir='ltr'>ex</span> <span class='ocrx_word' id='word_1_139' title='bbox 739 1035 859 1076; x_wconf 91' lang='lat' dir='ltr'>corde</span> <span class='ocrx_word' id='word_1_140' title='bbox 898 1035 1114 1090; x_wconf 79' lang='lat' dir='ltr'>expellere.</span> <span class='ocrx_word' id='word_1_141' title='bbox 1169 1034 1213 1076; x_wconf 93' lang='lat' dir='ltr'>In</span> <span class='ocrx_word' id='word_1_142' title='bbox 1246 1033 1377 1087; x_wconf 79' lang='lat' dir='ltr'>figura</span> <span class='ocrx_word' id='word_1_143' title='bbox 1408 1034 1525 1088; x_wconf 88' lang='lat' dir='ltr'>hujus</span> <span class='ocrx_word' id='word_1_144' title='bbox 1559 1035 1708 1077; x_wconf 89' lang='lat' dir='ltr'>dicitur</span> <span class='ocrx_word' id='word_1_145' title='bbox 1740 1048 1802 1077; x_wconf 92' lang='lat' dir='ltr'>se-</span> 
     </span>
     <span class='ocr_line' id='line_1_22' title="bbox 128 1105 1803 1161; baseline -0.002 -11"><span class='ocrx_word' id='word_1_146' title='bbox 128 1108 307 1150; x_wconf 88' lang='lat' dir='ltr'>cundum</span> <span class='ocrx_word' id='word_1_147' title='bbox 328 1107 507 1149; x_wconf 90' lang='lat' dir='ltr'>Plinium</span> <span class='ocrx_word' id='word_1_148' title='bbox 542 1107 649 1161; x_wconf 87' lang='lat' dir='ltr'>quod</span> <span class='ocrx_word' id='word_1_149' title='bbox 672 1111 734 1148; x_wconf 85' lang='lat' dir='ltr'>est</span> <span class='ocrx_word' id='word_1_150' title='bbox 756 1106 921 1160; x_wconf 89' lang='lat' dir='ltr'>quidam</span> <span class='ocrx_word' id='word_1_151' title='bbox 955 1105 1078 1160; x_wconf 89' lang='lat' dir='ltr'>piscis</span> <span class='ocrx_word' id='word_1_152' title='bbox 1103 1105 1169 1160; x_wconf 90' lang='lat' dir='ltr'>qui</span> <span class='ocrx_word' id='word_1_153' title='bbox 1192 1105 1352 1159; x_wconf 85' lang='lat' dir='ltr'>quando</span> <span class='ocrx_word' id='word_1_154' title='bbox 1375 1105 1615 1159; x_wconf 84' lang='lat' dir='ltr'>transglutit</span> <span class='ocrx_word' id='word_1_155' title='bbox 1636 1105 1803 1147; x_wconf 90' lang='lat' dir='ltr'>hamum</span> 
     </span>
     <span class='ocr_line' id='line_1_23' title="bbox 128 1176 1804 1235; baseline -0.002 -14"><span class='ocrx_word' id='word_1_156' title='bbox 128 1182 267 1235; x_wconf 89' lang='lat' dir='ltr'>partes</span> <span class='ocrx_word' id='word_1_157' title='bbox 299 1179 516 1220; x_wconf 87' lang='lat' dir='ltr'>interiores</span> <span class='ocrx_word' id='word_1_158' title='bbox 550 1178 705 1220; x_wconf 88' lang='lat' dir='ltr'>scilicet</span> <span class='ocrx_word' id='word_1_159' title='bbox 736 1177 874 1219; x_wconf 85' lang='lat' dir='ltr'>omnia</span> <span class='ocrx_word' id='word_1_160' title='bbox 904 1177 1103 1219; x_wconf 90' lang='lat' dir='ltr'>interiora</span> <span class='ocrx_word' id='word_1_161' title='bbox 1134 1190 1208 1218; x_wconf 87' lang='lat' dir='ltr'>sua</span> <span class='ocrx_word' id='word_1_162' title='bbox 1238 1177 1347 1218; x_wconf 86' lang='lat' dir='ltr'>foras</span> <span class='ocrx_word' id='word_1_163' title='bbox 1380 1191 1453 1232; x_wconf 90' lang='lat' dir='ltr'>per</span> <span class='ocrx_word' id='word_1_164' title='bbox 1483 1190 1527 1218; x_wconf 92' lang='lat' dir='ltr'>os</span> <span class='ocrx_word' id='word_1_165' title='bbox 1550 1177 1703 1219; x_wconf 87' lang='lat' dir='ltr'>evomit</span> <span class='ocrx_word' id='word_1_166' title='bbox 1733 1176 1804 1218; x_wconf 90' lang='lat' dir='ltr'>do-</span> 
     </span>
     <span class='ocr_line' id='line_1_24' title="bbox 127 1246 1806 1302; baseline -0.001 -10"><span class='ocrx_word' id='word_1_167' title='bbox 127 1263 202 1292; x_wconf 90' lang='lat' dir='ltr'>nec</span> <span class='ocrx_word' id='word_1_168' title='bbox 232 1250 378 1291; x_wconf 90' lang='lat' dir='ltr'>hamus</span> <span class='ocrx_word' id='word_1_169' title='bbox 411 1253 542 1302; x_wconf 81' lang='lat' dir='ltr'>exeat,</span> <span class='ocrx_word' id='word_1_170' title='bbox 576 1252 616 1292; x_wconf 89' lang='lat' dir='ltr'>et</span> <span class='ocrx_word' id='word_1_171' title='bbox 647 1248 793 1291; x_wconf 89' lang='lat' dir='ltr'>deinde</span> <span class='ocrx_word' id='word_1_172' title='bbox 823 1248 983 1290; x_wconf 77' lang='lat' dir='ltr'>reducit</span> <span class='ocrx_word' id='word_1_173' title='bbox 1014 1248 1210 1290; x_wconf 89' lang='lat' dir='ltr'>intestina</span> <span class='ocrx_word' id='word_1_174' title='bbox 1242 1247 1292 1289; x_wconf 86' lang='lat' dir='ltr'>ad</span> <span class='ocrx_word' id='word_1_175' title='bbox 1324 1246 1414 1288; x_wconf 85' lang='lat' dir='ltr'>loca</span> <span class='ocrx_word' id='word_1_176' title='bbox 1445 1261 1531 1289; x_wconf 91' lang='lat' dir='ltr'>sua.</span> <span class='ocrx_word' id='word_1_177' title='bbox 1585 1247 1653 1290; x_wconf 85' lang='lat' dir='ltr'>Sic</span> <span class='ocrx_word' id='word_1_178' title='bbox 1684 1247 1806 1290; x_wconf 89' lang='lat' dir='ltr'>debet</span> 
     </span>
     <span class='ocr_line' id='line_1_25' title="bbox 126 1318 1802 1377; baseline -0.001 -14"><span class='ocrx_word' id='word_1_179' title='bbox 126 1321 261 1363; x_wconf 87' lang='lat' dir='ltr'>facere</span> <span class='ocrx_word' id='word_1_180' title='bbox 298 1324 490 1377; x_wconf 87' lang='lat' dir='ltr'>peccator</span> <span class='ocrx_word' id='word_1_181' title='bbox 529 1321 564 1362; x_wconf 92' lang='lat' dir='ltr'>si</span> <span class='ocrx_word' id='word_1_182' title='bbox 603 1333 797 1374; x_wconf 86' lang='lat' dir='ltr'>umquam</span> <span class='ocrx_word' id='word_1_183' title='bbox 846 1320 984 1361; x_wconf 90' lang='lat' dir='ltr'>odium</span> <span class='ocrx_word' id='word_1_184' title='bbox 1026 1320 1110 1361; x_wconf 90' lang='lat' dir='ltr'>sive</span> <span class='ocrx_word' id='word_1_185' title='bbox 1150 1318 1313 1373; x_wconf 73' lang='lat' dir='ltr'>aliquod</span> <span class='ocrx_word' id='word_1_186' title='bbox 1352 1322 1565 1373; x_wconf 86' lang='lat' dir='ltr'>peccatum</span> <span class='ocrx_word' id='word_1_187' title='bbox 1606 1322 1802 1374; x_wconf 84' lang='lat' dir='ltr'>tanquam</span> 
     </span>
     <span class='ocr_line' id='line_1_26' title="bbox 127 1389 1804 1446; baseline -0.001 -12"><span class='ocrx_word' id='word_1_188' title='bbox 127 1391 295 1434; x_wconf 89' lang='lat' dir='ltr'>hamum</span> <span class='ocrx_word' id='word_1_189' title='bbox 327 1391 513 1446; x_wconf 85' lang='lat' dir='ltr'>deglutit,</span> <span class='ocrx_word' id='word_1_190' title='bbox 545 1391 815 1433; x_wconf 89' lang='lat' dir='ltr'>Ecclesiastes</span> <span class='ocrx_word' id='word_1_191' title='bbox 839 1405 905 1432; x_wconf 79' lang='lat' dir='ltr'>1x:</span> <span class='ocrx_word' id='word_1_192' title='bbox 940 1390 1055 1433; x_wconf 82' lang='lat' dir='ltr'>Sicut</span> <span class='ocrx_word' id='word_1_193' title='bbox 1085 1390 1215 1445; x_wconf 84' lang='lat' dir='ltr'>pisces</span> <span class='ocrx_word' id='word_1_194' title='bbox 1242 1389 1460 1444; x_wconf 88' lang='lat' dir='ltr'>capiuntur</span> <span class='ocrx_word' id='word_1_195' title='bbox 1482 1389 1600 1431; x_wconf 87' lang='lat' dir='ltr'>hamo</span> <span class='ocrx_word' id='word_1_196' title='bbox 1628 1394 1669 1433; x_wconf 93' lang='lat' dir='ltr'>et</span> <span class='ocrx_word' id='word_1_197' title='bbox 1699 1391 1804 1432; x_wconf 91' lang='lat' dir='ltr'>sicut</span> 
     </span>
     <span class='ocr_line' id='line_1_27' title="bbox 129 1460 1801 1518; baseline -0.001 -14"><span class='ocrx_word' id='word_1_198' title='bbox 129 1463 214 1505; x_wconf 92' lang='lat' dir='ltr'>avis</span> <span class='ocrx_word' id='word_1_199' title='bbox 247 1462 608 1518; x_wconf 85' lang='lat' dir='ltr'>comprehenditur</span> <span class='ocrx_word' id='word_1_200' title='bbox 638 1462 799 1517; x_wconf 85' lang='lat' dir='ltr'>laqueo,</span> <span class='ocrx_word' id='word_1_201' title='bbox 832 1462 890 1504; x_wconf 88' lang='lat' dir='ltr'>sic</span> <span class='ocrx_word' id='word_1_202' title='bbox 922 1462 1142 1517; x_wconf 89' lang='lat' dir='ltr'>capiuntur</span> <span class='ocrx_word' id='word_1_203' title='bbox 1173 1460 1357 1502; x_wconf 91' lang='lat' dir='ltr'>homines</span> <span class='ocrx_word' id='word_1_204' title='bbox 1389 1460 1430 1501; x_wconf 90' lang='lat' dir='ltr'>in</span> <span class='ocrx_word' id='word_1_205' title='bbox 1463 1464 1648 1516; x_wconf 88' lang='lat' dir='ltr'>tempore</span> <span class='ocrx_word' id='word_1_206' title='bbox 1680 1461 1801 1503; x_wconf 90' lang='lat' dir='ltr'>malo.</span> 
     </span>
     <span class='ocr_line' id='line_1_28' title="bbox 129 1531 1804 1588; baseline -0.001 -14"><span class='ocrx_word' id='word_1_207' title='bbox 129 1531 218 1587; x_wconf 77' lang='lat'>[20]</span> <span class='ocrx_word' id='word_1_208' title='bbox 253 1533 416 1576; x_wconf 89' lang='lat' dir='ltr'>Debent</span> <span class='ocrx_word' id='word_1_209' title='bbox 448 1547 543 1587; x_wconf 82' lang='lat' dir='ltr'>ergo</span> <span class='ocrx_word' id='word_1_210' title='bbox 576 1537 674 1575; x_wconf 90' lang='lat' dir='ltr'>tunc</span> <span class='ocrx_word' id='word_1_211' title='bbox 705 1547 779 1588; x_wconf 85' lang='lat' dir='ltr'>per</span> <span class='ocrx_word' id='word_1_212' title='bbox 811 1546 854 1574; x_wconf 88' lang='lat' dir='ltr'>os</span> <span class='ocrx_word' id='word_1_213' title='bbox 887 1533 1025 1574; x_wconf 88' lang='lat' dir='ltr'>omnia</span> <span class='ocrx_word' id='word_1_214' title='bbox 1055 1531 1254 1574; x_wconf 83' lang='lat' dir='ltr'>interiora</span> <span class='ocrx_word' id='word_1_215' title='bbox 1293 1532 1486 1586; x_wconf 89' lang='lat' dir='ltr'>dejicere,</span> <span class='ocrx_word' id='word_1_216' title='bbox 1527 1532 1654 1574; x_wconf 89' lang='lat' dir='ltr'>donec</span> <span class='ocrx_word' id='word_1_217' title='bbox 1685 1535 1804 1574; x_wconf 82' lang='lat' dir='ltr'>exeat</span> 
     </span>
     <span class='ocr_line' id='line_1_29' title="bbox 127 1602 1803 1658; baseline -0.001 -12"><span class='ocrx_word' id='word_1_218' title='bbox 127 1604 287 1656; x_wconf 79' lang='lat' dir='ltr'>hamus,</span> <span class='ocrx_word' id='word_1_219' title='bbox 321 1605 459 1646; x_wconf 90' lang='lat' dir='ltr'>odium</span> <span class='ocrx_word' id='word_1_220' title='bbox 492 1604 647 1646; x_wconf 88' lang='lat' dir='ltr'>scilicet</span> <span class='ocrx_word' id='word_1_221' title='bbox 678 1603 740 1646; x_wconf 91' lang='lat' dir='ltr'>vel</span> <span class='ocrx_word' id='word_1_222' title='bbox 773 1607 985 1658; x_wconf 86' lang='lat' dir='ltr'>peccatum</span> <span class='ocrx_word' id='word_1_223' title='bbox 1020 1603 1144 1656; x_wconf 86' lang='lat' dir='ltr'>aliud,</span> <span class='ocrx_word' id='word_1_224' title='bbox 1177 1602 1272 1656; x_wconf 82' lang='lat' dir='ltr'>quia</span> <span class='ocrx_word' id='word_1_225' title='bbox 1295 1603 1431 1644; x_wconf 88' lang='lat' dir='ltr'>omnia</span> <span class='ocrx_word' id='word_1_226' title='bbox 1463 1603 1659 1645; x_wconf 87' lang='lat' dir='ltr'>interiora</span> <span class='ocrx_word' id='word_1_227' title='bbox 1689 1616 1803 1645; x_wconf 90' lang='lat' dir='ltr'>reve-</span> 
     </span>
     <span class='ocr_line' id='line_1_30' title="bbox 126 1674 1803 1730; baseline -0.001 -13"><span class='ocrx_word' id='word_1_228' title='bbox 126 1675 252 1717; x_wconf 87' lang='lat' dir='ltr'>landa</span> <span class='ocrx_word' id='word_1_229' title='bbox 283 1679 391 1729; x_wconf 88' lang='lat' dir='ltr'>sunt,</span> <span class='ocrx_word' id='word_1_230' title='bbox 424 1675 579 1717; x_wconf 89' lang='lat' dir='ltr'>scilicet</span> <span class='ocrx_word' id='word_1_231' title='bbox 610 1689 683 1730; x_wconf 92' lang='lat' dir='ltr'>per</span> <span class='ocrx_word' id='word_1_232' title='bbox 715 1674 1025 1728; x_wconf 83' lang='lat' dir='ltr'>confessionem,</span> <span class='ocrx_word' id='word_1_233' title='bbox 1060 1674 1187 1716; x_wconf 87' lang='lat' dir='ltr'>donec</span> <span class='ocrx_word' id='word_1_234' title='bbox 1217 1674 1396 1728; x_wconf 83' lang='lat' dir='ltr'>perfecte</span> <span class='ocrx_word' id='word_1_235' title='bbox 1416 1674 1642 1716; x_wconf 86' lang='lat' dir='ltr'>liberentur</span> <span class='ocrx_word' id='word_1_236' title='bbox 1664 1687 1688 1715; x_wconf 90' lang='lat' dir='ltr'>a</span> <span class='ocrx_word' id='word_1_237' title='bbox 1707 1687 1803 1729; x_wconf 87' lang='lat' dir='ltr'>pec-</span> 
     </span>
     <span class='ocr_line' id='line_1_31' title="bbox 127 1745 1805 1801; baseline -0.001 -13"><span class='ocrx_word' id='word_1_238' title='bbox 127 1750 232 1800; x_wconf 80' lang='lat' dir='ltr'>cato,</span> <span class='ocrx_word' id='word_1_239' title='bbox 265 1750 305 1789; x_wconf 90' lang='lat' dir='ltr'>et</span> <span class='ocrx_word' id='word_1_240' title='bbox 336 1750 433 1788; x_wconf 90' lang='lat' dir='ltr'>tunc</span> <span class='ocrx_word' id='word_1_241' title='bbox 464 1747 616 1801; x_wconf 89' lang='lat' dir='ltr'>poterit</span> <span class='ocrx_word' id='word_1_242' title='bbox 647 1746 781 1799; x_wconf 84' lang='lat' dir='ltr'>ignem</span> <span class='ocrx_word' id='word_1_243' title='bbox 817 1746 903 1787; x_wconf 91' lang='lat' dir='ltr'>sine</span> <span class='ocrx_word' id='word_1_244' title='bbox 934 1746 1044 1787; x_wconf 89' lang='lat' dir='ltr'>fumo</span> <span class='ocrx_word' id='word_1_245' title='bbox 1067 1758 1304 1800; x_wconf 86' lang='lat' dir='ltr'>preparare,</span> <span class='ocrx_word' id='word_1_246' title='bbox 1338 1759 1410 1799; x_wconf 90' lang='lat' dir='ltr'>per</span> <span class='ocrx_word' id='word_1_247' title='bbox 1442 1758 1562 1799; x_wconf 87' lang='lat' dir='ltr'>quem</span> <span class='ocrx_word' id='word_1_248' title='bbox 1595 1745 1693 1787; x_wconf 89' lang='lat' dir='ltr'>deus</span> <span class='ocrx_word' id='word_1_249' title='bbox 1726 1745 1805 1787; x_wconf 90' lang='lat' dir='ltr'>erit</span> 
     </span>
     <span class='ocr_line' id='line_1_32' title="bbox 127 1816 1803 1871; baseline -0.001 -12"><span class='ocrx_word' id='word_1_250' title='bbox 127 1817 360 1871; x_wconf 86' lang='lat' dir='ltr'>calefactus,</span> <span class='ocrx_word' id='word_1_251' title='bbox 398 1817 553 1859; x_wconf 89' lang='lat' dir='ltr'>scilicet</span> <span class='ocrx_word' id='word_1_252' title='bbox 575 1820 802 1858; x_wconf 90' lang='lat' dir='ltr'>contentus.</span> <span class='ocrx_word' id='word_1_253' title='bbox 853 1816 1023 1859; x_wconf 80' lang='lat' dir='ltr'>Sextum</span> <span class='ocrx_word' id='word_1_254' title='bbox 1046 1816 1318 1858; x_wconf 88' lang='lat' dir='ltr'>ministerium</span> <span class='ocrx_word' id='word_1_255' title='bbox 1344 1819 1417 1870; x_wconf 86' lang='lat' dir='ltr'>est,</span> <span class='ocrx_word' id='word_1_256' title='bbox 1451 1816 1596 1858; x_wconf 89' lang='lat' dir='ltr'>docere</span> <span class='ocrx_word' id='word_1_257' title='bbox 1617 1816 1803 1858; x_wconf 83' lang='lat' dir='ltr'>homines</span> 
     </span>
     <span class='ocr_line' id='line_1_33' title="bbox 127 1887 1804 1942; baseline -0.001 -11"><span class='ocrx_word' id='word_1_258' title='bbox 127 1889 237 1931; x_wconf 90' lang='lat' dir='ltr'>viam</span> <span class='ocrx_word' id='word_1_259' title='bbox 278 1902 421 1931; x_wconf 87' lang='lat' dir='ltr'>versus</span> <span class='ocrx_word' id='word_1_260' title='bbox 463 1891 614 1930; x_wconf 85' lang='lat' dir='ltr'>terram</span> <span class='ocrx_word' id='word_1_261' title='bbox 658 1892 865 1941; x_wconf 87' lang='lat' dir='ltr'>sanctam,</span> <span class='ocrx_word' id='word_1_262' title='bbox 906 1888 1062 1930; x_wconf 89' lang='lat' dir='ltr'>scilicet</span> <span class='ocrx_word' id='word_1_263' title='bbox 1100 1887 1251 1941; x_wconf 85' lang='lat' dir='ltr'>celum,</span> <span class='ocrx_word' id='word_1_264' title='bbox 1291 1887 1362 1929; x_wconf 91' lang='lat' dir='ltr'>sed</span> <span class='ocrx_word' id='word_1_265' title='bbox 1395 1887 1446 1928; x_wconf 86' lang='lat' dir='ltr'>ad</span> <span class='ocrx_word' id='word_1_266' title='bbox 1478 1887 1606 1929; x_wconf 90' lang='lat' dir='ltr'>celum</span> <span class='ocrx_word' id='word_1_267' title='bbox 1642 1891 1804 1942; x_wconf 89' lang='lat' dir='ltr'>oportet</span> 
     </span>
     <span class='ocr_line' id='line_1_34' title="bbox 126 1957 1801 2015; baseline 0 -14"><span class='ocrx_word' id='word_1_268' title='bbox 126 1973 201 2015; x_wconf 87' lang='lat' dir='ltr'>per</span> <span class='ocrx_word' id='word_1_269' title='bbox 231 1973 345 2001; x_wconf 89' lang='lat' dir='ltr'>mare</span> <span class='ocrx_word' id='word_1_270' title='bbox 376 1959 568 2001; x_wconf 86' lang='lat' dir='ltr'>transire.</span> <span class='ocrx_word' id='word_1_271' title='bbox 616 1958 730 2001; x_wconf 87' lang='lat' dir='ltr'>Mare</span> <span class='ocrx_word' id='word_1_272' title='bbox 763 1959 912 2001; x_wconf 91' lang='lat' dir='ltr'>dicitur</span> <span class='ocrx_word' id='word_1_273' title='bbox 941 1959 1119 2000; x_wconf 90' lang='lat' dir='ltr'>mundus</span> <span class='ocrx_word' id='word_1_274' title='bbox 1142 1959 1219 2000; x_wconf 88' lang='lat' dir='ltr'>iste</span> <span class='ocrx_word' id='word_1_275' title='bbox 1241 1961 1409 2013; x_wconf 88' lang='lat' dir='ltr'>propter</span> <span class='ocrx_word' id='word_1_276' title='bbox 1430 1957 1581 2000; x_wconf 87' lang='lat' dir='ltr'>multas</span> <span class='ocrx_word' id='word_1_277' title='bbox 1603 1959 1801 2001; x_wconf 88' lang='lat' dir='ltr'>raciones.</span> 
     </span>
     <span class='ocr_line' id='line_1_35' title="bbox 126 2029 1803 2085; baseline 0 -13"><span class='ocrx_word' id='word_1_278' title='bbox 126 2030 288 2084; x_wconf 84' lang='lat' dir='ltr'>Primo,</span> <span class='ocrx_word' id='word_1_279' title='bbox 330 2031 425 2085; x_wconf 90' lang='lat' dir='ltr'>quia</span> <span class='ocrx_word' id='word_1_280' title='bbox 457 2031 562 2072; x_wconf 90' lang='lat' dir='ltr'>sicut</span> <span class='ocrx_word' id='word_1_281' title='bbox 592 2030 633 2071; x_wconf 92' lang='lat' dir='ltr'>in</span> <span class='ocrx_word' id='word_1_282' title='bbox 667 2030 769 2071; x_wconf 85' lang='lat' dir='ltr'>mari</span> <span class='ocrx_word' id='word_1_283' title='bbox 804 2034 865 2072; x_wconf 89' lang='lat' dir='ltr'>est</span> <span class='ocrx_word' id='word_1_284' title='bbox 896 2029 1107 2072; x_wconf 89' lang='lat' dir='ltr'>conflictus</span> <span class='ocrx_word' id='word_1_285' title='bbox 1139 2032 1374 2082; x_wconf 89' lang='lat' dir='ltr'>ventorum,</span> <span class='ocrx_word' id='word_1_286' title='bbox 1415 2029 1474 2070; x_wconf 90' lang='lat' dir='ltr'>ita</span> <span class='ocrx_word' id='word_1_287' title='bbox 1506 2033 1546 2071; x_wconf 90' lang='lat' dir='ltr'>et</span> <span class='ocrx_word' id='word_1_288' title='bbox 1576 2029 1618 2071; x_wconf 91' lang='lat' dir='ltr'>in</span> <span class='ocrx_word' id='word_1_289' title='bbox 1651 2029 1803 2072; x_wconf 90' lang='lat' dir='ltr'>mundo</span> 
     </span>
     <span class='ocr_line' id='line_1_36' title="bbox 128 2100 1804 2156; baseline -0.001 -12"><span class='ocrx_word' id='word_1_290' title='bbox 128 2100 338 2144; x_wconf 87' lang='lat' dir='ltr'>conflictus</span> <span class='ocrx_word' id='word_1_291' title='bbox 370 2101 587 2156; x_wconf 81' lang='lat' dir='ltr'>multiplex</span> <span class='ocrx_word' id='word_1_292' title='bbox 621 2104 681 2142; x_wconf 91' lang='lat' dir='ltr'>est</span> <span class='ocrx_word' id='word_1_293' title='bbox 712 2100 925 2142; x_wconf 88' lang='lat' dir='ltr'>bellorum.</span> <span class='ocrx_word' id='word_1_294' title='bbox 979 2101 1080 2143; x_wconf 90' lang='lat' dir='ltr'>Item</span> <span class='ocrx_word' id='word_1_295' title='bbox 1120 2100 1225 2141; x_wconf 88' lang='lat' dir='ltr'>sicut</span> <span class='ocrx_word' id='word_1_296' title='bbox 1263 2100 1304 2141; x_wconf 92' lang='lat' dir='ltr'>in</span> <span class='ocrx_word' id='word_1_297' title='bbox 1342 2100 1447 2141; x_wconf 81' lang='lat' dir='ltr'>mari</span> <span class='ocrx_word' id='word_1_298' title='bbox 1487 2103 1549 2142; x_wconf 91' lang='lat' dir='ltr'>est</span> <span class='ocrx_word' id='word_1_299' title='bbox 1579 2103 1804 2156; x_wconf 88' lang='lat' dir='ltr'>tempestas</span> 
     </span>
     <span class='ocr_line' id='line_1_37' title="bbox 127 2170 1805 2226; baseline -0.001 -12"><span class='ocrx_word' id='word_1_300' title='bbox 127 2171 338 2226; x_wconf 88' lang='lat' dir='ltr'>fluctuum,</span> <span class='ocrx_word' id='word_1_301' title='bbox 371 2172 429 2213; x_wconf 87' lang='lat' dir='ltr'>ita</span> <span class='ocrx_word' id='word_1_302' title='bbox 461 2175 501 2213; x_wconf 90' lang='lat' dir='ltr'>et</span> <span class='ocrx_word' id='word_1_303' title='bbox 530 2171 573 2212; x_wconf 90' lang='lat' dir='ltr'>in</span> <span class='ocrx_word' id='word_1_304' title='bbox 605 2172 756 2213; x_wconf 90' lang='lat' dir='ltr'>mundo</span> <span class='ocrx_word' id='word_1_305' title='bbox 786 2172 1005 2214; x_wconf 90' lang='lat' dir='ltr'>inundacio</span> <span class='ocrx_word' id='word_1_306' title='bbox 1029 2171 1336 2213; x_wconf 86' lang='lat' dir='ltr'>adversitatum.</span> <span class='ocrx_word' id='word_1_307' title='bbox 1386 2170 1485 2212; x_wconf 89' lang='lat' dir='ltr'>Item</span> <span class='ocrx_word' id='word_1_308' title='bbox 1510 2171 1615 2213; x_wconf 91' lang='lat' dir='ltr'>sicut</span> <span class='ocrx_word' id='word_1_309' title='bbox 1635 2172 1677 2213; x_wconf 93' lang='lat' dir='ltr'>in</span> <span class='ocrx_word' id='word_1_310' title='bbox 1700 2171 1805 2213; x_wconf 87' lang='lat' dir='ltr'>mari</span> 
     </span>
     <span class='ocr_line' id='line_1_38' title="bbox 130 2241 1806 2296; baseline 0 -12"><span class='ocrx_word' id='word_1_311' title='bbox 130 2246 192 2285; x_wconf 89' lang='lat' dir='ltr'>est</span> <span class='ocrx_word' id='word_1_312' title='bbox 234 2242 464 2284; x_wconf 89' lang='lat' dir='ltr'>amaritudo</span> <span class='ocrx_word' id='word_1_313' title='bbox 506 2255 724 2296; x_wconf 80' lang='lat' dir='ltr'>aquarum,</span> <span class='ocrx_word' id='word_1_314' title='bbox 771 2243 829 2284; x_wconf 89' lang='lat' dir='ltr'>ita</span> <span class='ocrx_word' id='word_1_315' title='bbox 867 2247 908 2285; x_wconf 91' lang='lat' dir='ltr'>et</span> <span class='ocrx_word' id='word_1_316' title='bbox 944 2243 986 2284; x_wconf 92' lang='lat' dir='ltr'>in</span> <span class='ocrx_word' id='word_1_317' title='bbox 1026 2242 1177 2284; x_wconf 92' lang='lat' dir='ltr'>mundo</span> <span class='ocrx_word' id='word_1_318' title='bbox 1217 2241 1446 2283; x_wconf 87' lang='lat' dir='ltr'>amaritudo</span> <span class='ocrx_word' id='word_1_319' title='bbox 1485 2242 1696 2284; x_wconf 88' lang='lat' dir='ltr'>viciorum.</span> <span class='ocrx_word' id='word_1_320' title='bbox 1750 2241 1806 2283; x_wconf 90' lang='lat' dir='ltr'>Et</span> 
     </span>
     <span class='ocr_line' id='line_1_39' title="bbox 129 2311 1805 2368; baseline -0.001 -12"><span class='ocrx_word' id='word_1_321' title='bbox 129 2315 235 2356; x_wconf 92' lang='lat' dir='ltr'>sicut</span> <span class='ocrx_word' id='word_1_322' title='bbox 265 2315 307 2355; x_wconf 90' lang='lat' dir='ltr'>in</span> <span class='ocrx_word' id='word_1_323' title='bbox 339 2314 444 2355; x_wconf 88' lang='lat' dir='ltr'>mari</span> <span class='ocrx_word' id='word_1_324' title='bbox 475 2313 733 2368; x_wconf 86' lang='lat' dir='ltr'>profunditas</span> <span class='ocrx_word' id='word_1_325' title='bbox 767 2327 987 2368; x_wconf 84' lang='lat' dir='ltr'>aquarum,</span> <span class='ocrx_word' id='word_1_326' title='bbox 1020 2314 1078 2355; x_wconf 88' lang='lat' dir='ltr'>ita</span> <span class='ocrx_word' id='word_1_327' title='bbox 1110 2311 1221 2355; x_wconf 85' lang='lat' dir='ltr'>etin</span> <span class='ocrx_word' id='word_1_328' title='bbox 1253 2312 1404 2354; x_wconf 88' lang='lat' dir='ltr'>mundo</span> <span class='ocrx_word' id='word_1_329' title='bbox 1437 2313 1696 2367; x_wconf 88' lang='lat' dir='ltr'>profunditas</span> <span class='ocrx_word' id='word_1_330' title='bbox 1728 2313 1805 2354; x_wconf 90' lang='lat' dir='ltr'>mi-</span> 
     </span>
     <span class='ocr_line' id='line_1_40' title="bbox 129 2383 1806 2438; baseline -0.001 -11"><span class='ocrx_word' id='word_1_331' title='bbox 129 2386 343 2427; x_wconf 89' lang='lat' dir='ltr'>seriarum.</span> <span class='ocrx_word' id='word_1_332' title='bbox 395 2384 450 2426; x_wconf 92' lang='lat' dir='ltr'>Et</span> <span class='ocrx_word' id='word_1_333' title='bbox 481 2384 585 2426; x_wconf 89' lang='lat' dir='ltr'>sicut</span> <span class='ocrx_word' id='word_1_334' title='bbox 616 2385 656 2425; x_wconf 93' lang='lat' dir='ltr'>in</span> <span class='ocrx_word' id='word_1_335' title='bbox 689 2385 794 2426; x_wconf 89' lang='lat' dir='ltr'>mari</span> <span class='ocrx_word' id='word_1_336' title='bbox 826 2384 1083 2426; x_wconf 89' lang='lat' dir='ltr'>beluinarum</span> <span class='ocrx_word' id='word_1_337' title='bbox 1116 2388 1177 2426; x_wconf 88' lang='lat' dir='ltr'>est</span> <span class='ocrx_word' id='word_1_338' title='bbox 1208 2384 1457 2438; x_wconf 87' lang='lat' dir='ltr'>immanitas,</span> <span class='ocrx_word' id='word_1_339' title='bbox 1489 2384 1552 2426; x_wconf 91' lang='lat' dir='ltr'>ita</span> <span class='ocrx_word' id='word_1_340' title='bbox 1580 2385 1622 2426; x_wconf 90' lang='lat' dir='ltr'>in</span> <span class='ocrx_word' id='word_1_341' title='bbox 1653 2383 1806 2426; x_wconf 90' lang='lat' dir='ltr'>mundo</span> 
     </span>
     <span class='ocr_line' id='line_1_41' title="bbox 129 2454 1804 2512; baseline -0.001 -14"><span class='ocrx_word' id='word_1_342' title='bbox 129 2457 363 2512; x_wconf 87' lang='lat' dir='ltr'>principum</span> <span class='ocrx_word' id='word_1_343' title='bbox 397 2455 607 2497; x_wconf 82' lang='lat' dir='ltr'>severitas.</span> <span class='ocrx_word' id='word_1_344' title='bbox 662 2454 762 2496; x_wconf 88' lang='lat' dir='ltr'>Item</span> <span class='ocrx_word' id='word_1_345' title='bbox 796 2458 958 2510; x_wconf 90' lang='lat' dir='ltr'>oportet</span> <span class='ocrx_word' id='word_1_346' title='bbox 989 2458 1158 2510; x_wconf 87' lang='lat' dir='ltr'>propter</span> <span class='ocrx_word' id='word_1_347' title='bbox 1178 2455 1259 2496; x_wconf 91' lang='lat' dir='ltr'>ista</span> <span class='ocrx_word' id='word_1_348' title='bbox 1280 2454 1464 2510; x_wconf 89' lang='lat' dir='ltr'>pericula</span> <span class='ocrx_word' id='word_1_349' title='bbox 1486 2459 1526 2497; x_wconf 90' lang='lat' dir='ltr'>et</span> <span class='ocrx_word' id='word_1_350' title='bbox 1560 2454 1690 2497; x_wconf 90' lang='lat' dir='ltr'>multa</span> <span class='ocrx_word' id='word_1_351' title='bbox 1723 2454 1804 2496; x_wconf 88' lang='lat' dir='ltr'>alia</span> 
     </span>
     <span class='ocr_line' id='line_1_42' title="bbox 129 2526 1804 2582; baseline -0.001 -13"><span class='ocrx_word' id='word_1_352' title='bbox 129 2527 384 2582; x_wconf 88' lang='lat' dir='ltr'>pertransire</span> <span class='ocrx_word' id='word_1_353' title='bbox 415 2540 488 2581; x_wconf 87' lang='lat' dir='ltr'>per</span> <span class='ocrx_word' id='word_1_354' title='bbox 520 2539 679 2567; x_wconf 87' lang='lat' dir='ltr'>navem.</span> <span class='ocrx_word' id='word_1_355' title='bbox 729 2526 883 2568; x_wconf 88' lang='lat' dir='ltr'>Tamen</span> <span class='ocrx_word' id='word_1_356' title='bbox 906 2526 1039 2568; x_wconf 89' lang='lat' dir='ltr'>solent</span> <span class='ocrx_word' id='word_1_357' title='bbox 1061 2526 1247 2568; x_wconf 89' lang='lat' dir='ltr'>homines</span> <span class='ocrx_word' id='word_1_358' title='bbox 1270 2529 1438 2580; x_wconf 89' lang='lat' dir='ltr'>propter</span> <span class='ocrx_word' id='word_1_359' title='bbox 1461 2529 1636 2579; x_wconf 89' lang='lat' dir='ltr'>quatuor</span> <span class='ocrx_word' id='word_1_360' title='bbox 1657 2539 1804 2568; x_wconf 91' lang='lat' dir='ltr'>navem</span> 
     </span>
     <span class='ocr_line' id='line_1_43' title="bbox 132 2596 1805 2652; baseline -0.001 -12"><span class='ocrx_word' id='word_1_361' title='bbox 132 2598 361 2640; x_wconf 85' lang='lat' dir='ltr'>ascendere.</span> <span class='ocrx_word' id='word_1_362' title='bbox 409 2596 548 2638; x_wconf 88' lang='lat' dir='ltr'>Primo</span> <span class='ocrx_word' id='word_1_363' title='bbox 581 2599 749 2651; x_wconf 88' lang='lat' dir='ltr'>propter</span> <span class='ocrx_word' id='word_1_364' title='bbox 779 2597 991 2651; x_wconf 87' lang='lat' dir='ltr'>diluvium,</span> <span class='ocrx_word' id='word_1_365' title='bbox 1025 2596 1124 2639; x_wconf 87' lang='lat' dir='ltr'>Gen.</span> <span class='ocrx_word' id='word_1_366' title='bbox 1149 2610 1211 2650; x_wconf 80' lang='lat' dir='ltr'>1x,</span> <span class='ocrx_word' id='word_1_367' title='bbox 1245 2596 1303 2639; x_wconf 91' lang='lat' dir='ltr'>sic</span> <span class='ocrx_word' id='word_1_368' title='bbox 1323 2610 1396 2639; x_wconf 90' lang='lat' dir='ltr'>nos</span> <span class='ocrx_word' id='word_1_369' title='bbox 1419 2596 1613 2638; x_wconf 88' lang='lat' dir='ltr'>debemus</span> <span class='ocrx_word' id='word_1_370' title='bbox 1636 2600 1805 2652; x_wconf 89' lang='lat' dir='ltr'>propter</span> 
     </span>
     <span class='ocr_line' id='line_1_44' title="bbox 132 2666 1805 2721; baseline -0.001 -11"><span class='ocrx_word' id='word_1_371' title='bbox 132 2668 331 2710; x_wconf 89' lang='lat' dir='ltr'>diluvium</span> <span class='ocrx_word' id='word_1_372' title='bbox 362 2668 574 2721; x_wconf 86' lang='lat' dir='ltr'>viciorum,</span> <span class='ocrx_word' id='word_1_373' title='bbox 608 2666 715 2708; x_wconf 90' lang='lat' dir='ltr'>unde</span> <span class='ocrx_word' id='word_1_374' title='bbox 748 2667 885 2710; x_wconf 84' lang='lat' dir='ltr'>Hozee</span> <span class='ocrx_word' id='word_1_375' title='bbox 918 2671 1083 2721; x_wconf 88' lang='lat' dir='ltr'>quarto:</span> <span class='ocrx_word' id='word_1_376' title='bbox 1116 2667 1390 2720; x_wconf 84' lang='lat' dir='ltr'>Mendacium,</span> <span class='ocrx_word' id='word_1_377' title='bbox 1423 2667 1700 2720; x_wconf 86' lang='lat' dir='ltr'>maledictum,</span> <span class='ocrx_word' id='word_1_378' title='bbox 1733 2666 1805 2708; x_wconf 94' lang='lat' dir='ltr'>ho-</span> 
     </span>
     <span class='ocr_line' id='line_1_45' title="bbox 131 2737 1804 2791; baseline -0.001 -11"><span class='ocrx_word' id='word_1_379' title='bbox 131 2739 345 2781; x_wconf 89' lang='lat' dir='ltr'>micidium</span> <span class='ocrx_word' id='word_1_380' title='bbox 378 2742 418 2780; x_wconf 91' lang='lat' dir='ltr'>et</span> <span class='ocrx_word' id='word_1_381' title='bbox 448 2738 603 2779; x_wconf 91' lang='lat' dir='ltr'>furtum</span> <span class='ocrx_word' id='word_1_382' title='bbox 637 2741 677 2779; x_wconf 87' lang='lat' dir='ltr'>et</span> <span class='ocrx_word' id='word_1_383' title='bbox 708 2737 954 2780; x_wconf 84' lang='lat' dir='ltr'>adulterium</span> <span class='ocrx_word' id='word_1_384' title='bbox 976 2738 1280 2780; x_wconf 87' lang='lat' dir='ltr'>inundaverunt</span> <span class='ocrx_word' id='word_1_385' title='bbox 1312 2741 1352 2779; x_wconf 89' lang='lat' dir='ltr'>et</span> <span class='ocrx_word' id='word_1_386' title='bbox 1373 2738 1539 2791; x_wconf 85' lang='lat' dir='ltr'>sanguis</span> <span class='ocrx_word' id='word_1_387' title='bbox 1562 2738 1804 2791; x_wconf 86' lang='lat' dir='ltr'>sanguinem</span> 
     </span>
     <span class='ocr_line' id='line_1_46' title="bbox 131 2808 1806 2865; baseline -0.001 -15"><span class='ocrx_word' id='word_1_388' title='bbox 131 2810 286 2863; x_wconf 83' lang='lat' dir='ltr'>tetigit,</span> <span class='ocrx_word' id='word_1_389' title='bbox 325 2812 497 2865; x_wconf 87' lang='lat' dir='ltr'>propter</span> <span class='ocrx_word' id='word_1_390' title='bbox 529 2808 636 2863; x_wconf 87' lang='lat' dir='ltr'>quod</span> <span class='ocrx_word' id='word_1_391' title='bbox 667 2808 819 2851; x_wconf 87' lang='lat' dir='ltr'>lucebit</span> <span class='ocrx_word' id='word_1_392' title='bbox 858 2809 933 2851; x_wconf 87' lang='lat' dir='ltr'>tibi</span> <span class='ocrx_word' id='word_1_393' title='bbox 964 2809 1148 2851; x_wconf 86' lang='lat' dir='ltr'>infernus</span> <span class='ocrx_word' id='word_1_394' title='bbox 1182 2812 1222 2851; x_wconf 91' lang='lat' dir='ltr'>et</span> <span class='ocrx_word' id='word_1_395' title='bbox 1253 2808 1402 2861; x_wconf 88' lang='lat' dir='ltr'>omnia,</span> <span class='ocrx_word' id='word_1_396' title='bbox 1437 2822 1513 2862; x_wconf 91' lang='lat' dir='ltr'>que</span> <span class='ocrx_word' id='word_1_397' title='bbox 1544 2808 1733 2851; x_wconf 89' lang='lat' dir='ltr'>habitant</span> <span class='ocrx_word' id='word_1_398' title='bbox 1762 2808 1806 2849; x_wconf 89' lang='lat' dir='ltr'>in</span> 
     </span>
     <span class='ocr_line' id='line_1_47' title="bbox 133 2878 1805 2933; baseline 0 -12"><span class='ocrx_word' id='word_1_399' title='bbox 133 2893 200 2933; x_wconf 87' lang='lat' dir='ltr'>eo,</span> <span class='ocrx_word' id='word_1_400' title='bbox 242 2883 283 2922; x_wconf 85' lang='lat' dir='ltr'>et</span> <span class='ocrx_word' id='word_1_401' title='bbox 318 2879 408 2922; x_wconf 86' lang='lat' dir='ltr'>ideo</span> <span class='ocrx_word' id='word_1_402' title='bbox 447 2892 612 2922; x_wconf 88' lang='lat' dir='ltr'>necesse</span> <span class='ocrx_word' id='word_1_403' title='bbox 651 2882 713 2921; x_wconf 89' lang='lat' dir='ltr'>est</span> <span class='ocrx_word' id='word_1_404' title='bbox 752 2879 869 2921; x_wconf 89' lang='lat' dir='ltr'>nobis</span> <span class='ocrx_word' id='word_1_405' title='bbox 908 2893 1054 2922; x_wconf 88' lang='lat' dir='ltr'>navem</span> <span class='ocrx_word' id='word_1_406' title='bbox 1087 2879 1306 2922; x_wconf 88' lang='lat' dir='ltr'>ascendere</span> <span class='ocrx_word' id='word_1_407' title='bbox 1337 2879 1442 2921; x_wconf 89' lang='lat' dir='ltr'>bone</span> <span class='ocrx_word' id='word_1_408' title='bbox 1473 2879 1567 2921; x_wconf 89' lang='lat' dir='ltr'>vite.</span> <span class='ocrx_word' id='word_1_409' title='bbox 1619 2878 1805 2921; x_wconf 87' lang='lat' dir='ltr'>Secundo</span> 
     </span>
     <span class='ocr_line' id='line_1_48' title="bbox 134 2949 1806 2993; baseline 0 -2"><span class='ocrx_word' id='word_1_410' title='bbox 134 2950 367 2993; x_wconf 87' lang='lat' dir='ltr'>ascenditur</span> <span class='ocrx_word' id='word_1_411' title='bbox 404 2950 521 2993; x_wconf 88' lang='lat' dir='ltr'>navis</span> <span class='ocrx_word' id='word_1_412' title='bbox 559 2950 612 2992; x_wconf 89' lang='lat' dir='ltr'>ad</span> <span class='ocrx_word' id='word_1_413' title='bbox 653 2950 1016 2992; x_wconf 89' lang='lat' dir='ltr'>transfretandum.</span> <span class='ocrx_word' id='word_1_414' title='bbox 1064 2950 1207 2992; x_wconf 89' lang='lat' dir='ltr'>Matth.</span> <span class='ocrx_word' id='word_1_415' title='bbox 1237 2963 1304 2992; x_wconf 79' lang='lat' dir='ltr'>lx:</span> <span class='ocrx_word' id='word_1_416' title='bbox 1345 2949 1545 2992; x_wconf 89' lang='lat' dir='ltr'>Ascendit</span> <span class='ocrx_word' id='word_1_417' title='bbox 1582 2950 1724 2992; x_wconf 89' lang='lat' dir='ltr'>Ihesus</span> <span class='ocrx_word' id='word_1_418' title='bbox 1764 2953 1806 2992; x_wconf 89' lang='lat' dir='ltr'>et</span> 
     </span>
    </p>
   </div>
  </div>
 </body>
</html>
