1949 3162
989 69 1074 110 680

309 176 537 219 Moralz'ter.
603 174 844 228 Karissimi,
890 174 959 216 ille
1006 175 1231 229 imperator
1278 178 1339 216 est
1384 173 1590 228 Christus,
1637 175 1707 229 qui
1753 174 1866 216 illam

191 249 321 302 legem
356 246 505 300 edidit,
538 246 646 300 quod
676 245 813 287 nullus
846 245 1115 300 desponsaret
1146 245 1356 287 mulierem
1392 248 1467 287 etc.
1520 244 1608 286 Hoc
1639 249 1701 288 est
1731 245 1864 287 dictu:

192 319 304 362 Deus
338 317 427 359 vult
458 320 498 359 et
530 316 718 372 precipit,
750 320 796 358 ut
827 329 906 358 non
939 316 1066 357 simus
1100 317 1336 372 desponsati
1369 315 1484 357 alteri
1519 328 1638 369 quam
1670 317 1764 371 ipsi,
1797 316 1867 371 qui

191 390 234 431 in
272 388 430 430 diviciis
470 387 699 441 habundat,
742 400 816 430 nec
855 387 961 441 quod
1002 387 1148 429 mulier
1187 387 1272 428 scil.
1312 387 1442 429 deitas
1482 386 1637 428 nullum
1680 387 1865 443 accipiet,

188 460 269 502 nisi
301 459 508 501 habundet
539 459 582 500 in
614 458 787 511 diviciis,
821 459 845 499 i.
871 471 903 499 e.
939 458 1054 499 bonis
1088 458 1321 499 virtutibus.
1379 457 1496 499 Miles
1529 471 1644 510 vero,
1686 458 1755 512 qui
1794 471 1868 513 per

189 543 315 584 regna
336 533 376 572 et
397 533 532 571 castra
553 530 736 585 perrexit
758 529 808 571 ad
831 529 1081 582 querendam
1104 543 1274 570 uxorem
1297 529 1339 570 in
1364 528 1525 570 diviciis
1547 528 1866 582 habundantem,

189 605 298 644 certe
337 604 399 642 est
437 600 608 655 quilibet
646 601 768 642 homo
808 600 1040 641 mundanus
1081 601 1148 654 qui
1188 600 1334 641 circuit
1365 599 1563 640 mundum
1603 613 1676 655 per
1707 600 1869 642 diversa

189 673 296 725 loca,
336 675 381 713 ut
410 672 595 713 inveniat
631 671 846 713 commoda
879 671 1014 712 anime
1048 684 1130 712 sue.
1187 670 1357 720 Quando
1391 671 1548 712 invenit
1580 684 1748 713 uxorem
1781 671 1808 712 i.
1832 685 1865 713 e.

189 756 351 786 carnem
400 743 442 784 in
489 742 649 784 diviciis
692 742 929 783 deliciarum
977 742 1173 783 nutritam
1223 745 1263 783 et
1309 741 1421 796 cupit
1469 755 1557 782 eam
1605 740 1873 797 desponsare}

189 814 336 856 mulier
366 813 438 855 illa
469 813 554 855 scil.
589 826 683 855 caro
716 826 797 854 non
830 813 918 854 vult
950 813 1193 868 simpliciter
1232 812 1387 853 homini
1427 812 1611 867 copulari
1650 812 1734 853 sive
1773 808 1891 855 con?

189 885 354 938 sentire,
388 884 517 925 donec
548 884 718 925 divicias
750 884 776 926 i.
801 898 834 925 e.
870 884 1005 925 carnis
1039 883 1204 925 delicias
1238 883 1387 925 habeat
1417 884 1459 924 in
1493 896 1614 938 opere
1645 897 1731 925 suo.
1784 883 1869 934 Que

190 959 285 998 sunt
316 955 387 997 illa
419 968 496 1009 que
528 967 622 996 caro
655 955 885 996 desiderat?
926 954 1044 996 Certe
1085 954 1186 996 bene
1228 954 1459 1007 comedere,
1501 954 1682 996 suaviter
1717 955 1868 1008 vivere,

189 1027 364 1069 delicata
396 1025 610 1079 adquirere
642 1029 683 1067 et
705 1025 858 1067 nullam
882 1025 1114 1067 molestiam
1149 1028 1292 1067 contra
1313 1038 1476 1067 carnem
1509 1025 1655 1066 facere.
1690 1025 1722 1067 O
1745 1026 1870 1068 miser

188 1097 324 1150 homo,
359 1096 580 1138 defuturis
612 1109 694 1137 non
727 1096 1036 1152 premeditaris!
1071 1096 1230 1137 Occidit
1262 1096 1405 1138 ducem
1429 1096 1453 1136 i.
1480 1109 1512 1137 e.
1537 1096 1759 1149 racionem,
1793 1110 1869 1151 que

190 1182 353 1211 carnem
385 1181 526 1221 regere
559 1167 690 1209 debet.
738 1167 936 1209 Homines
968 1167 1115 1208 armati
1148 1167 1216 1221 qui
1249 1167 1392 1208 ducem
1426 1167 1710 1209 custodiebant
1738 1168 1780 1209 in
1803 1167 1869 1210 die

189 1244 298 1282 certe
327 1239 499 1280 virtutes
520 1241 616 1280 sunt
638 1251 738 1292 quas
770 1238 811 1279 in
834 1238 1039 1294 baptismo
1072 1238 1239 1293 recepit,
1273 1238 1434 1292 quando
1468 1237 1628 1279 diabolo
1657 1239 1870 1281 renuncia·

190 1311 249 1353 vit
290 1314 330 1352 et
361 1309 495 1352 Cristo
534 1309 706 1351 adhesit.
763 1308 842 1351 Sed
882 1308 1090 1351 caniculus
1133 1309 1201 1362 qui
1242 1308 1343 1351 bene
1384 1309 1425 1350 in
1468 1312 1585 1351 nocte
1625 1309 1768 1364 latrat,
1809 1313 1871 1352 est

189 1385 261 1424 tua
300 1380 574 1434 consciencia,
623 1394 699 1434 que
739 1394 902 1435 semper
934 1384 1076 1422 contra
1114 1380 1219 1421 vicia
1256 1383 1497 1421 murmurat.
1561 1379 1870 1423 Conscienciam

191 1453 351 1506 occidit,
385 1452 545 1506 quando
579 1465 672 1493 caro
705 1452 746 1493 in
779 1452 935 1494 deliciis
969 1454 1186 1506 superatur
1219 1456 1258 1492 et
1290 1451 1459 1506 spiritus
1493 1451 1702 1505 objicitur,
1741 1456 1782 1495 et
1812 1452 1870 1495 sic

191 1524 273 1566 dux
305 1524 331 1565 i.
356 1537 388 1566 e.
422 1524 532 1565 racio
564 1522 828 1576 interficitur,
867 1536 940 1578 per
973 1536 1093 1577 quam
1127 1522 1247 1563 homo
1281 1522 1448 1564 deberet
1478 1523 1577 1576 regi.
1636 1521 1716 1565 Sed
1749 1523 1869 1566 modo

191 1600 253 1638 est
288 1594 510 1636 videndum
544 1593 676 1647 qualis
709 1607 789 1635 vox
821 1593 997 1649 desuper
1029 1598 1091 1636 est
1132 1593 1303 1648 dilapsa.
1359 1593 1479 1635 Certe
1511 1607 1589 1635 vox
1622 1594 1763 1637 divina
1793 1608 1870 1649 que

190 1666 452 1722 precantibus
474 1664 624 1706 talibus
656 1664 838 1718 loquitur
868 1665 910 1706 in
940 1666 1144 1719 scriptura
1167 1668 1308 1706 sancta
1341 1678 1413 1719 per
1444 1665 1625 1720 ysaiam:
1659 1665 1718 1707 Ve
1743 1665 1868 1721 vobis,

190 1738 258 1793 qui
290 1735 537 1792 conjungitis
559 1736 724 1777 domum
749 1736 798 1778 ad
823 1736 977 1777 domos.
1012 1736 1070 1777 Ve
1094 1735 1207 1777 vobis
1231 1735 1299 1790 qui
1328 1736 1534 1791 sapientes
1556 1737 1654 1778 estis
1678 1737 1717 1779 in
1742 1737 1868 1779 oculis

190 1809 349 1852 vestris.
392 1808 464 1850 Isti
495 1811 591 1849 sunt
621 1807 690 1862 qui
714 1807 893 1849 animam
917 1808 1106 1849 occidunt
1129 1812 1168 1849 et
1190 1806 1396 1848 carnalem
1419 1807 1672 1862 voluptatem
1695 1808 1869 1863 despon-

190 1884 293 1923 sant.
341 1879 395 1922 Et
427 1893 450 1920 a
478 1878 628 1920 talibus
652 1883 713 1920 est
744 1878 971 1920 timendum
1005 1879 1100 1933 quia
1133 1878 1219 1920 avis
1253 1878 1433 1933 quotidie
1466 1878 1551 1920 scil.
1576 1883 1718 1921 sancta
1740 1881 1869 1936 scrip-

190 1955 284 1994 tura
321 1953 461 1993 cantat
500 1949 549 1991 ad
589 1950 767 1991 animam
801 1950 1091 2004 peccatricem:
1124 1950 1365 2002 Revertere,
1405 1954 1610 1992 revertere
1643 1949 1869 1993 Sunamitis

191 2023 217 2065 i.
242 2036 274 2065 e.
299 2022 438 2064 anima
459 2021 666 2076 peccatrix
700 2025 740 2062 et
772 2034 844 2074 ego
877 2021 1038 2062 intuear
1070 2025 1122 2075 te,
1156 2021 1242 2062 scil.
1267 2034 1339 2074 ego
1373 2024 1491 2075 pater
1524 2025 1563 2062 et
1593 2020 1700 2063 filius
1724 2026 1764 2064 et
1785 2022 1869 2077 spi-

192 2093 295 2135 ritus
328 2096 492 2135 sanctus
524 2091 754 2133 videbimus
786 2096 825 2134 te
859 2092 908 2133 ad
931 2096 1111 2134 nostram
1139 2092 1463 2133 similitudinem.
1508 2092 1552 2133 In
1575 2092 1714 2134 eadem
1737 2093 1870 2135 forma

193 2168 233 2207 et
264 2163 539 2220 pulcritudine
572 2176 651 2217 qua
680 2163 851 2204 fecimus
884 2166 936 2205 te.
977 2164 1122 2205 Adhuc
1145 2163 1264 2204 homo
1289 2167 1350 2205 est
1372 2164 1599 2205 contrarius
1627 2164 1715 2206 deo.
1756 2163 1870 2206 Istud

191 2249 273 2277 non
305 2235 426 2290 sapit.
469 2234 623 2288 Dirigit
654 2235 845 2288 sagittam
869 2235 1025 2290 peccati
1059 2239 1098 2276 et
1130 2239 1326 2289 quantum
1359 2235 1400 2276 in
1428 2248 1473 2277 eo
1505 2238 1567 2277 est
1598 2233 1800 2289 crucifigit
1830 2238 1871 2277 et

193 2306 314 2360 erigit
354 2306 429 2348 sibi
474 2309 652 2347 castrum
695 2305 897 2360 superbie.
949 2305 1004 2347 Et
1035 2309 1132 2347 tunc
1162 2306 1346 2347 infernus
1378 2306 1510 2361 aperit
1547 2310 1587 2348 et
1617 2305 1740 2347 talem
1777 2319 1868 2348 cum

194 2377 382 2420 omnibus
414 2376 572 2418 delictis
606 2377 690 2418 suis
722 2376 902 2418 devorat.
938 2376 1183 2419 Studeamus
1215 2390 1310 2430 ergo
1343 2377 1401 2418 sic
1433 2390 1597 2420 carnem
1630 2377 1797 2419 domare
1829 2380 1870 2419 et

195 2448 269 2491 deo
293 2448 470 2504 placere,
493 2447 600 2502 quod
633 2448 858 2503 poterimus
892 2448 942 2489 ad
965 2452 1105 2490 eterna
1127 2448 1277 2502 gaudia
1298 2448 1524 2504 pervenire.
1560 2448 1624 2490 Ad
1647 2461 1769 2503 quam
1791 2451 1867 2491 etc.

865 2701 964 2755 278,
997 2714 1099 2755 app.
1125 2700 1198 2744 8⁶2.

312 2800 495 2844 Miremis
534 2803 577 2844 in
608 2803 773 2844 civitate
805 2815 976 2844 romana
1014 2802 1220 2855 regnavit,
1256 2802 1324 2856 qui
1364 2815 1533 2844 uxorem
1573 2800 1759 2857 pulcram
1799 2799 1868 2842 de-

196 2877 465 2928 sponsaverat
496 2877 536 2916 et
566 2874 634 2915 diu
657 2877 773 2915 erant
795 2874 1021 2915 adinvicem
1045 2873 1250 2927 conjuncti
1282 2876 1322 2914 et
1352 2873 1507 2915 nullam
1530 2871 1687 2927 prolem
1718 2871 1869 2914 habere

197 2948 399 2998 poterant.
444 2943 599 2993 Quesiti
632 2948 727 2987 sunt
757 2944 902 2986 medici
927 2958 1000 2999 per
1022 2944 1184 2986 diversa
1205 2957 1344 2997 regna,
1376 2948 1421 2985 ut
1451 2944 1740 2998 imperatorem
1772 2955 1868 2983 con-
