1919 3131
90 163 158 205 34.

89 306 157 347 35.

86 447 154 489 36.

83 732 151 774 38.

82 875 150 916 39.

79 1018 148 1059 40.

77 1161 146 1203 41.

74 1447 143 1489 43.

71 1590 141 1632 44.

70 1733 140 1775 45.

69 1876 140 1918 46.

68 2019 138 2061 47.

67 2162 136 2204 48.

67 2305 136 2346 49.

65 2588 134 2632 51.

65 2730 132 2774 52.

63 2872 131 2916 53.

910 70 965 111 35

208 163 269 207 De
303 171 517 221 peccatore
550 174 590 211 et
621 171 890 216 confessione.
940 174 1181 230 Genogarus
1214 180 1452 236 imperator.
1503 184 1620 234 (Drei
1651 188 1782 230 wahr-

207 234 358 290 heiten,
392 238 499 288 frei.)
547 239 617 282 lat.
644 243 711 284 58.

207 305 269 349 De
302 308 545 363 probatione
579 311 778 356 bonorum
810 320 850 358 et
873 317 1088 361 malorum.
1138 320 1338 364 Ezechias
1362 327 1562 378 regnavit.
1614 327 1780 378 (Baum-

205 377 332 429 erbe.)
380 393 508 433 germ.
534 383 601 424 81.

203 448 265 491 De
296 449 479 493 Jonatha
520 454 588 507 qui
622 454 766 498 habuit
798 458 878 500 tria
909 459 1108 503 clenodia.
1165 462 1317 506 Darius
1352 466 1589 521 imperator.
1639 470 1779 521 (Jona-

204 519 329 571 thas.)
378 521 448 564 lat.
480 526 573 566 120.

144 621 153 630 .
203 589 265 633 De
296 593 425 635 nimia
456 597 767 652 presumptione
795 604 870 643 etc.
919 602 1165 647 Jovinianus
1196 606 1434 662 imperator.
1485 609 1777 665 (Jovinianus.)

201 661 271 704 lat.
294 664 362 706 59.

200 732 262 776 De
301 734 384 777 filio
424 736 632 780 forestarii
671 755 792 795 quem
834 743 1062 799 imperator
1102 747 1231 791 voluit
1271 751 1469 794 occidere.
1533 752 1776 797 Hambribal

198 818 311 858 regn.
361 807 547 860 (Redde.)
599 810 669 853 lat.
695 813 762 854 ⁵20.

198 875 261 918 De
299 877 408 920 dulci
448 880 626 924 melodia
666 888 706 926 et
745 885 951 939 piscatore
992 892 1032 930 et
1068 889 1309 935 sibillatore.
1367 893 1568 949 Tyberius
1602 896 1643 938 in
1677 898 1775 940 civi-

197 951 295 990 tate.
344 948 520 1000 (Goldne
553 954 704 1007 angel.)
756 955 827 998 lat.
853 958 920 998 85.

196 1018 259 1061 De
302 1019 476 1064 Claudio
523 1024 776 1080 imperatore
823 1029 938 1083 cujus
976 1029 1104 1073 filiam
1145 1032 1265 1076 duxit
1307 1034 1510 1079 Socrates.
1576 1037 1773 1082 Claudius

197 1089 437 1146 imperator.
487 1094 696 1146 (Socrates
729 1098 964 1151 heirathet.)
1012 1101 1083 1144 lat.
1109 1104 1176 1145 61.

194 1161 258 1205 De
289 1162 530 1208 Florentina
562 1181 640 1222 que
673 1170 855 1212 animam
888 1172 1105 1226 signifieat.
1155 1173 1296 1231 Gayus
1319 1176 1546 1233 imperator
1567 1182 1767 1234 regnavit.

196 1233 483 1283 (Florentina.)
527 1237 597 1280 lat.
624 1240 691 1281 62.

136 1337 145 1346 .
193 1304 257 1348 De
303 1319 506 1363 campana
554 1314 594 1352 et
640 1316 832 1367 serpente
881 1318 921 1356 et
961 1315 1131 1369 judicio.
1196 1317 1450 1362 Theodosius
1496 1321 1539 1363 in
1586 1322 1766 1366 civitate.

160 1408 163 1411 .
195 1376 532 1432 (Riigenglocke.)
579 1381 651 1424 lat.
679 1383 775 1425 105.

192 1447 255 1491 De
287 1448 405 1492 leone
437 1455 479 1493 et
509 1451 628 1495 leena
661 1454 895 1498 adulterata
926 1469 1018 1499 cum
1050 1458 1260 1515 leopardo.
1308 1461 1394 1504 Rex
1419 1463 1586 1518 quidam
1610 1464 1765 1508 habuit.

191 1518 382 1573 (Liiwin.)
430 1521 500 1565 lat.
530 1524 624 1566 181.

189 1590 253 1634 De
290 1596 379 1636 orto
420 1607 539 1649 quem
584 1609 684 1652 aper
723 1597 930 1641 destruxit
969 1604 1010 1642 et
1049 1605 1234 1645 extremo
1268 1604 1438 1657 judicio.
1494 1605 1683 1662 Traynus
1722 1609 1765 1650 in

189 1663 369 1707 civitate.
419 1664 546 1718 (Eber
579 1667 685 1710 ohne
717 1668 848 1721 herz.)
896 1670 968 1713 lat.
994 1672 1063 1714 83.

188 1733 251 1777 De
282 1735 442 1790 virgine
474 1751 553 1792 que
584 1738 683 1782 feeit
713 1741 928 1784 camisiam
961 1747 1037 1786 etc.
1085 1744 1322 1789 Anthonius
1348 1748 1549 1802 regnavit.
1599 1749 1763 1806 (Hemd‚

188 1805 276 1848 drei
310 1807 422 1860 zoll.)
469 1808 540 1852 lat.
567 1811 635 1853 64.

187 1876 251 1920 De
283 1877 452 1922 domina
483 1884 525 1923 et
555 1881 687 1925 milite
720 1887 761 1926 et
780 1883 941 1928 falcone
963 1890 1004 1929 et
1024 1886 1146 1930 rebus
1168 1889 1480 1945 temporalibus
1528 1890 1762 1949 Pompeyus

186 1949 231 1991 in
262 1950 441 1994 civitate.
492 1951 667 2005 (Falke.)
716 1954 787 1997 lat.
815 1957 882 1997 84.

185 2019 249 2063 De
279 2021 412 2064 tribus
445 2023 566 2066 sociis
600 2028 641 2066 et
671 2039 752 2068 uno
778 2040 885 2082 pane
908 2031 949 2070 et
970 2028 1103 2072 tribus
1125 2031 1344 2085 generibus
1367 2032 1593 2076 hominum.
1640 2034 1760 2091 Olym

186 2097 317 2135 erant.
365 2094 671 2146 (Traumbrod.)
720 2096 791 2139 lat.
820 2099 914 2140 106.

185 2163 248 2206 De
281 2177 407 2219 puero
440 2166 660 2208 nutriendo
693 2171 734 2210 et
764 2168 861 2224 lupo
896 2174 937 2213 et
968 2176 1145 2227 pastore.
1199 2173 1351 2216 Lucius
1383 2176 1583 2228 regnavit.
1633 2176 1759 2227 (Kind

185 2239 441 2290 anvertraut,
473 2237 600 2289 wolf.)
646 2252 775 2292 germ.
800 2242 868 2283 34.

183 2305 246 2349 De
277 2306 450 2350 muliere
483 2308 715 2353 adulterata
743 2315 784 2354 et
807 2313 966 2367 virgine
987 2313 1120 2357 beata.
1162 2315 1372 2359 Adrianus
1394 2318 1595 2372 regnavit.
1639 2318 1757 2372 (Ker-

184 2377 493 2434 kergesprach.)
545 2379 616 2422 lat.
641 2382 709 2424 86.

183 2447 246 2491 De
292 2453 469 2504 quatuor
514 2451 594 2493 viis
642 2457 682 2495 et
722 2454 808 2497 vita
845 2455 1037 2499 hominis.
1102 2457 1244 2501 Gelius
1281 2459 1326 2500 in
1364 2459 1531 2503 civitate
1568 2474 1752 2503 romana.

184 2519 336 2570 (Kreuz
368 2521 446 2564 mit
475 2522 750 2577 inschriften.)
797 2525 868 2568 lat.
894 2527 962 2569 65.

182 2589 247 2633 De
277 2592 396 2645 nigro
429 2606 533 2647 equo
566 2597 608 2636 et
637 2608 738 2638 cane
771 2601 812 2639 et
841 2597 1002 2641 falcone
1034 2603 1076 2642 et
1105 2612 1244 2642 cornu.
1303 2599 1519 2644 simachus
1550 2604 1750 2656 regnavit.

182 2660 425 2715 (Schwarz.)
473 2678 601 2718 germ.
627 2666 695 2708 35.

180 2731 244 2776 De
282 2733 368 2776 filia
405 2736 514 2789 regis
554 2750 628 2792 pro
670 2751 751 2792 qua
789 2738 908 2781 miles
946 2741 1148 2796 pugnavit
1187 2745 1262 2784 etc.
1327 2741 1503 2785 Severus
1548 2745 1748 2799 regnavit.

182 2803 249 2856 (W
252 2803 359 2847 affen
390 2806 658 2861 aufhz'mgen.)
706 2808 778 2851 lat.
803 2810 871 2852 66.

179 2874 242 2918 De
273 2876 418 2931 milite,
451 2877 642 2933 dracone,
675 2879 793 2923 leone
825 2885 867 2923 et
887 2882 1004 2924 mari.
1050 2883 1286 2926 Anthonius
1309 2886 1509 2939 regnavit.
1556 2887 1748 2940 (Wiiste.)

182 2959 276 3002 app.
301 2949 340 2989 3.

1413 3031 1435 3066 3
1444 3031 1467 3053 κ
