1929 3162
976 72 1059 114 288

179 179 294 220 nium
329 181 468 232 potest
504 177 583 218 dici
624 177 797 219 annulus
837 177 1074 231 oblivionis,
1114 177 1210 231 quia
1248 177 1422 218 retrahit
1459 180 1500 218 et
1534 176 1686 231 refugit
1715 176 1849 232 ipsam

179 263 357 302 carnem,
390 262 441 291 ne
472 247 671 303 impediat
701 261 822 290 usum
852 248 1029 290 racionis
1061 251 1101 290 et
1133 261 1234 304 opus
1266 247 1535 300 meritorium,
1568 261 1641 302 per
1670 261 1747 303 que
1767 248 1851 290 itur

180 320 231 362 ad
262 320 395 362 deum.
446 318 690 361 Studeamus
723 333 818 372 ergo
850 319 951 361 istos
985 319 1157 361 annulos
1187 319 1245 361 sic
1266 319 1479 361 nobiscum
1499 318 1690 373 retinere,
1722 322 1768 361 ut
1789 319 1850 360 vi-

178 395 261 433 tam
296 394 480 433 eternam
512 391 706 445 consequi
737 404 980 433 mereamur.

133 628 154 660 5
920 621 1022 663 CAP.
1050 623 1115 663 11.

450 708 523 752 De
559 723 724 753 veneno
757 710 951 768 peccati,
989 723 1077 769 quo
1117 709 1312 768 quotidie
1348 709 1583 752 nutrimur.

294 815 531 858 Alexander
562 817 750 870 regnavit
780 820 926 872 potens
960 817 1100 870 valde,
1135 817 1204 871 qui
1237 817 1480 869 magistrum
1512 815 1777 858 Aristotelem
1809 815 1852 857 in

180 901 298 929 suum
339 887 547 930 doctorem
587 888 782 941 habebat,
823 889 892 943 qui
924 902 1015 930 eum
1049 889 1091 930 in
1124 888 1234 930 omni
1267 888 1438 930 scientia
1468 887 1711 930 instruebat.
1765 886 1853 929 Hoc

180 959 349 1001 audiens
381 960 523 1013 regina
556 960 758 1015 aquilonis
787 958 912 1001 filiam
936 973 1051 1001 suam
1076 974 1099 1002 a
1121 962 1306 1015 tempore
1329 973 1426 1001 suae
1447 959 1676 1001 nativitatis
1698 971 1852 1001 veneno

110 1038 153 1072 10
177 1031 364 1085 nutrivit,
397 1035 436 1073 et
467 1045 559 1073 cum
590 1031 847 1087 pervenisset
878 1031 929 1073 ad
959 1031 1187 1085 legitimam
1220 1034 1410 1084 aetatem,
1449 1034 1536 1074 erat
1565 1035 1650 1073 tam
1682 1029 1854 1086 pulchra

179 1106 218 1144 et
249 1102 376 1144 oculis
408 1102 619 1145 hominum
653 1103 847 1157 gratiosa,
881 1103 989 1157 quod
1021 1102 1141 1144 multi
1172 1117 1246 1158 per
1277 1103 1519 1159 adspectum
1551 1103 1636 1157 ejus
1660 1101 1853 1144 infatuati

178 1177 284 1216 sunt.
347 1174 503 1228 Regina
543 1189 633 1217 eam
674 1174 725 1216 ad
757 1174 1041 1217 Alexandrum
1081 1174 1214 1228 misit,
1254 1179 1298 1216 ut
1339 1175 1425 1229 ejus
1466 1173 1693 1216 concubina
1723 1172 1850 1215 fieret.

178 1245 276 1287 Visa
316 1246 454 1300 puella
492 1246 632 1289 statim
671 1249 813 1301 captus
857 1249 918 1288 est
956 1246 999 1287 in
1039 1259 1219 1288 amorem
1252 1247 1359 1300 ejus,
1399 1249 1439 1288 et
1470 1245 1649 1287 dormire
1681 1258 1773 1287 cum
1806 1257 1854 1286 ea

177 1317 351 1360 volebat.
405 1318 492 1360 Hoc
524 1318 755 1373 percipiens
787 1317 1033 1360 Aristoteles
1066 1317 1172 1359 dixit
1203 1318 1258 1360 ei:
1292 1316 1428 1359 Nolite
1458 1316 1558 1359 talia
1590 1319 1850 1372 attemptare.

110 1395 152 1430 15
178 1388 288 1439 Quae
321 1389 356 1430 si
386 1389 579 1443 feceritiS,
610 1390 653 1431 in
686 1390 911 1432 continenti
942 1389 1189 1443 moriemini,
1224 1402 1270 1431 eo
1303 1388 1411 1444 quod
1442 1389 1534 1444 ipsa
1565 1388 1618 1430 sit
1640 1391 1727 1430 toto
1749 1392 1852 1431 tem-

176 1474 275 1515 pore
308 1460 415 1502 vitae
447 1475 544 1502 suae
577 1474 731 1503 veneno
764 1461 932 1503 nutrita.
980 1460 1096 1511 Quod
1129 1464 1264 1503 autem
1296 1474 1438 1502 verum
1471 1460 1525 1502 sit
1555 1459 1737 1516 probabo
1770 1464 1853 1502 sta-

176 1532 264 1573 tim.
311 1531 389 1574 Hic
421 1536 482 1574 est
514 1532 680 1587 quidam
714 1533 967 1585 malefactor,
1001 1532 1069 1586 qui
1103 1546 1176 1587 per
1207 1532 1339 1586 legem
1372 1531 1492 1574 debet
1515 1532 1631 1574 mori.
1680 1531 1784 1574 Cum
1806 1544 1854 1574 ea

178 1603 376 1657 dormiat,
418 1607 458 1646 et
495 1607 594 1645 tunc
633 1605 667 1646 si
706 1618 850 1646 verum
883 1607 944 1646 est
976 1603 1179 1646 videbitis.
1235 1603 1290 1645 Et
1322 1603 1380 1646 sic
1410 1604 1563 1646 factum
1597 1606 1670 1646 est.
1726 1602 1853 1645 Male-

177 1674 308 1716 factor
347 1674 553 1718 osculatus
591 1679 652 1718 est
683 1689 773 1718 eam
806 1689 943 1717 coram
978 1675 1179 1718 omnibus.
1238 1674 1387 1717 Statim
1419 1675 1566 1718 cecidit
1597 1679 1638 1717 et
1668 1678 1854 1717 mortuus

109 1754 154 1788 20
179 1749 252 1788 est.
309 1746 547 1789 Alexander
584 1747 659 1789 hoc
698 1747 930 1802 percipiens
969 1747 1213 1800 magistrum
1249 1746 1353 1789 miro
1385 1747 1506 1789 modo
1537 1746 1744 1800 laudavit,
1785 1745 1854 1800 qui

179 1831 269 1860 eum
303 1832 326 1860 a
357 1822 489 1861 morte
520 1819 722 1862 liberavit.
772 1819 958 1861 Puellam
991 1819 1114 1861 matri
1148 1818 1318 1861 remisit.

296 1891 580 1932 Moralizacio.
641 1888 701 1944 [9]
742 1889 977 1945 Carissimi,
1017 1891 1095 1933 iste
1127 1889 1365 1933 Alexander
1402 1893 1539 1945 potest
1570 1889 1652 1932 dici
1684 1889 1855 1945 quilibet

179 1961 425 2003 christianus
458 1962 586 2004 bonus
618 1962 734 2003 fortis
768 1966 807 2004 et
838 1966 984 2017 potens
1016 1976 1090 2018 per
1122 1962 1308 2016 virtutes,
1346 1975 1447 2016 quas
1478 1962 1522 2003 in
1553 1961 1759 2017 baptismo
1790 1975 1854 2004 re-

179 2033 301 2089 cepit,
334 2033 404 2088 qui
436 2036 582 2088 potens
615 2037 654 2075 et
684 2033 802 2075 fortis
836 2037 910 2087 est,
945 2033 1141 2088 quamdiu
1174 2037 1313 2075 manet
1341 2033 1385 2075 in
1417 2033 1588 2076 caritate
1611 2036 1651 2075 et
1672 2033 1854 2089 puritate

110 2110 154 2145 25
179 2104 262 2147 vite
300 2108 442 2146 contra
481 2104 689 2146 diabolum
728 2104 926 2146 mundum
959 2108 999 2147 et
1031 2118 1209 2147 carnem.
1265 2104 1422 2158 Regina
1454 2104 1656 2159 aquilonis
1690 2108 1752 2147 est
1781 2104 1854 2147 ha-

179 2176 411 2218 bundancia
431 2189 582 2229 rerum,
615 2190 692 2230 que
714 2176 922 2219 hominem
945 2177 1079 2231 querit
1100 2176 1297 2230 occidere,
1326 2176 1597 2232 spiritualiter
1619 2175 1852 2230 aliquando,

180 2247 318 2303 sepius
358 2246 637 2303 corporaliter.
700 2247 843 2290 Puella
880 2249 1108 2290 intoxicata
1147 2250 1209 2290 est
1245 2247 1410 2289 luxuria
1442 2251 1482 2289 et
1512 2247 1628 2301 gula,
1671 2260 1748 2302 que
1778 2260 1854 2289 nu-

179 2319 360 2361 triuntur
392 2332 442 2360 ex
474 2318 638 2360 cibariis
671 2319 872 2373 delicatis,
906 2333 984 2374 que
1016 2323 1112 2361 sunt
1141 2332 1299 2361 venena
1328 2319 1475 2361 anime.
1522 2318 1769 2361 Aristoteles
1792 2322 1855 2361 est

179 2393 251 2432 tua
282 2389 536 2432 consciencia
567 2390 653 2432 sive
684 2391 807 2444 raoio,
846 2404 924 2445 que
957 2404 1119 2446 semper
1149 2394 1381 2433 murmurat
1413 2393 1452 2432 et
1483 2390 1728 2432 contradicit
1756 2389 1852 2443 illis,

110 2467 155 2501 30
181 2475 258 2516 que
290 2465 386 2503 sunt
417 2461 551 2503 anime
583 2462 749 2515 nociva,
788 2465 828 2504 et
859 2462 976 2503 illum
1009 2462 1202 2517 impedit,
1236 2475 1286 2504 ne
1319 2475 1410 2504 cum
1442 2461 1593 2504 talibus
1624 2461 1854 2504 immisceat

180 2546 234 2575 se.
282 2532 521 2574 Malefactor
554 2536 615 2574 est
645 2533 707 2574 vir
740 2547 978 2588 perversus,
1015 2533 1089 2575 deo
1121 2533 1373 2586 inobediens,
1408 2533 1476 2587 qui
1506 2533 1637 2586 magis
1670 2533 1853 2587 sequitur
1883 2556 1887 2558 -

180 2604 347 2646 delicias
379 2604 527 2658 carnis,
561 2618 683 2658 quam
716 2604 855 2646 divina
887 2609 1093 2659 precepta.
1142 2604 1253 2646 Talis
1285 2607 1373 2646 tota
1404 2603 1469 2646 die
1496 2604 1538 2645 in
1560 2603 1738 2659 peccatis
1760 2603 1853 2645 dor-

180 2676 256 2717 mit
287 2675 507 2718 osculando
539 2675 566 2717 i.
587 2689 619 2717 e.
642 2675 847 2729 tangendo
880 2675 1019 2729 gulam
1044 2679 1084 2717 et
1105 2675 1324 2729 luxuriam,
1359 2688 1432 2730 per
1454 2688 1554 2729 quos
1577 2678 1709 2717 tactus
1731 2674 1852 2729 spiri-

180 2746 346 2789 tualiter
379 2746 588 2789 occiditur.
636 2746 753 2788 Unde
785 2747 970 2802 sapiens:
1004 2746 1081 2797 Qui
1113 2747 1244 2801 tangit
1270 2747 1417 2801 picem,
1449 2745 1781 2801 coinquinabitur
1801 2745 1852 2787 ab

112 2821 156 2856 35
183 2830 241 2859 ea.
292 2817 539 2860 Studeamus
571 2831 666 2871 ergo
699 2817 833 2860 sobrie
865 2818 1016 2872 vivere,
1049 2821 1090 2861 et
1121 2819 1179 2860 sic
1210 2817 1437 2873 poterimus
1470 2817 1521 2859 ad
1553 2821 1737 2860 eternam
1759 2830 1853 2872 per-

183 2888 322 2931 venire
353 2889 495 2931 vitam.

277 2971 295 3004 1
322 2969 521 3014 oblivionis]
549 2976 633 3016 ore‘y.
651 2968 782 3004 thobie.
