1954 3137
187 189 256 230 61.

188 259 256 300 62.

189 329 256 370 63.

189 400 257 440 64.

189 539 256 580 65.

189 680 256 721 66.

189 821 257 862 67.

190 891 259 932 68.

190 1032 259 1074 70.

191 1173 259 1214 71.

116 1288 124 1298 ’
190 1315 259 1356 72.

193 1456 261 1497 73.

192 1526 262 1567 74.

193 1666 262 1708 75.

194 1808 262 1849 76.

195 1949 263 1990 77.

194 2019 262 2060 78.

195 2161 263 2202 79.

195 2231 263 2272 80.

197 2373 265 2414 81.

197 2443 265 2483 82.

198 2582 266 2624 83.

199 2721 266 2763 84.

199 2861 267 2902 85.

1007 83 1062 124 32

304 188 481 238 Quidam
513 188 632 231 miles
664 187 744 230 fuit
775 188 845 242 qui
876 187 1056 230 habebat
1087 189 1282 229 castrum.
1333 185 1574 237 (8101011111.)
1621 187 1692 230 lat.
1719 187 1787 229 82.

304 259 367 300 De
400 259 578 313 quodam
612 259 800 313 principe
833 258 891 300 sic
922 261 1130 300 narratur.
1180 256 1317 309 (Wein
1348 257 1572 310 vergiftet.)
1618 257 1690 299 lat.
1716 257 1785 298 88.

305 328 393 371 Rex
427 329 594 383 quidam
628 332 717 371 erat
750 330 819 383 qui
851 329 996 371 habuit
1027 332 1111 370 tres
1144 327 1263 369 filios.
1314 328 1431 373 (Drei
1463 328 1612 381 ringe.)
1658 327 1730 369 lat.
1756 327 1824 368 89.

305 399 459 441 Narrat
489 399 698 442 Eusebius
741 400 783 441 in
823 399 998 442 cronicis
1032 399 1082 442 de
1115 398 1294 453 quodam
1326 399 1592 454 imperatore.
1643 397 1884 450 (Coriolan.)

305 469 376 510 lat.
408 470 501 511 137.

305 539 489 589 Quedam
541 540 690 582 nobilis
740 540 864 581 vidua
910 539 1152 594 paciebatur
1190 539 1343 581 multas
1383 539 1570 594 injurias.
1636 538 1761 591 (Stab
1801 537 1887 580 und

306 610 477 659 tasche.)
528 610 598 652 lat.
625 610 693 651 25.

305 680 509 722 Narratur
531 681 639 735 quod
663 681 832 735 quidam
854 681 1082 735 imperator
1104 679 1268 721 nobilis.
1316 679 1641 732 (Kaisertochter
1662 679 1747 722 und
1770 692 1887 722 sene-

307 751 441 803 scha13
477 751 566 793 drei
598 752 802 803 freunde.)
851 765 979 805 germ.
1010 753 1073 792 11.

306 821 411 863 Erat
443 822 610 876 quidam
644 822 873 877 imperator
905 822 975 876 qui
999 821 1145 863 statuit
1166 834 1241 876 pro
1264 820 1366 874 lege.
1417 820 1674 873 (Schinden.)
1719 820 1791 862 lat.
1816 820 1884 862 29.

307 891 412 933 Erat
444 892 610 946 quidam
646 893 872 948 imperator
903 892 973 946 qui
1003 892 1149 933 statuit
1171 905 1246 946 pro
1269 892 1370 945 lege.
1423 891 1673 947 (Triumph.)
1720 891 1792 932 lat.
1817 891 1886 932 30.

307 961 369 1004 De
392 967 524 1005 morte
541 963 789 1005 Allexandri
811 963 919 1016 regis
943 963 1106 1004 dicitur.
1142 962 1419 1013 (Alexanders
1442 963 1693 1016 begr'abnis.)
1725 961 1796 1003 lat.
1817 962 1886 1003 31.

307 1032 451 1074 Refert
482 1033 672 1076 Valerius
712 1034 821 1088 quod
862 1033 1029 1087 quidam
1071 1046 1196 1075 senex
1234 1033 1336 1075 flens
1378 1033 1495 1075 dixit.
1551 1031 1887 1086 (Hangebaum.)

308 1103 379 1144 lat.
405 1105 473 1145 33.

307 1173 494 1229 Pypinus
536 1174 579 1215 in
619 1174 788 1216 civitate
826 1187 1000 1216 romana
1041 1173 1242 1227 regnavit.
1300 1174 1540 1225 (Stiefkind
1580 1173 1666 1216 und
1706 1173 1886 1227 eignes.)

310 1244 380 1286 lat.
410 1246 505 1286 116.

306 1314 449 1357 Refert
481 1314 685 1357 Saturnus
718 1315 826 1369 quod
858 1315 1071 1370 Dyogines
1102 1315 1163 1357 ita
1192 1318 1497 1370 paupertatem.
1547 1314 1772 1368 (Diogenes
1803 1313 1889 1356 und

308 1385 579 1437 Alexander.)
628 1399 757 1439 germ.
784 1386 850 1427 15.

309 1455 451 1498 Refert
476 1456 668 1498 Valerius
700 1457 740 1498 in
774 1457 902 1498 tercio
934 1456 1054 1498 libro.
1104 1455 1281 1507 (Kohle.)
1329 1469 1457 1509 germ.
1486 1457 1551 1497 16.

310 1526 423 1568 Dicit
456 1527 565 1568 enim
587 1527 774 1569 Polinius
809 1527 918 1581 quod
951 1531 1014 1569 est
1045 1526 1221 1582 quedam
1256 1527 1378 1569 arbor
1403 1527 1446 1568 111
1467 1527 1606 1582 yndia.
1658 1525 1888 1579 (Theriak.)

310 1610 439 1649 germ.
468 1598 533 1638 17.

310 1667 452 1709 Refert
475 1667 664 1710 Valerius
692 1667 964 1723 philosophus
987 1668 1030 1709 in
1051 1668 1212 1710 naturis
1234 1681 1387 1710 rerum.
1430 1667 1600 1722 (Virgils
1623 1667 1723 1722 bild,
1747 1666 1888 1724 apsel.)

312 1751 441 1791 germ.
469 1739 536 1780 18.

311 1807 485 1857 Quidam
518 1809 748 1864 imperator
780 1812 869 1850 erat
900 1809 970 1864 qui
1002 1810 1149 1851 statuit
1178 1809 1378 1864 prolege.
1428 1808 1892 1860 (8011111ὂ11101111111101

311 1879 456 1929 nicht.)
504 1878 576 1920 lat.
604 1880 700 1920 100.

312 1949 359 1990 111
390 1949 527 1991 medio
559 1962 674 1991 rome
707 1949 886 2003 quodam
917 1949 1005 1991 loco
1036 1953 1182 2004 aperta
1204 1953 1267 1992 est
1287 1953 1411 1992 terra.
1462 1949 1679 2001 (Curtius.)
1727 1949 1799 1991 lat.
1818 1949 1889 1991 43.

310 2018 416 2061 Erat
461 2020 628 2074 quidam
676 2020 906 2074 imperator
943 2020 1012 2074 qui
1052 2020 1197 2062 habuit
1235 2019 1364 2062 filiam
1402 2020 1632 2076 pulchram.
1699 2019 1893 2072 (Kaiser-
1948 2021 1954 2025 ”

312 2090 484 2144 10011101,
518 2089 686 2144 palast.)
735 2102 863 2142 germ.
889 2090 957 2131 22.

313 2160 489 2210 Quidam
522 2159 672 2201 nobilis
704 2172 779 2201 rex
811 2159 926 2201 dives
960 2163 1083 2214 atque
1115 2160 1295 2215 sapiens.
1346 2159 1609 2212 (Schiessen.)
1655 2159 1727 2202 lat.
1750 2159 1821 2201 45.

311 2230 484 2284 Legitur
505 2230 549 2271 in
566 2230 662 2272 vitis
687 2233 852 2284 patrum
875 2230 984 2285 quod
1005 2230 1060 2272 IV
1077 2231 1316 2274 heremitae.
1353 2230 1470 2274 Ohne
1488 2231 1671 2273 moralis.
1706 2229 1890 2283 (Grbsste

313 2301 499 2353 tugend.)
548 2314 643 2355 app.
667 2302 702 2341 1.

314 2371 492 2421 Quidam
522 2371 589 2412 fur
620 2370 673 2412 ad
705 2370 874 2411 domum
903 2371 1119 2424 cujusdam
1142 2372 1296 2413 divitis.
1346 2370 1653 2423 (Mondstrahl.)
1699 2370 1771 2413 lat.
1793 2371 1890 2412 136.

314 2441 490 2491 Quidam
531 2440 651 2482 miles
694 2440 900 2494 quendam
941 2454 1079 2495 regem
1121 2455 1145 2483 a
1184 2455 1264 2496 quo
1295 2442 1486 2484 feodatus
1517 2442 1609 2483 fuit.
1666 2440 1790 2493 (Halb
1822 2453 1892 2494 ge-

314 2511 472 2562 ritten.)
519 2510 591 2552 lat.
619 2511 714 2551 124.
1172 2502 1175 2505 ¹

313 2580 448 2622 Erant
485 2580 564 2621 duo
605 2580 756 2621 fratres
789 2580 976 2623 carnales
1008 2595 1114 2623 unus
1147 2581 1333 2624 clericus.
1388 2581 1505 2624 Ohne
1536 2579 1719 2623 moralis.
1774 2579 1914 2632 (Drei‘

315 2650 601 2701 buohstaben.)
649 2663 777 2704 germ.
803 2650 871 2691 26.

314 2720 401 2762 Rex
434 2720 659 2762 Dariorum
699 2720 769 2774 qui
807 2733 948 2773 magos
990 2721 1060 2775 qui
1099 2722 1224 2764 cristo
1256 2734 1430 2763 munera
1461 2719 1711 2762 obtulerunt.
1766 2718 1889 2772 (Heil.

317 2791 406 2832 drei
436 2790 619 2843 kiinige.)
667 2790 739 2831 lat.
767 2791 862 2831 117.

314 2860 457 2902 Refert
494 2859 685 2902 Valerius
733 2859 842 2914 quod
890 2859 1083 2914 Silangus
1130 2861 1359 2916 imperator
1405 2859 1563 2902 statuit.
1627 2859 1890 2912 (Zaleucus.)

315 2929 387 2971 lat.
411 2930 480 2971 50.
