1919 3157
894 69 978 111 383

92 177 187 207 vero
223 166 265 208 in
306 167 447 209 eadem
488 181 650 212 camera
688 184 755 213 eos
794 173 973 225 inclusit,
1014 188 1119 230 pane
1158 179 1198 217 et
1236 191 1343 233 aqua
1375 185 1630 225 sustentavit.
1684 184 1762 227 Per

90 235 240 278 multos
271 237 358 279 dies
390 238 443 279 ibi
478 240 653 282 stabant.
703 242 764 284 De
795 244 885 286 istis
919 245 1050 287 tribus
1084 246 1280 290 militibus
1313 250 1421 293 facta
1449 258 1509 295 est
1541 256 1699 309 questio
1722 261 1762 298 01

89 309 312 349 commocio
351 309 391 350 in
425 309 544 351 domo
578 313 698 366 regis,
740 328 818 368 quo
851 315 1114 358 devenerunt.
1164 317 1325 361 Palacio
1357 331 1638 367 consummato
1672 340 1759 369 car-

87 378 298 432 pentarius
343 386 511 436 accepta
555 384 741 426 mercede
781 385 945 427 domum
989 388 1119 438 venit3
1166 402 1268 430 uxor
1308 392 1393 444 ejus
1434 408 1513 436 11011
1554 397 1758 440 modicum

86 448 268 501 gaudens
307 463 397 492 eum
440 465 533 493 vero
576 453 793 497 honorifice
832 458 998 512 recepit,
1038 462 1077 499 et
1117 461 1318 513 quomodo
1359 476 1400 504 80
1440 463 1625 521 haberet,
1666 469 1758 510 dili-

84 523 227 572 genter
257 521 444 574 quesivit..
500 523 570 565 Ille
603 539 697 567 vero
731 526 831 569 bene
864 541 936 583 per
968 529 1106 570 omnia
1137 532 1360 586 respoudit,
1401 533 1472 576 illa
1505 550 1598 579 vero
1631 541 1757 581 cami-

85 589 187 631 siam
227 604 342 633 suam
381 595 575 648 respexit.
616 596 838 651 vidensque
877 612 966 640 eam
1009 601 1109 641 satis
1151 603 1343 644 mundam
1386 604 1463 646 ait:
1512 606 1756 652 Benedictus

84 659 196 714 deus,
237 667 411 717 apparet
443 664 483 705 111
516 667 685 708 camisia
717 668 809 721 ista,
851 669 956 723 quod
989 670 1096 712 inter
1128 685 1201 713 1108
1234 677 1296 715 081
1327 674 1489 717 (11100110
1523 691 1629 720 vera.
1678 680 1754 730 Qui

84 731 160 772 ait:
215 731 458 788 Carissima,
505 749 595 778 cum
643 751 772 779 essem
812 739 852 780 in
894 740 1050 795 palacio
1089 744 1383 798 construeudO,
1432 754 1632 791 venerunt
1672 755 1754 794 tres

82 801 246 856 milites,
277 817 383 846 unus
415 811 509 861 post
540 807 679 861 alium,
712 813 753 850 et
784 809 831 851 de
854 812 1024 854 camisia
1045 826 1136 854 mea
1160 815 1408 869 quesierunt,
1443 821 1644 872 quomodo
1667 822 1754 865 sine

79 871 236 916 locione
277 876 470 918 manebat
508 878 549 919 in
582 880 690 920 omni
724 880 913 934 candore,
955 886 995 924 et
1027 884 1083 925 eis
1115 885 1329 927 veritatem
1364 889 1497 930 retuli.
1550 889 1648 933 Post
1679 893 1754 936 hoc

80 957 159 998 quo
197 945 450 989 devenerunt
488 950 650 1003 penitus
682 951 845 1004 ignor03
885 952 934 994 de
967 967 1105 996 eorum
1140 955 1329 998 absencia
1360 958 1469 1001 facta
1501 966 1562 1003 est
1594 964 1751 1017 questio

78 1027 229 1069 magna
268 1017 310 1058 in
349 1018 464 1060 curia
495 1020 615 1072 regis.
667 1021 741 1062 Ait
771 1021 861 1064 illa:
896 1023 1084 1079 Domine,
1117 1026 1177 1068 illi
1209 1031 1292 1069 tres
1324 1029 1489 1084 milites,
1523 1032 1573 1074 de
1605 1034 1751 1088 quibus

77 1084 123 1127 fit
153 1099 301 1140 sermo,
344 1088 395 1130 ad
432 1103 497 1131 me
529 1097 743 1146 venerunt,
776 1094 905 1136 multa
943 1096 1067 1137 michi
1098 1098 1388 1152 promiserunt,
1423 1102 1456 1143 si
1489 1103 1546 1145 eis
1579 1117 1750 1148 00118011-

76 1156 211 1212 tirem,
244 1159 315 1201 sed
347 1159 458 1202 nullo
491 1162 611 1203 modo
643 1163 829 1206 volebam
861 1165 937 1207 hoc
969 1170 1228 1223 attemptare,
1262 1182 1329 1211 eos
1365 1169 1435 1224 [5ss
1447 1172 1485 1227 b]
1520 1175 1562 1216 111
1586 1188 1749 1219 camera

75 1227 237 1282 privata
268 1231 384 1284 posui
418 1236 459 1273 et
490 1232 695 1288 hocusque
726 1248 831 1290 pane
863 1240 985 1290 atque
1017 1251 1121 1292 aqua
1161 1243 1399 1283 sustentavi.
1453 1243 1748 1300 Carpentarius

75 1297 150 1340 hoc
189 1300 358 1343 audiens
398 1303 562 1356 gavisus
603 1309 665 1347 est
706 1306 754 1348 de
792 1306 988 1349 fidelitate
1029 1310 1183 1363 uxoris,
1217 1315 1257 1353 et
1289 1313 1440 1356 milites
1474 1315 1600 1359 libere
1634 1319 1747 1362 abire

75 1370 275 1424 permisit,
308 1375 349 1414 et
380 1373 499 1416 ambo
531 1388 660 1429 usque
692 1377 742 1418 ad
774 1377 895 1420 finem
930 1379 1012 1420 vite
1045 1379 1086 1421 in
1119 1394 1214 1422 vero
1248 1396 1385 1426 amore
1416 1393 1744 1441 permanserunt.

190 1443 464 1486 Morilizacio.
513 1445 739 1501 Cat-issimi,
783 1463 853 1491 rex
893 1449 970 1491 iste
1003 1454 1065 1492 est
1096 1455 1213 1506 pater
1243 1454 1404 1497 celestis
1437 1459 1506 1511 qui
1538 1459 1743 1513 palacium

72 1511 196 1555 habet
231 1518 482 1569 construere,
523 1517 679 1560 scilicet
715 1531 785 1560 cor
825 1520 1047 1563 humanum
1087 1522 1203 1565 bonis
1236 1525 1455 1569 virtutibus
1488 1529 1668 1585 plenum,
1701 1533 1742 1574 in

71 1595 150 1637 quo
181 1583 340 1639 palacio
373 1585 472 1628 deus
496 1587 721 1630 delectatur
750 1602 1005 1646 permanere,
1032 1592 1154 1646 juxta
1174 1594 1295 1637 illud:
1344 1597 1500 1641 Delicie
1522 1614 1611 1644 mee
1633 1607 1741 1658 sunt,

70 1667 160 1696 esse
195 1667 287 1697 cum
326 1655 420 1699 filiis
453 1658 676 1701 hominum.
724 1659 841 1703 Miles
873 1662 965 1716 1810,
1005 1664 1074 1718 qui
1107 1664 1230 1707 habet
1260 1667 1472 1722 pulchram
1507 1670 1647 1726 filiam,
1680 1678 1742 1716 est

68 1723 269 1779 Christus,
301 1728 370 1781 qui
402 1728 525 1771 habet
556 1731 732 1772 animam
768 1745 841 1786 pro
872 1732 968 1775 filia.
1012 1734 1126 1777 Uxor
1155 1740 1218 1778 est
1238 1743 1379 1781 8311013
1401 1746 1532 1784 mater
1554 1744 1738 1799 ecclesia,

66 1798 350 1852 carpentarius
389 1803 452 1841 est
490 1799 618 1842 bonus
651 1802 912 1857 christianus,
953 1806 1021 1860 qui
1054 1807 1177 1848 istam
1210 1808 1335 1851 filiam
1368 1811 1409 1852 in
1443 1827 1612 1857 uxorem
1645 1829 1738 1858 cum

66 1867 238 1910 camisia
269 1870 437 1925 accepit.
486 1870 666 1914 Camisia
697 1873 779 1916 ista
810 1879 871 1917 081
900 1875 999 1918 fides
1029 1881 1184 1931 nostra,
1217 1880 1326 1935 quia,
1360 1886 1405 1924 ut
1426 1884 1484 1926 ait
1512 1887 1736 1942 apostolus,

65 1938 152 1981 sine
190 1939 270 1983 fide
308 1941 563 1996 impossibile
602 1947 665 1985 est
696 1945 856 1999 placere
894 1947 988 2000 deo;
1030 1950 1225 2003 quamdiu
1266 1958 1405 1995 manet
1436 1954 1556 1998 homo
1587 1958 1629 1998 in
1662 1958 1738 2002 hac

63 2009 150 2052 vita
185 2011 227 2052 in
266 2012 506 2066 sanctitate,
545 2014 703 2056 tamdiu
741 2016 841 2059 fides
883 2032 963 2060 non
998 2020 1186 2062 violatur.
1241 2021 1347 2072 Quid
1388 2038 1483 2079 ergo
1524 2029 1736 2082 sequitur?

64 2079 202 2136 Certe,
241 2086 287 2124 ut
324 2082 458 2136 erigas
496 2084 721 2140 palacium,
763 2087 919 2131 scilicet
956 2103 1024 2132 001·
1063 2092 1261 2134 mundum
1301 2108 1374 2149 per
1412 2110 1536 2152 opera
1575 2100 1736 2143 miseri—

62 2151 212 2194 cordie.
264 2152 416 2195 Milites
453 2157 536 2196 tres
575 2160 671 2198 sunt
708 2159 901 2213 superbia
942 2161 1037 2215 vite,
1079 2164 1416 2218 concupiscencia
1453 2168 1661 2212 oculorum
1695 2176 1736 2214 et

61 2223 398 2278 concupiscencia
436 2225 582 2267 carniS.
631 2226 733 2269 Istos
771 2232 854 2272 tres
886 2231 1038 2274 milites
1071 2233 1311 2277 concludere
1343 2237 1465 2280 debes
1496 2240 1538 2281 in
1571 2254 1735 2285 camera

61 2294 305 2348 penitencie,
337 2307 548 2350 quousque
579 2298 805 2341 mercedem
840 2305 1022 2344 eternam
1057 2317 1080 2345 a
1099 2317 1195 2358 rege
1224 2308 1364 2349 eterno
1394 2310 1582 2366 accipies.
1618 2313 1732 2363 Quod

60 2363 177 2407 nobis
209 2365 405 2408 concedat
434 2366 623 2410 dominus
655 2368 795 2412 lhesus
827 2371 1015 2415 Christus
1048 2378 1123 2417 010.

723 2599 825 2643 CAP.
849 2602 916 2644 70.
951 2604 1054 2655 (62.)

484 2684 558 2728 De
594 2690 932 2746 compunctione
951 2689 1106 2748 fidelis
1142 2694 1302 2738 anime.

172 2786 344 2837 Quidam
382 2803 454 2832 rex
493 2795 602 2846 erat,
649 2794 718 2847 qui
756 2793 881 2836 filiam
920 2797 1132 2852 pulchram
1172 2800 1350 2844 habebat
1388 2806 1428 2844 et
1467 2804 1725 2860 prudentem,

57 2867 178 2910 quam
217 2862 336 2913 pater
372 2861 459 2903 viro
492 2862 655 2905 tradere
686 2863 861 2920 volebat,
902 2866 974 2909 illa
1011 2882 1108 2911 vero
1140 2874 1279 2914 votum
1313 2872 1387 2915 deo
1418 2873 1585 2930 fecerat,
1619 2877 1727 2931 quod

148 2937 169 2972 9
195 2940 446 2986 construendo]
474 2949 558 2989 oriq.
577 2945 817 2981 construendi.

1783 830 1824 864 10

1777 1184 1820 1218 15

1770 1544 1815 1577 20

1764 1897 1808 1931 25

1759 2251 1805 2286 30

1753 2723 1798 2758 35
