1929 3162
980 65 1064 106 294

181 175 398 230 baptismo.
450 172 545 214 Illas
578 171 739 214 diabolo
773 171 922 213 dedisti
957 184 1027 226 per
1058 174 1284 226 peccatum.
1333 169 1376 212 In
1410 169 1535 212 tercio
1564 168 1714 211 circulo
1737 172 1854 211 erant

178 249 353 300 quatuor
384 243 445 297 M,
488 256 565 298 que
605 242 814 285 dicebant:
856 241 1061 284 Monstrat
1099 241 1316 284 Manifeste
1354 242 1379 283 i.
1404 254 1438 283 e.
1462 242 1550 295 jam
1582 240 1682 282 satis
1714 243 1854 296 aperte

177 320 303 372 patet,
336 316 379 357 in
411 328 492 369 qua
523 314 692 356 miseria
724 326 865 355 sumus
898 313 1036 368 positi,
1070 313 1167 367 quia
1196 313 1330 368 primo
1352 312 1479 355 creati
1501 325 1664 354 eramus
1685 314 1731 353 ut
1751 324 1854 353 nun-

178 401 298 442 quam
340 399 614 439 moreremur,
658 383 747 438 [12]
791 384 861 426 sed
901 387 1070 439 propter
1101 388 1314 439 peccatum
1347 383 1542 425 mortales
1571 382 1670 424 facti
1700 395 1853 424 sumus.

129 467 151 501 5
176 458 323 500 Manus
355 456 562 499 Maculata
600 456 626 498 i.
651 470 684 498 e.
712 456 849 497 omnia
887 468 1013 511 opera
1048 457 1190 496 nostra
1222 459 1581 509 quantumcunque
1612 453 1737 507 bona,
1775 452 1856 494 nisi

176 543 250 584 per
272 528 426 570 Christi
459 527 692 583 passionem
726 541 806 569 non
839 529 1034 582 poterunt
1065 539 1138 567 nos
1172 525 1402 579 defendere,
1437 525 1534 580 quin
1566 527 1697 567 totum
1727 537 1855 578 genus

176 600 401 641 humanum
436 599 486 640 ad
519 599 724 641 infernum
759 597 992 640 descendat.
1041 596 1086 638 ln
1120 600 1263 650 quarto
1297 596 1446 639 circulo
1474 599 1592 639 erant
1613 598 1787 650 quatuor
1806 594 1855 648 R,

179 684 256 725 que
296 670 506 712 dicebant:
547 669 724 712 Recedet
762 669 787 711 i.
812 683 845 711 e.
875 668 1046 710 recessit
1086 681 1187 709 onus
1220 668 1378 722 peccati
1410 682 1483 723 per
1514 666 1667 709 Christi
1698 666 1856 721 passio-

177 755 285 784 nem.
332 741 491 795 Rubigo
524 741 550 783 i.
576 755 608 783 e.
637 744 851 796 peccatum
884 739 1082 792 originale
1114 752 1187 794 per
1219 739 1483 794 baptismum.
1536 737 1693 792 Regina
1721 737 1764 779 id
1795 739 1857 779 est

111 822 153 856 10
179 814 293 867 virgo
311 812 444 854 Maria
466 826 539 868 per
561 816 744 854 sanctam
769 811 1097 866 concepcionem,
1121 824 1242 864 quam
1266 811 1454 866 concepit
1470 810 1519 852 de
1536 809 1685 865 spiritu
1701 811 1855 850 sanctO.

178 885 350 938 Rogata,
384 884 480 938 quia
511 884 603 939 ipsa
634 887 696 925 est
727 883 949 925 mediatrix
981 883 1089 924 inter
1121 882 1242 923 deum
1277 885 1316 923 et
1336 882 1557 924 hominem.
1604 879 1763 923 Deinde
1785 892 1858 934 per

180 955 493 1010 concepcionem
534 954 608 996 filii
649 954 733 1007 sui,
775 967 849 1009 per
881 955 967 1008 ejus
999 954 1274 1006 nativitatem,
1307 953 1658 995 circumcisionem
1691 955 1732 993 et
1762 963 1857 1005 pas-

180 1027 351 1080 sionem,
384 1040 458 1069 nec
489 1039 571 1067 non
603 1039 676 1081 per
709 1030 893 1068 sanctam
926 1024 1256 1067 resu1·rexionem
1290 1028 1330 1066 et
1358 1024 1636 1067 ascensionem
1658 1022 1708 1064 ad
1732 1021 1858 1063 vitam

181 1102 364 1141 eternam
395 1111 469 1140 nos
502 1096 707 1153 perduxit.

112 1341 154 1376 15
921 1324 1024 1367 CAP.
1053 1326 1118 1366 14.

673 1413 747 1458 De
784 1413 1066 1458 honorandis
1096 1412 1373 1472 parentibus.

298 1521 531 1565 Dorotheus
570 1522 759 1575 regnavit
797 1525 837 1563 et
869 1521 1013 1563 statuit
1044 1535 1118 1577 pro
1150 1521 1261 1575 lege,
1299 1520 1408 1576 quod
1438 1519 1513 1562 filii
1543 1524 1735 1576 parentes
1768 1534 1862 1564 suos

183 1594 341 1637 alerent
373 1598 413 1636 et
445 1597 737 1636 sustentarent.
786 1593 889 1635 Erat
920 1594 963 1635 in
994 1593 1168 1648 imperio
1202 1597 1298 1635 tunc
1319 1592 1518 1648 temporis
1541 1592 1708 1646 quidam
1730 1592 1863 1646 miles,

184 1666 253 1721 qui
292 1679 460 1708 uxorem
501 1664 716 1720 pulchram
750 1668 790 1706 et
820 1664 1035 1707 honestam
1069 1668 1284 1719 acceperat
1316 1668 1356 1706 et
1388 1677 1437 1706 ex
1470 1677 1518 1706 ea
1547 1663 1678 1706 filium
1709 1664 1861 1718 genuit.

113 1747 158 1781 20
183 1738 395 1780 Profectus
429 1739 491 1779 est
521 1735 640 1778 miles
671 1735 724 1777 ad
756 1736 1117 1791 peregrinandum,
1151 1740 1191 1778 et
1221 1736 1262 1777 in
1297 1736 1361 1777 via
1393 1738 1456 1778 est
1477 1738 1620 1790 captus
1643 1738 1683 1778 et
1702 1735 1865 1778 fortiter

182 1809 347 1863 ligatus.
397 1807 548 1850 Statim
581 1807 748 1862 scripsit
779 1807 899 1848 uxori
931 1821 1002 1849 sue
1036 1810 1076 1850 et
1106 1807 1190 1849 filio
1214 1820 1286 1862 pro
1309 1806 1597 1862 redempcione
1619 1820 1704 1849 sua.
1751 1807 1865 1850 Uxor

183 1881 258 1923 hec
301 1879 469 1922 audiens
502 1879 747 1922 contristata
778 1882 840 1920 est
873 1878 1002 1920 valde.
1058 1878 1193 1920 Flevit
1225 1891 1363 1920 amare
1394 1878 1599 1921 intantum
1632 1879 1739 1933 quod
1771 1892 1866 1922 ceca

182 1952 292 1995 facta
324 1954 396 1993 est.
445 1950 519 1992 Ait
549 1949 657 1992 filius
691 1950 837 1992 matri:
872 1950 973 1992 Volo
1006 1951 1066 1992 ire
1100 1950 1151 1992 ad
1182 1953 1341 2005 patrem
1375 1963 1524 2004 meum,
1556 1953 1602 1992 ut
1633 1964 1726 1992 eum
1757 1951 1865 1993 redi-

186 2037 295 2066 mam
328 2036 353 2064 a
384 2021 571 2064 vinculis.
618 2021 848 2076 Respondit
879 2026 1030 2063 mater:
1063 2021 1155 2063 Non
1188 2021 1279 2075 ibis,
1313 2021 1410 2076 quia
1439 2025 1485 2063 tu
1517 2035 1559 2063 es
1591 2021 1736 2063 unicus
1756 2020 1864 2064 filius

114 2103 159 2138 25
184 2109 300 2138 meus
342 2097 383 2136 et
421 2093 616 2147 gaudium
657 2096 696 2134 et
729 2092 943 2134 dimidium
980 2093 1114 2134 anime
1147 2106 1249 2146 mee,
1283 2096 1324 2134 et
1354 2096 1495 2148 posset
1525 2092 1601 2135 tibi
1631 2093 1866 2146 contingere

185 2167 292 2209 sicut
323 2169 364 2208 et
395 2165 485 2207 sibi.
533 2164 677 2206 Malles
707 2168 751 2206 tu
780 2168 939 2219 patrem
965 2163 1183 2206 abeuntem
1203 2164 1406 2206 redimere
1430 2177 1551 2219 quam
1574 2169 1750 2207 matrem
1773 2179 1865 2221 pre-

186 2241 344 2281 sentem
378 2234 513 2278 alere?
561 2235 761 2285 Quociens
794 2236 852 2278 ita
884 2239 958 2289 est,
992 2235 1099 2290 quod
1132 2235 1286 2290 aliquid
1317 2239 1379 2278 est
1400 2235 1543 2290 equale
1565 2236 1737 2290 duobus,
1768 2240 1866 2279 tunc

188 2310 238 2363 ei,
272 2309 341 2364 qui
373 2312 435 2350 est
465 2321 647 2363 presens,
681 2307 812 2361 magis
846 2310 908 2349 est
940 2307 1232 2350 adherendum.
1283 2307 1343 2348 Tu
1375 2321 1416 2349 es
1449 2306 1557 2349 filius
1589 2321 1704 2350 meus
1733 2311 1774 2350 et
1792 2323 1866 2364 pa-

187 2381 262 2423 tris
295 2380 367 2422 tui.
417 2379 503 2432 Ego
537 2392 633 2420 vero
667 2392 755 2420 sum
790 2392 958 2434 presens
992 2382 1031 2420 et
1062 2382 1180 2434 pater
1202 2381 1295 2420 tuus
1320 2378 1480 2420 absens.
1529 2378 1735 2421 Concludo
1756 2393 1866 2434 ergo,

118 2462 162 2496 30
189 2452 296 2507 quod
327 2450 438 2492 nullo
470 2450 592 2491 modo
626 2449 748 2492 debes
781 2450 972 2492 recedere
996 2463 1019 2491 a
1040 2463 1105 2492 me
1128 2453 1168 2491 et
1188 2450 1357 2492 visitare
1378 2454 1540 2505 patrem
1561 2454 1690 2492 tuum.
1737 2450 1866 2493 Filius

188 2522 403 2579 respondit
436 2525 476 2564 et
507 2521 681 2563 multum
716 2521 839 2563 bene:
872 2520 989 2564 Licet
1020 2535 1110 2563 sum
1141 2520 1249 2562 filius
1274 2524 1420 2575 vester,
1452 2525 1590 2564 tamen
1613 2526 1731 2578 pater
1751 2535 1895 2565 meus.

190 2598 252 2637 est
283 2607 406 2636 causa
438 2592 681 2648 principalis
715 2593 996 2645 generacionis
1028 2606 1138 2644 mee3
1177 2591 1246 2634 ille
1279 2606 1423 2646 agens,
1456 2596 1502 2634 tu
1534 2593 1717 2648 paciens;
1749 2598 1868 2649 pater

191 2666 399 2722 profectus
433 2669 494 2707 est
524 2677 711 2719 peregre,
745 2667 790 2705 tu
822 2664 933 2705 domi
965 2664 1101 2714 sedes3
1135 2663 1204 2705 ille
1235 2676 1331 2705 vero
1364 2666 1508 2719 captus
1539 2668 1580 2707 et
1598 2664 1758 2707 fortiter
1779 2665 1868 2707 vin-

191 2737 350 2780 culatus
384 2737 458 2790 est,
491 2739 534 2777 tu
566 2748 661 2777 vero
692 2734 844 2786 libera;
876 2735 944 2778 ille
976 2736 1019 2777 in
1051 2735 1240 2777 manibus
1262 2734 1537 2789 inimicorum,
1570 2739 1614 2778 tu
1635 2736 1744 2778 inter
1766 2736 1867 2778 ami·

122 2815 166 2850 35
192 2822 281 2862 cos3
324 2808 393 2851 ille
424 2807 628 2860 inclusus,
661 2810 706 2847 tu
739 2806 894 2859 soluta3
928 2811 972 2849 tu
1004 2821 1098 2849 vero
1132 2821 1174 2849 es
1206 2819 1320 2860 ceca,
1353 2809 1492 2849 tamen
1524 2807 1593 2850 ille
1622 2807 1752 2851 lucem
1784 2821 1868 2850 non

285 2903 305 2936 2
331 2900 532 2944 Manifeste]
562 2905 647 2945 vray.
660 2899 736 2944 Jam
762 2898 961 2934 manifeste.
1059 2900 1080 2934 6
1105 2898 1310 2943 defendere]
1337 2905 1421 2945 oriy.
1439 2899 1681 2935 defenderere.

264 2960 308 2995 28
334 2960 365 2994 ei
394 2960 465 3004 qui]
493 2965 577 3005 oriy.
596 2959 652 2993 ille
677 2958 746 2992 cui.
