1949 3162
993 96 1077 138 592

200 204 430 260 respondit:
468 202 633 256 Vinum,
670 202 793 244 alter:
834 201 995 256 Mulier,
1033 203 1203 244 tercius:
1243 201 1343 244 Rex.
1396 201 1548 244 Verum
1581 213 1721 243 omnes
1753 201 1866 243 dixe-

200 280 308 318 runt.
342 274 492 316 Vinum
525 277 587 316 est
609 287 777 329 serpens
800 276 978 327 sanctus,
1012 274 1080 328 qui
1103 273 1309 329 apostolos
1331 272 1574 326 inebriebat,
1608 272 1714 327 quod
1735 275 1866 314 totum

200 346 396 388 mundum
430 346 634 397 vicerunt3
676 345 823 387 mulier
861 344 981 386 beata
1019 345 1156 398 virgo,
1198 357 1276 399 que
1314 357 1450 397 regem
1491 343 1541 384 ad
1579 343 1654 385 hoc
1692 343 1867 396 induxit,

201 417 307 472 quod
340 416 528 472 permisit
559 430 601 458 se
633 416 811 471 alapari,
851 414 1049 469 flagellari
1083 419 1178 469 etc.,
1219 416 1314 470 quia
1353 415 1387 456 si
1418 428 1581 457 carnem
1613 427 1695 456 non
1727 427 1868 469 super-

202 492 330 543 asset,
370 489 418 530 de
458 501 505 530 ea
540 501 622 529 non
660 487 804 529 suisset
836 500 994 542 passus.
1046 486 1133 529 Rex
1173 489 1235 528 est
1273 486 1428 538 oracio,
1470 486 1565 540 quia
1601 499 1675 527 rex
1714 485 1756 527 in
1795 497 1867 526 suo

200 574 325 613 regno
364 559 462 601 facit
500 562 689 614 potenter
728 559 824 613 quid
863 558 969 612 vult,
1009 562 1049 601 et
1088 558 1239 600 veritas
1277 557 1319 598 in
1358 556 1437 599 fine
1476 557 1501 598 i.
1527 570 1560 599 e.
1595 557 1693 599 deus
1732 555 1869 598 omnia

200 630 439 687 possidebit,
472 630 669 684 quidquid
700 630 734 672 ei
768 629 913 685 placet.

847 875 947 930 188,
981 887 1126 930 germ.
1151 876 1224 918 ⁶26.

318 985 450 1027 Erant
481 984 559 1026 duo
591 983 739 1025 fratres
771 982 969 1036 carnales,
1001 996 1106 1024 unus
1139 982 1309 1025 clericus
1342 985 1382 1024 et
1413 981 1516 1024 alter
1543 981 1683 1037 laycus
1705 981 1748 1022 in
1771 994 1869 1035 quo-

202 1057 295 1098 dam
328 1056 495 1098 cenobio
526 1061 566 1097 et
597 1055 647 1097 ad
679 1054 861 1097 habitum
896 1057 992 1096 sunt
1023 1054 1190 1109 accepti.
1233 1053 1334 1095 Cum
1358 1056 1492 1095 autem
1516 1053 1686 1095 clericus
1706 1056 1869 1108 tempus

200 1128 385 1182 legendo,
418 1127 634 1181 cantando,
668 1126 881 1168 scribendo
913 1125 978 1167 vel
1011 1125 1200 1167 dictando
1226 1124 1424 1167 deducere
1449 1125 1739 1179 consuevisset,
1772 1138 1869 1179 quo-

200 1199 295 1241 dam
318 1199 405 1241 vice
437 1199 606 1240 fratrem
641 1211 759 1239 suum
790 1197 1073 1250 interrogavit,
1108 1196 1309 1250 quomodo
1332 1199 1494 1252 tempus
1517 1197 1746 1250 deduceret,
1777 1210 1869 1239 cum

199 1271 341 1313 literas
382 1272 603 1325 ignoraret.
668 1268 743 1311 Cui
780 1268 868 1310 ille:
916 1267 1078 1310 Literas
1116 1273 1198 1310 tres
1240 1268 1336 1310 olim
1376 1268 1520 1322 didici,
1562 1281 1662 1323 quas
1703 1268 1869 1310 cottidie

201 1343 319 1385 volvo
351 1343 394 1384 in
426 1345 591 1398 pectore
623 1343 662 1382 et
693 1340 814 1383 corde
846 1343 886 1381 et
917 1338 1093 1381 revolvo.
1147 1339 1327 1389 Quarum
1357 1340 1491 1395 prima
1523 1340 1660 1394 nigra,
1692 1340 1871 1382 secunda

200 1415 338 1468 rubra,
370 1414 501 1456 tercia
531 1411 717 1455 candida.
766 1411 843 1461 Qui
875 1411 972 1453 dum
993 1410 1219 1465 inquireret
1239 1411 1403 1453 illorum
1424 1411 1604 1465 nomina,
1636 1411 1868 1466 respondit:

200 1484 341 1527 Prima
380 1488 441 1527 est
478 1484 712 1527 recordacio
752 1486 1011 1539 peccatorum
1050 1496 1255 1536 meorum,
1295 1496 1373 1537 que
1408 1486 1619 1537 tamquam
1651 1496 1800 1536 magna
1832 1486 1872 1524 et

202 1557 338 1610 gravis
371 1556 533 1598 sarcina
563 1559 753 1610 torqueat
785 1558 825 1597 et
855 1554 1010 1596 cruciat
1040 1554 1206 1596 cottidie
1239 1567 1307 1596 cor
1337 1567 1488 1608 meum,
1521 1554 1607 1595 sive
1637 1554 1870 1596 recordacio

203 1632 341 1670 eterne
380 1627 582 1681 calliginis
620 1627 663 1668 in
702 1627 874 1668 inferno.
930 1625 1118 1667 Secunda
1159 1629 1221 1668 est
1257 1626 1489 1668 recordacio
1521 1625 1627 1667 rosei
1660 1626 1869 1679 sanguinis

202 1699 283 1741 mei
321 1699 540 1752 creatoris,
581 1712 701 1753 quem
740 1698 782 1740 in
823 1710 940 1740 cruce
979 1710 1053 1752 pro
1090 1710 1155 1739 me
1186 1697 1336 1739 misero
1368 1700 1581 1752 peccatore
1612 1696 1662 1739 de
1693 1697 1871 1752 quinque

202 1770 346 1812 rivulis
378 1770 628 1812 sanctissimi
660 1770 723 1811 sui
754 1769 937 1824 corporis
958 1768 1064 1811 fudit
1084 1768 1405 1811 misericorditer
1427 1772 1467 1810 et
1486 1768 1687 1811 habunde.
1727 1769 1872 1811 Tercia

204 1847 266 1883 est
296 1841 545 1884 desiderium
576 1841 787 1884 celestium
819 1841 1059 1895 gaudiorum
1101 1844 1142 1883 et
1180 1854 1319 1883 eorum
1358 1840 1427 1895 qui
1465 1843 1656 1882 secuntur
1692 1839 1735 1881 in
1768 1838 1870 1881 albis

204 1926 353 1966 agnum
386 1913 451 1955 dei
484 1925 724 1967 quocunque
755 1912 862 1954 ierit.
895 1912 984 1954 Hiis
1018 1912 1168 1954 auditis
1200 1911 1388 1953 literatus
1421 1925 1583 1967 semper
1613 1910 1776 1954 erubuit
1807 1915 1870 1953 tu-

202 1998 317 2026 mens
350 1983 583 2039 exemplum
615 1983 798 2026 doctrine
830 1983 879 2026 de
911 1983 1043 2026 tribus
1080 1982 1212 2025 literis
1250 1983 1390 2025 fratris
1431 1983 1513 2037 sui,
1554 1995 1714 2025 omnem
1755 1996 1870 2024 suam

204 2055 422 2098 scienciam
455 2055 573 2109 quasi
604 2054 798 2097 nichilum
832 2058 1042 2110 reputans.
1075 2054 1220 2096 Nullus
1251 2055 1378 2108 igitur
1409 2054 1648 2096 clericorum
1671 2054 1872 2110 despiciat

205 2127 330 2168 vitam
373 2126 624 2182 simplicium
662 2125 871 2181 laycorum
913 2129 984 2168 aut
1020 2139 1168 2168 mores.
1220 2125 1361 2168 Nescit
1401 2126 1510 2168 enim
1548 2125 1691 2180 homo,
1732 2129 1870 2168 utrum

205 2198 296 2240 odio
328 2197 394 2240 vel
426 2211 564 2240 amore
596 2197 742 2251 dignus
775 2197 840 2239 sit.
889 2196 1006 2239 Unde
1037 2197 1226 2239 metrista
1256 2197 1374 2239 dicit:
1407 2196 1613 2253 Quidquid
1645 2200 1769 2251 agant
1799 2197 1870 2239 ho-

204 2269 336 2311 mines
367 2269 546 2311 intencio
580 2268 740 2323 judicat
770 2281 923 2310 omnes.
976 2268 1244 2325 Jeronymus:
1282 2268 1392 2311 Utile
1431 2272 1493 2311 est
1523 2267 1654 2310 multa
1690 2269 1794 2311 scire
1831 2272 1872 2311 et

204 2343 314 2382 recte
346 2340 495 2394 vivere,
528 2340 598 2382 sed
631 2340 665 2382 si
703 2343 921 2395 utrumque
951 2354 1034 2382 non
1065 2340 1248 2383 valemus
1286 2340 1431 2383 melius
1470 2343 1532 2382 est
1568 2339 1670 2382 bene
1707 2340 1871 2383 vivendi

205 2411 401 2466 studium,
435 2425 558 2466 quam
589 2411 719 2454 multa
749 2412 918 2467 sciendi,
949 2416 995 2454 ut
1026 2425 1257 2467 sequamur.

847 2658 950 2714 189,
983 2671 1130 2714 germ.
1154 2658 1226 2702 34.

322 2765 473 2808 Lucius
504 2765 712 2820 regnavit,
753 2765 823 2819 qui
861 2767 1006 2808 statuit
1036 2779 1111 2822 pro
1142 2766 1252 2821 lege,
1294 2766 1401 2821 quod
1440 2766 1668 2821 quicunque
1697 2780 1870 2822 puerum

209 2837 378 2891 alicujus
420 2838 468 2879 ad
508 2837 768 2879 nutriendum
810 2838 1012 2893 acciperet
1052 2842 1092 2880 et
1136 2838 1179 2879 in
1220 2838 1305 2892 ejus
1351 2837 1537 2879 custodia
1581 2852 1682 2892 puer
1726 2838 1871 2880 suisset

207 2908 337 2961 lesus,
370 2909 411 2949 in
445 2909 600 2951 defecto
633 2923 704 2950 suo
739 2908 862 2950 vitam
897 2909 1116 2951 amitteret.
1169 2909 1332 2950 Accidit
1364 2909 1470 2963 quod
1502 2909 1743 2964 imperatrix
1775 2923 1870 2951 con-

209 2979 317 3033 cepit
349 2983 389 3021 et
419 2993 589 3034 puerum
630 2979 949 3034 pulcherrimum
992 2980 1164 3035 peperit.
1216 2979 1304 3021 Hoc
1342 2979 1509 3021 audiens
1549 2981 1715 3034 quidam
1753 2980 1869 3022 miles
