1929 3162
962 89 1046 130 332

162 197 335 249 pertate,
369 206 458 234 cum
495 208 574 247 qua
607 194 838 246 egredietur
871 198 909 235 et
942 195 1124 236 inveniet
1157 194 1263 248 quod
1297 208 1398 249 eque
1421 195 1678 249 ponderabit.
1732 195 1848 239 Sicut

163 278 320 319 pauper
351 265 595 317 ingreditur,
628 266 686 307 sic
720 279 876 320 pauper
908 266 1128 319 egreditur.
1162 265 1441 307 Ecclesiastici
1465 266 1655 308 secundo.
1695 265 1845 322 [Sicut]

163 349 351 389 egressus
399 339 462 377 est
507 336 641 377 nudus
688 337 737 378 de
786 341 901 378 utero
941 337 1085 378 matris
1127 350 1218 390 sue,
1266 338 1325 379 sic
1362 337 1584 379 revertitur
1632 341 1672 380 et
1719 337 1847 380 nichil

164 408 297 448 aufert
329 420 465 448 secum
500 408 549 449 de
582 407 721 449 labore
754 421 841 448 suo.
891 408 990 449 Item
1025 421 1131 462 pone
1164 408 1204 448 in
1238 422 1320 450 una
1354 412 1470 463 parte
1503 412 1654 451 statere
1681 412 1846 465 tempus

115 482 136 515 5
164 491 242 531 quo
290 478 494 532 peccasti,
544 482 585 520 et
628 483 725 520 tunc
764 493 911 533 querc,
954 480 1059 520 sicut
1098 478 1286 520 Christus
1326 480 1504 533 quesivit
1551 493 1574 521 a
1615 484 1733 535 patre
1772 480 1846 522 filii

162 547 431 602 infirmantis,
475 550 637 603 quando
671 551 706 591 ei
741 550 900 591 accidit.
954 550 1183 605 Respondit
1214 550 1251 591 ei
1282 554 1420 606 pater:
1462 551 1526 592 Ab
1558 551 1739 593 infancia
1770 555 1845 594 etc.

162 623 207 660 ut
245 623 370 674 patet.
424 620 479 662 Et
519 634 592 674 ego
634 635 759 675 quero
800 636 823 662 a
863 625 920 663 te:
963 621 1134 671 Quando
1176 621 1367 676 incepisti
1406 621 1603 676 peccare?
1654 621 1745 664 Heu
1782 636 1847 665 re-

162 691 404 746 spondebis:
445 691 536 733 Non
568 692 655 733 heri
689 706 764 733 noc
796 692 928 747 pridie
961 693 1032 734 sed
1066 692 1116 734 ab
1154 693 1348 734 infancia.
1401 692 1514 735 Pone
1556 706 1652 747 ergo
1683 697 1847 749 tempus

163 763 321 817 peccati
362 762 402 804 in
444 776 524 803 una
564 767 682 818 parte
723 768 762 805 et
794 765 930 805 minus
963 764 1222 819 ponderabit.
1270 763 1363 805 Non
1396 777 1492 817 ergo
1524 764 1732 806 transilies
1764 768 1848 808 sta-

96 839 136 873 10
163 838 307 887 teram,
349 834 420 875 sed
452 833 554 876 bene
586 848 716 889 pensa
748 834 980 889 quomodo?
1021 849 1127 890 pone
1160 835 1210 876 ad
1243 835 1364 876 aliam
1405 839 1569 890 tempus
1601 836 1845 890 penitencie.

163 904 243 946 Sed
282 906 439 957 nescis,
489 906 683 959 quamdiu
724 907 857 961 possis
900 907 1098 961 penitere.
1163 906 1256 948 Ideo
1297 906 1528 961 multiplica
1568 920 1694 962 opera
1731 908 1848 963 peni-

161 977 316 1029 tencie,
358 982 403 1018 ut
442 991 544 1031 eque
583 978 812 1032 ponderent
853 979 934 1019 tuis
975 977 1223 1031 malefactis,
1266 977 1373 1020 sicut
1411 977 1511 1020 dicit
1546 977 1749 1021 Zacheus:
1804 978 1847 1021 Si

162 1048 259 1101 quid
302 1048 479 1102 aliquem
521 1049 781 1101 defraudavi,
829 1049 954 1091 reddo
1005 1048 1294 1103 quadruplum.
1356 1048 1447 1090 Non
1495 1063 1591 1102 ergo
1638 1050 1847 1093 transilias

161 1118 270 1160 ultra
301 1119 423 1160 istam
457 1123 669 1173 stateram,
713 1120 788 1161 hoc
821 1124 896 1174 est,
941 1133 1021 1161 non
1060 1120 1184 1162 nimis
1217 1120 1359 1175 cupias
1398 1120 1507 1162 ultra
1540 1135 1618 1175 que
1650 1125 1746 1164 sunt
1776 1135 1848 1164 ne-

93 1196 135 1229 15
161 1190 341 1231 cessaria
374 1191 513 1232 victui.
565 1190 680 1232 Sicut
711 1191 861 1245 legitur
895 1192 944 1233 de
977 1192 1159 1233 vulture:
1193 1191 1341 1233 Vultur
1363 1205 1454 1233 cum
1478 1193 1635 1247 ceperit
1663 1193 1847 1248 predam,

89 1552 133 1585 20

88 1908 132 1942 25

88 2265 132 2298 30

86 2977 130 3010 4o

161 1261 310 1316 probat
343 1275 393 1302 an
427 1265 556 1303 totam
593 1263 759 1317 predam
796 1264 928 1318 possit
959 1276 1095 1305 secum
1130 1266 1296 1318 portare
1337 1266 1377 1304 et
1408 1276 1501 1304 cum
1534 1277 1583 1306 ea
1614 1263 1752 1306 volare
1784 1264 1849 1306 vel

162 1345 264 1385 non,
309 1333 380 1374 sed
423 1346 505 1374 non
546 1333 716 1388 dividit,
758 1338 798 1375 et
836 1339 999 1377 tantum
1038 1348 1176 1377 secum
1215 1337 1357 1390 portat
1389 1335 1495 1388 quod
1540 1335 1671 1390 possit
1710 1349 1847 1378 secum

161 1404 314 1457 volare,
358 1408 398 1446 et
430 1405 487 1446 sic
520 1405 644 1447 habet
676 1405 724 1447 de
756 1407 886 1461 preda
918 1407 1026 1461 quod
1059 1406 1136 1447 sibi
1170 1404 1333 1448 sufficit.
1381 1405 1539 1448 Eodem
1572 1406 1694 1448 modo
1725 1406 1848 1449 homo

161 1475 328 1517 deberet
358 1476 506 1517 facere.
555 1476 675 1518 Multi
709 1481 817 1531 sunt,
853 1479 922 1533 qui
956 1478 1127 1519 divicias
1159 1490 1233 1532 pro
1265 1477 1394 1532 preda
1415 1481 1593 1532 ponunt3
1626 1481 1673 1520 ut
1699 1478 1848 1521 divites

158 1545 280 1600 fiant,
313 1551 432 1589 nocte
472 1547 619 1601 dieque
656 1548 867 1603 laborant,
915 1550 1050 1592 aliena
1087 1548 1275 1603 rapiunt,
1316 1552 1356 1590 et
1394 1562 1486 1591 cum
1524 1549 1765 1604 habuerint,
1805 1550 1848 1592 in

161 1618 400 1660 abscondito
440 1623 600 1674 ponunt
637 1624 678 1661 et
716 1634 790 1675 per
828 1621 942 1662 illam
983 1620 1239 1673 detinentur,
1288 1620 1396 1674 quod
1443 1621 1494 1662 ad
1540 1620 1662 1663 deum
1710 1620 1848 1663 volare

159 1703 241 1730 non
274 1694 468 1744 possunt;
504 1694 544 1732 et
575 1690 650 1732 hec
682 1696 744 1733 est
766 1706 917 1746 magna
938 1692 1121 1746 fatuitas,
1154 1691 1262 1746 quod
1284 1691 1366 1733 illis
1387 1695 1574 1746 utuntur,
1608 1705 1686 1747 que
1709 1705 1848 1735 secum

159 1764 326 1815 portare
365 1775 446 1802 non
487 1766 670 1816 possunt.
728 1763 950 1805 Dividatur
990 1777 1086 1816 ergo
1129 1763 1257 1818 preda
1299 1763 1457 1805 scilicet
1489 1763 1650 1817 divicie,
1690 1767 1731 1806 et
1770 1763 1847 1806 sibi

159 1833 436 1874 necessarium
469 1836 629 1886 teneat3
662 1835 873 1876 residuum
906 1835 976 1877 det
1007 1834 1272 1889 pauperibus,
1307 1838 1347 1877 et
1379 1835 1437 1877 sic
1458 1835 1613 1890 poterit
1643 1835 1695 1877 ad
1727 1835 1846 1877 deum

160 1903 310 1945 volare.
367 1903 597 1946 Secundum
634 1910 715 1947 est:
764 1906 903 1960 ignem
945 1919 1036 1948 cun]
1071 1905 1207 1959 gladio
1240 1919 1291 1948 ne
1321 1906 1475 1959 foveas,
1517 1906 1558 1947 id
1592 1910 1655 1948 est
1685 1907 1848 1948 iracun-

159 1975 256 2016 dum
290 1988 381 2016 cum
417 1974 540 2029 [alh]
586 1977 721 2018 verbis
763 1978 921 2032 asperis
960 1991 1010 2019 ne
1050 1991 1260 2032 provoces
1327 1977 1392 2019 Ira
1432 1977 1543 2019 enim
1583 1983 1849 2033 comparatur

159 2046 258 2099 igni,
301 2047 418 2100 quia,
461 2061 552 2088 cum
594 2047 749 2102 aliquid
788 2049 984 2091 iracundo
1026 2048 1182 2102 deficit,
1231 2049 1370 2090 statim
1411 2047 1704 2090 inflammatur.
1767 2049 1849 2091 Iste

159 2118 266 2170 ignis
299 2131 380 2158 non
415 2121 477 2159 est
507 2118 708 2160 fovendus
742 2120 891 2173 gladio.
942 2119 1114 2162 Gladius
1149 2134 1244 2161 vero
1277 2124 1340 2162 est
1370 2120 1512 2173 lingua
1544 2120 1737 2173 hominis,
1770 2133 1848 2174 que

160 2188 210 2229 ad
259 2189 424 2229 modum
475 2189 601 2242 gladii
650 2192 876 2233 materialis
924 2192 1008 2233 lata
1055 2195 1118 2233 est
1158 2194 1199 2232 et
1246 2195 1366 2232 acuta
1407 2205 1454 2233 ex
1495 2194 1671 2246 utraque
1716 2195 1845 2246 parte.

158 2259 402 2301 Psalmista:
437 2259 599 2313 Lingua
632 2275 771 2303 eorum
805 2263 967 2316 gladius
1001 2266 1157 2305 acutus.
1204 2262 1282 2304 Est
1310 2263 1420 2304 enim
1443 2262 1493 2305 de
1514 2262 1711 2305 iracundo
1743 2263 1850 2304 sicut

159 2331 207 2372 de
247 2330 370 2372 calce.
435 2331 481 2372 ln
520 2332 629 2374 calce
671 2337 733 2374 est
772 2333 883 2375 calor
916 2334 1094 2389 sopitus3
1135 2334 1169 2376 si
1201 2337 1508 2389 superponatur
1547 2346 1667 2388 aqua,
1706 2333 1846 2375 statim

158 2401 442 2443 inflammatur
475 2405 515 2444 et
545 2403 703 2445 fumum
745 2405 859 2447 exire
896 2406 1007 2447 facit.
1062 2405 1106 2447 si
1147 2405 1196 2447 de
1235 2405 1446 2458 iracundo,
1485 2405 1529 2447 in
1569 2418 1648 2459 quo
1687 2407 1750 2447 est
1785 2404 1848 2446 ira

159 2473 314 2527 sopita3
348 2486 440 2514 cum
476 2474 653 2515 audierit
685 2476 808 2518 verba
843 2490 1003 2532 aspera,
1037 2477 1177 2518 statim
1210 2475 1493 2518 inflammatur
1525 2479 1566 2517 et
1595 2475 1754 2517 fumum
1786 2475 1847 2517 ire

159 2548 199 2585 et
230 2545 319 2586 rixe
352 2545 466 2586 exire
499 2546 718 2599 permittit,
751 2552 791 2590 et
823 2548 914 2590 ideo
936 2549 1073 2601 ignem
1096 2562 1178 2590 non
1201 2548 1397 2590 debemus
1418 2547 1558 2589 fovere
1579 2559 1671 2589 cum
1694 2546 1843 2600 gladio.
1878 2564 1882 2567 ·

87 2620 116 2652 δ’
159 2615 349 2656 Tercium
382 2619 463 2657 est:
513 2616 715 2658 Coronam
756 2633 807 2660 ne
848 2633 1007 2674 carpas,
1046 2620 1086 2661 id
1121 2623 1183 2661 est
1214 2619 1325 2672 leges
1357 2619 1508 2660 civium
1541 2631 1592 2660 ne
1623 2618 1846 2673 reprehen-

159 2686 243 2727 das.
295 2686 463 2740 Civitas,
506 2689 549 2728 in
582 2702 662 2742 qua
694 2703 848 2739 sumus,
891 2694 952 2731 est
984 2691 1168 2732 ecclesia.
1223 2689 1352 2743 Leges
1385 2689 1505 2743 hujus
1538 2689 1717 2732 civitatis
1750 2694 1847 2732 sunt

159 2757 343 2799 doctrine
384 2759 574 2813 ecclesie,
617 2774 717 2813 quas
758 2762 895 2802 nullus
936 2763 1099 2817 sapiens
1141 2762 1262 2804 debet
1298 2761 1619 2816 reprehendere,
1661 2762 1733 2803 sed
1770 2761 1845 2803 hu-

159 2828 313 2870 militer
355 2830 496 2872 audire
539 2835 578 2872 et
610 2831 785 2882 imitari;
827 2833 897 2873 sed
938 2834 1019 2874 ista
1057 2833 1245 2875 doctrina
1284 2832 1436 2874 multos
1468 2832 1593 2874 habet
1624 2832 1845 2887 reprehen-

160 2912 285 2951 sores,
329 2901 436 2953 quod
469 2904 584 2955 patet
617 2915 666 2943 ex
700 2915 760 2953 eo,
795 2903 902 2955 quod
934 2903 1058 2945 habet
1090 2917 1242 2958 paucos
1276 2904 1497 2956 auditores,
1531 2908 1572 2946 et
1601 2904 1693 2946 ideo
1726 2904 1844 2946 nobis

161 2975 223 3011 est
255 2984 437 3025 necesse,
480 2973 604 3015 verba
644 2973 709 3015 dei
741 2974 883 3015 audire
923 2978 964 3016 et
1002 2975 1088 3028 ejus
1128 2979 1324 3030 precepta
1357 2979 1396 3017 et
1426 2975 1638 3018 nobiscum
1671 2974 1844 3017 firmiter
