1949 3162
992 81 1075 122 642

197 200 334 230 amore
365 186 450 239 ejus
481 186 752 240 dormivitque
785 199 875 227 cum
899 198 947 227 ea
977 189 1017 227 et
1047 186 1089 226 in
1118 189 1278 226 tantum
1312 198 1398 226 eam
1429 185 1574 227 dilexit
1604 185 1711 240 quod
1743 184 1858 227 dolor

197 258 246 300 de
267 256 436 299 muliere
466 256 647 298 totaliter
678 257 832 311 quievit
863 260 903 298 et
933 255 1017 297 filia
1047 269 1137 298 cum
1161 259 1278 311 patre
1305 255 1432 297 filium
1457 255 1663 309 eleganter
1685 256 1858 311 peperit.

196 328 421 383 Imperator
451 341 540 370 eam
562 328 764 369 intantum
788 327 932 369 dilexit
963 327 1068 381 quod
1091 327 1237 381 nuptui
1261 340 1349 369 eam
1372 327 1478 368 tradi
1503 326 1675 380 volebat,
1707 327 1859 369 timens

194 403 332 441 tamen
362 399 571 453 propriam
594 398 872 440 confusionem
906 402 946 440 et
977 398 1199 453 dampnum
1221 397 1518 440 intolerabilem
1552 398 1586 439 si
1614 398 1725 440 fama
1747 397 1860 440 adul-

193 471 286 512 terii
318 470 403 524 ejus
433 469 578 511 fuisset
609 469 860 524 profulgata,
901 469 1083 524 precepit
1123 482 1218 522 ergo
1249 469 1332 511 filie
1363 482 1434 510 sue
1466 472 1511 510 ut
1542 468 1758 524 parvulum
1790 482 1860 511 ne-

193 545 315 583 caret.
370 539 476 581 Filia
512 554 607 582 vero
648 541 800 595 pietate
837 545 970 582 motus
1004 554 1050 582 ac
1080 540 1301 582 dileccione
1333 539 1486 581 carnali
1520 553 1616 593 erga
1648 540 1860 595 proprium

192 610 320 653 filium
351 611 550 653 nutricem
585 612 700 666 pueri
732 615 832 666 aput
853 625 895 653 se
918 612 1078 653 vocavit
1099 611 1257 666 private
1289 614 1328 652 et
1360 610 1483 652 dixit:
1518 611 1655 666 accipe
1686 623 1859 666 puerum

191 683 316 724 istum
363 686 403 724 et
448 682 593 736 pannis
641 683 838 737 preciosis
876 682 998 723 indue
1038 686 1077 723 et
1118 682 1305 737 appende
1343 682 1445 723 collo
1486 682 1572 736 ejus
1610 681 1861 723 marsubium

192 752 386 795 annulum
427 757 466 794 et
505 766 648 795 aureos
687 753 729 794 in
761 753 986 795 continenti
1019 766 1099 794 non
1131 766 1303 808 anCOS,
1344 756 1384 794 et
1422 753 1560 794 videas
1600 752 1709 806 quod
1746 755 1863 794 extra

191 823 354 879 imperii
393 823 545 865 limites
584 827 782 879 portetur.
837 823 944 865 Puer
985 824 1110 877 igitur
1150 824 1192 865 in
1223 824 1437 877 ungariam
1478 823 1622 865 ductus
1654 827 1717 866 est
1747 836 1862 865 secus

190 895 298 937 viam
331 894 541 950 expositus
575 899 615 937 et
647 909 670 937 a
699 895 1006 937 transeuntibus
1047 899 1109 937 est
1140 898 1347 950 repertus,
1386 895 1455 949 qui
1487 907 1579 936 cum
1609 894 1864 937 invenissent

190 979 283 1008 eum
323 966 515 1008 admirati
556 970 651 1008 sunt
690 966 808 1009 valde
848 970 887 1008 et
919 966 1169 1019 eleganciam
1211 965 1536 1020 contemplantes
1567 965 1736 1007 infantis
1769 965 1864 1020 quia

189 1037 303 1079 illum
343 1036 537 1079 involutis
579 1037 808 1090 insignibus
847 1050 896 1079 ex
936 1036 1062 1078 nobili
1095 1037 1289 1092 progenie
1321 1036 1563 1090 judicabant
1599 1036 1735 1091 ipsum
1774 1049 1863 1078 esse

188 1111 432 1163 proventum
475 1108 571 1162 quia
608 1109 693 1162 regi
732 1108 797 1150 cui
835 1121 927 1150 cum
964 1107 1125 1150 ferabat
1163 1112 1330 1150 ornatus
1373 1107 1479 1161 regis
1518 1107 1750 1150 traderetur
1791 1107 1862 1149 sti-

189 1180 345 1235 pendys
377 1179 632 1233 educandus,
666 1193 825 1234 quoque
857 1192 949 1221 cum
980 1178 1108 1221 filium
1143 1194 1222 1221 non
1255 1180 1425 1221 haberet
1455 1177 1768 1230 ammirabatur3
1801 1182 1863 1220 ta-

188 1250 268 1293 lem
308 1251 520 1293 inventum
561 1250 746 1292 hilariter
789 1251 970 1306 suscepit
1002 1251 1119 1292 valde
1151 1251 1347 1292 divinitus
1379 1250 1627 1292 destinatum
1666 1253 1862 1304 reputans

189 1335 240 1364 ex
280 1321 419 1364 divina
457 1322 731 1377 disposicione
771 1321 858 1364 fieri
899 1321 1004 1376 quod
1046 1335 1120 1377 per
1151 1335 1361 1364 excessum
1403 1321 1534 1363 aliene
1566 1320 1717 1362 sobolis
1747 1319 1864 1362 fieret

187 1393 277 1448 ipse
308 1393 393 1448 ejus
433 1393 562 1435 heres.
618 1393 853 1435 Deliberato
887 1406 981 1446 ergo
1014 1406 1107 1434 cum
1131 1407 1257 1435 uxore
1289 1393 1459 1435 consilio
1492 1392 1697 1448 prefatum
1729 1391 1864 1433 infan-

189 1463 320 1506 tulum
371 1464 585 1520 adoptavit
630 1465 671 1506 in
712 1463 841 1505 filium
891 1468 930 1505 et
978 1477 1097 1505 nemo
1148 1465 1189 1506 in
1234 1478 1360 1518 regno
1409 1464 1458 1506 de
1505 1463 1697 1505 thalamis
1744 1475 1863 1518 puer-

189 1535 302 1590 perio
336 1539 530 1591 expertus
563 1539 626 1577 est
655 1535 697 1576 in
721 1535 941 1590 oppinione
973 1536 1133 1588 vulgari
1163 1540 1301 1578 tamen
1334 1549 1436 1590 puer
1474 1536 1516 1576 in
1550 1533 1862 1589 adapercionem

191 1606 373 1661 quesitus
406 1607 455 1649 de
477 1607 584 1660 regis
617 1606 851 1648 crederetur
883 1607 1037 1649 semine
1061 1611 1310 1662 procreatus.
1355 1606 1474 1661 Cepit
1494 1606 1633 1660 itaque
1654 1618 1756 1661 puer
1777 1608 1862 1646 tam

189 1677 330 1720 diebus
373 1692 494 1732 quam
533 1677 719 1719 noctibus
753 1677 893 1730 augeri
925 1681 965 1719 et
996 1678 1160 1720 cibariis
1195 1682 1317 1733 atque
1350 1677 1531 1720 vestibus
1564 1675 1770 1730 regalibus
1802 1679 1863 1717 est

188 1750 369 1791 nutritus
410 1753 532 1803 atque
571 1749 793 1803 productus
835 1752 874 1790 et
904 1749 945 1789 in
978 1750 1125 1791 miram
1159 1749 1409 1802 eleganciam
1442 1752 1527 1790 tam
1559 1747 1694 1789 vultus
1727 1747 1862 1802 specie

189 1832 309 1874 quam
344 1820 527 1875 corporis
559 1820 806 1874 proceritate
841 1821 1062 1872 succrevit3
1096 1821 1165 1875 qui
1196 1834 1287 1862 cum
1320 1820 1453 1875 primo
1486 1819 1690 1872 attigisset
1709 1818 1862 1860 limites

187 1892 404 1946 pueritatis
455 1892 566 1932 fama
618 1891 750 1944 quoad
804 1891 1138 1944 strennuitatem7
1196 1891 1563 1946 pulchritudinem,
1611 1890 1860 1945 sapienciam

188 1962 339 2016 ubique
378 1962 562 2015 volabat,
604 1975 721 2003 carus
755 1965 795 2003 et
833 1962 1021 2004 amabilis
1062 1963 1251 2004 omnibus
1293 1967 1338 2004 ut
1369 1963 1402 2004 si
1433 1962 1510 2004 hoc
1540 1975 1622 2003 non
1654 1961 1862 2004 dedissent

187 2036 282 2074 vota
313 2033 519 2075 natalibus
553 2037 660 2075 esset
691 2033 811 2074 modo
844 2033 885 2073 in
918 2034 1148 2088 principem
1172 2033 1381 2087 eligendus
1404 2033 1565 2075 merito.
1606 2031 1766 2074 Gaudet
1786 2045 1860 2074 rex

187 2104 236 2146 de
260 2104 342 2146 filio
361 2105 568 2159 adoptivo,
601 2104 830 2157 congaudet
862 2107 902 2145 et
934 2104 1084 2146 letatur
1116 2105 1289 2158 ungaria
1320 2105 1398 2146 sibi
1429 2103 1595 2146 tandem
1627 2102 1860 2146 refloruisse

187 2175 229 2216 in
259 2176 372 2229 regio
413 2175 514 2216 solio
546 2176 660 2228 regni
693 2175 991 2230 principatum,
1025 2176 1074 2217 ab
1107 2176 1295 2217 omnibus
1328 2175 1531 2229 diligitur,
1565 2175 1786 2230 suscipitur
1816 2174 1859 2216 in

187 2246 418 2300 dominum,
459 2250 678 2288 coronatur
704 2247 758 2289 ,in
791 2260 928 2299 regem
968 2251 1007 2288 et
1048 2247 1178 2289 adhuc
1211 2247 1373 2289 vivente
1410 2260 1505 2300 rege
1537 2246 1699 2301 paterni
1736 2244 1860 2300 tytuli

187 2317 359 2372 suscipit
390 2317 644 2370 dignitatem.
692 2317 921 2372 Imperator
952 2331 1043 2359 cum
1076 2319 1258 2360 audisset
1289 2318 1397 2372 quod
1427 2331 1500 2359 rex
1531 2317 1700 2370 ungarie
1731 2315 1856 2358 talem

186 2386 314 2429 filium
337 2391 576 2430 strennuum
602 2388 951 2442 sapientissimum
984 2389 1166 2443 haberet,
1199 2389 1406 2442 cogitabat
1436 2388 1564 2430 filiam
1585 2401 1701 2429 suam
1732 2401 1854 2442 quam

187 2458 229 2499 in
251 2462 393 2513 stupro
425 2458 612 2512 habebat,
645 2459 687 2500 in
709 2474 878 2502 uxorem
913 2461 948 2502 ei
979 2461 1155 2502 tradere.
1203 2461 1481 2514 ignoransque
1513 2459 1620 2514 quod
1642 2463 1749 2501 esset
1769 2459 1856 2513 ejus

185 2528 293 2570 filius
331 2530 523 2572 nunccios
563 2530 612 2571 ad
644 2544 782 2583 regem
821 2532 990 2584 ungarie
1023 2532 1174 2573 direxit
1205 2532 1254 2573 de
1286 2531 1548 2573 matrimonio
1580 2530 1855 2586 perpetrando
1902 2534 1908 2537 '

185 2600 293 2642 inter
322 2599 448 2642 filiam
482 2614 597 2642 suam
632 2606 671 2642 et
702 2602 787 2655 ejus
818 2602 959 2643 filium.
994 2601 1216 2644 Constituti
1247 2606 1343 2644 sunt
1374 2602 1460 2644 dies
1492 2605 1532 2644 et
1563 2604 1854 2655 convenerunt,

186 2670 279 2712 iniit
324 2685 398 2713 rex
443 2684 677 2713 concessum
710 2672 838 2714 filium
872 2687 989 2715 suum
1034 2673 1116 2714 filie
1156 2687 1227 2714 sue
1276 2673 1319 2714 in
1358 2673 1550 2715 maritum
1591 2672 1709 2725 dare3
1747 2671 1856 2714 filius

186 2745 360 2783 matrem
390 2743 601 2798 propriam
633 2743 896 2798 desponsavit
925 2745 1119 2797 ignorans
1148 2744 1255 2798 quod
1288 2748 1395 2786 esset
1427 2743 1512 2797 ejus
1533 2746 1676 2785 mater.
1719 2742 1856 2784 Finito

186 2813 448 2854 matrimonio
481 2814 633 2856 diversi
665 2814 716 2855 ad
747 2814 914 2869 propria
945 2818 1218 2857 revertuntur.
1271 2815 1401 2856 Amor
1430 2815 1539 2856 inter
1562 2827 1629 2856 eos
1652 2813 1702 2855 de
1724 2813 1790 2855 die
1812 2814 1855 2855 in

188 2881 295 2924 diem
338 2885 565 2936 crescebat3
604 2888 698 2940 post
736 2884 893 2938 aliquos
927 2886 1012 2927 dies
1044 2899 1117 2927 rex
1156 2886 1327 2939 ungarie
1366 2885 1597 2926 infirmatus
1628 2884 1853 2939 vidensque

187 2953 293 3006 quod
333 2954 469 2996 vivere
500 2969 582 2997 non
615 2959 778 3010 poterat
810 2959 928 2997 vocat
958 2955 1088 2997 filium
1120 2970 1239 2997 suum
1271 2960 1312 2998 et
1341 2957 1416 2998 ait:
1455 2956 1529 2997 filii
1562 2968 1653 2998 ecce
1685 2955 1851 3009 morior,
