1919 3157
877 69 954 112 571

77 158 199 198 sitim.
225 157 495 217 Discipulus:
521 167 734 218 Quomodo
755 185 928 228 possunt
948 179 1019 220 hec
1040 188 1307 238 comparari?
1327 189 1552 245 Alaqister:
1573 195 1755 240 Justieia

73 227 143 268 illi
170 243 315 272 nomen
347 242 413 274 est.
470 236 595 279 Reate·
625 244 699 296 qui
729 247 914 288 esuriunt
945 258 982 291 et
1011 253 1158 295 sitiant
1176 256 1407 313 justiciam,
1443 268 1640 318 quoniam
1670 271 1757 324 ipsi

73 300 380 345 saturabuntur.
421 305 693 365 Discipulos:
727 315 994 361 Sana-aberis
1027 337 1121 379 erqo
1154 335 1190 367 et
1214 334 1432 383 proveniet
1461 336 1538 377 tibi
1554 337 1730 390 justicia
1738 357 1752 391 ,-

71 370 111 410 εἰ
137 386 221 412 non
250 375 487 429 interfuerit
517 384 785 438 ne’gyliqencia.
839 390 1000 440 Quarta
1032 397 1135 449 qnid
1165 402 1370 443 continet?
1409 405 1633 461 Alafsz'ste1·:
1665 411 1751 453 La-

70 442 242 494 crimas,
272 446 397 499 fletus
436 458 472 490 et
505 453 718 508 ploratus,
760 460 969 515 irriyuum
1006 469 1197 520 superius
1237 479 1274 512 et
1311 475 1518 529 irriquum
1556 480 1745 534 inferius.
1773 492 1795 527 5

68 507 190 566 [151]
230 514 500 573 Disczpnlas:
542 523 695 566 Luctus
736 538 772 570 et
805 532 930 585 fletus
968 550 1052 576 non
1090 539 1219 581 solent
1259 545 1357 596 emi,
1403 549 1555 590 redimi
1598 559 1746 607 tamen,

67 584 167 637 quia
197 584 274 626 leoc
298 593 488 643 precium
521 596 756 640 desiderant
787 605 929 644 sancti.
973 605 1110 661 Beati,
1145 613 1221 665 qui
1250 613 1401 669 lassent,
1436 623 1632 674 quoniam
1662 627 1749 680 ipsi

64 656 395 702 consolabuntur.
434 664 612 714 Quintus
643 670 713 711 ille
743 675 930 716 sacculus
962 680 1066 732 quid
1095 681 1241 724 habet?
1270 686 1493 742 Alaye'stet·:
1527 693 1630 735 Rem
1649 711 1744 751 pre-

62 726 229 780 ciosam,
261 732 604 790 misericordiam,
640 755 764 795 quam
787 744 864 785 tibi
886 748 1055 801 placere
1080 756 1308 808 perpendo,
1339 774 1391 800 ne
1412 769 1449 802 te
1474 767 1743 818 protraham,-

53 811 138 852 pro
169 801 457 846 misericordia
489 809 582 850 volo
613 814 956 871 misericordiam,
984 835 1067 875 pro
1099 828 1321 880 temporali
1349 838 1498 874 eterna.
1538 835 1740 894 Discipu-
1768 847 1811 882 10

59 867 144 908 lus.-
185 869 284 912 Non
316 888 357 914 es
388 875 517 919 bonus
556 896 695 923 rerum
734 886 912 938 arbiter;
950 905 1028 945 pro
1062 899 1356 951 temporalibus
1388 905 1495 945 enim
1525 922 1740 964 nunquam

57 941 236 995 accipies
268 952 428 999 eterna,
467 952 555 992 nisi
576 968 660 1008 pro
694 964 731 996 te
762 968 901 1012 ayeret
930 964 1243 1019 misericordia,·
1279 972 1374 1026 ipsa
1405 982 1539 1018 tamen
1558 979 1635 1031 fiet
1665 981 1742 1023 tibi

54 1014 277 1055 secundam
296 1016 427 1068 fidem
459 1028 585 1075 tuam,
620 1033 657 1066 et
687 1026 796 1070 beati
823 1032 1124 1090 misericordes,
1159 1043 1356 1094 quoniam
1387 1047 1474 1101 ipsi
1502 1051 1736 1093 misericor-

53 1082 166 1123 diam
198 1099 507 1143 consequentur.
563 1093 650 1137 Sed
675 1098 770 1151 jam
797 1107 1116 1159 paupertatibus
1153 1118 1190 1152 et
1219 1114 1397 1157 miseriis
1429 1126 1466 1160 et
1495 1120 1736 1166 tribulacio-

51 1153 174 1196 nibus
204 1156 505 1204 habundamus.
562 1165 740 1211 Recol‘ce
778 1182 954 1228 seaetum,
994 1180 1034 1218 si
1056 1180 1175 1233 forte
1207 1186 1311 1238 quid
1339 1188 1484 1230 melius
1515 1196 1729 1238 contineat.
1761 1205 1802 1239 15

48 1224 275 1281 Mayister:
307 1231 465 1275 Plenus
493 1237 633 1291 plane,
667 1242 740 1282 sed
768 1243 844 1285 hoc
873 1261 957 1288 non
988 1259 1102 1293 amat
1125 1253 1344 1308 publicum
1373 1267 1420 1301 ut
1442 1277 1628 1320 purpur,
1661 1269 1734 1310 sed

45 1297 92 1337 in
121 1308 272 1342 secreto
304 1303 491 1348 cubiculo
522 1310 729 1353 videbitur
757 1314 898 1371 ibique
928 1319 977 1360 de
1001 1325 1165 1376 premio
1199 1326 1284 1379 ejus
1315 1331 1537 1375 taxabitur.
1583 1336 1728 1381 Disci-

39 1368 192 1423 pulus':
230 1372 480 1419 Eaeaminati
515 1394 678 1434 sumus;
717 1388 919 1440 quidnam
958 1400 1016 1433 est
1044 1396 1194 1437 modo?
1242 1399 1468 1455 Maqz'ster:
1506 1406 1729 1453 Mundicia

45 1447 102 1480 est
132 1443 270 1484 cordis
298 1449 491 1500 preciosa
500 1467 514 1500 ,·
551 1452 615 1494 ibi
648 1471 752 1498 vasa
789 1474 919 1502 aurea
957 1470 993 1504 et
1031 1475 1226 1521 arqentea
1263 1474 1535 1530 continentur,
1575 1481 1729 1525 scilicet

35 1511 196 1566 pietas,
239 1513 423 1572 bonitas,
464 1524 773 1581 misericordia,
816 1533 969 1574 caritas
1000 1543 1038 1576 et
1063 1540 1268 1592 qaudz'um
1297 1544 1344 1584 in
1374 1548 1528 1602 spiritu
1558 1561 1724 1605 sancto;
1749 1565 1794 1600 20

41 1580 136 1624 hinc
159 1589 355 1640 preciosa
375 1591 453 1632 illa
466 1595 608 1648 pallia
630 1600 960 1657 explicabuntur,
993 1615 1038 1648 ut
1057 1617 1153 1651 sunt
1180 1611 1382 1669 lectiones,
1415 1621 1720 1678 meditaciones,

40 1655 267 1710 oraciones,
301 1665 684 1723 contemplaciones‚
707 1671 877 1724 judicia
907 1677 1068 1720 domini
1095 1695 1193 1723 vera
1214 1683 1465 1742 justificata,
1501 1693 1548 1733 in
1578 1704 1720 1738 semet-

35 1724 132 1780 ipsa
163 1727 459 1776 desiderabilia
488 1751 615 1793 super
645 1757 796 1784 aurum
827 1754 864 1787 et
894 1747 1075 1804 lapidem
1091 1756 1329 1807 preciosum
1351 1761 1532 1804 multum.
1576 1765 1720 1809 Disci-

27 1797 182 1851 pulus:
222 1800 276 1842 In
307 1807 586 1850 custodiendis
622 1813 710 1854 illis
748 1817 969 1861 retribucio
1001 1823 1131 1864 multa
1141 1840 1154 1874 ,·
1186 1835 1282 1881 pete
1319 1831 1451 1886 iqitur
1491 1837 1594 1889 quid
1628 1839 1718 1880 vis?

33 1866 260 1924 Magister:
302 1873 508 1919 Visionem
539 1882 615 1923 dei.
671 1885 945 1943 Discipulus:
975 1892 1103 1937 Beati
1132 1911 1227 1953 erqo
1258 1903 1412 1944 mundo
1445 1907 1579 1960 corde,
1614 1924 1716 1965 quo·
1740 1923 1785 1958 25

31 1940 148 1981 niam
177 1943 265 1998 ipsi
293 1946 414 1989 deu-m
444 1952 664 1996 videbunt!
705 1957 862 2001 Evolve
891 1966 1117 2019 septimam.
1167 1969 1393 2027 Maqister:
1432 1976 1587 2020 Pacem
1617 1997 1714 2023 eon-

31 2011 139 2053 tinet.
193 2013 469 2073 Discipulus:
500 2023 654 2067 Pacem
686 2037 800 2071 tuam
830 2033 935 2075 milii
961 2039 1202 2082 venditurus
1233 2043 1302 2084 es?
1351 2046 1575 2103 Mayister:
1611 2052 1712 2095 Non

29 2094 114 2124 mee
143 2088 309 2141 expedit
340 2097 607 2149 paupertati,
649 2114 722 2140 nec
753 2109 818 2143 tue
838 2103 1010 2156 justicie
1040 2114 1249 2166 competit,
1289 2131 1363 2157 nec
1400 2119 1509 2161 decet
1540 2122 1710 2166 divitias

28 2159 141 2207 tuas,
182 2165 229 2199 ut
254 2163 392 2214 9ratis
423 2179 450 2204 a
480 2179 543 2207 me
581 2168 748 2224 aliquid
783 2176 969 2231 accipias
978 2194 992 2228 ,·
1031 2182 1103 2222 sed
1127 2183 1222 2236 jam
1260 2193 1297 2228 te
1325 2189 1372 2228 in
1403 2191 1591 2234 omnibus
1623 2194 1707 2237 lar-

21 2225 157 2279 giente
185 2228 379 2275 habundo
389 2250 403 2284 ,-
433 2237 543 2278 unde
573 2241 678 2294 quid
706 2248 916 2298 superest?
945 2249 1081 2294 Homo
1112 2268 1203 2296 sum
1231 2260 1412 2301 rusticus
1443 2270 1480 2303 et
1508 2265 1705 2319 &nobilis
1731 2277 1776 2312 30

25 2303 62 2336 et
90 2298 140 2339 de
171 2300 254 2343 luto
273 2303 436 2358 factus,
470 2308 519 2349 de
550 2310 646 2352 limo
679 2320 784 2356 terre
814 2330 1063 2376 compactus,
1097 2326 1203 2368 tedet
1220 2342 1284 2370 me
1301 2331 1576 2386 iynobilitatis
1605 2352 1700 2391 mee,

21 2368 116 2410 nolo
155 2373 260 2414 milii
295 2376 466 2418 ulterius
505 2381 817 2439 improperari.-
855 2389 1001 2434 'Terra
1046 2409 1087 2436 es
1125 2405 1163 2438 et
1201 2400 1248 2439 in
1293 2408 1445 2444 terram
1483 2405 1563 2447 ibis
1571 2424 1586 2457 ,·
1631 2411 1704 2451 sed

19 2441 159 2493 potius
188 2445 281 2486 volo
313 2448 418 2489 milii
447 2451 556 2493 dici:
595 2453 733 2497 Celum
773 2473 812 2499 es
851 2469 887 2502 et
924 2464 970 2504 in
1008 2466 1136 2507 celum
1174 2468 1266 2511 ibis.
1323 2472 1485 2516 Sortem
1507 2478 1701 2536 filiorum

20 2508 89 2551 dei
123 2513 333 2570 desidero,
372 2521 495 2578 filius
535 2524 604 2565 dei
639 2541 722 2569 esse
761 2536 1016 2588 concupisco.
1074 2537 1348 2596 Discipulus:
1388 2545 1521 2600 Diati,
1551 2550 1699 2604 fateor

19 2593 90 2622 nec
120 2584 322 2639 diffiteor:
364 2591 492 2633 Beati
514 2597 698 2651 pacifici,
734 2604 931 2656 quoniam
950 2606 1041 2658 filii
1069 2609 1137 2650 dei
1163 2613 1431 2658 vocabuntur.
1487 2619 1540 2662 Si
1566 2623 1698 2676 iqitur
1720 2632 1766 2668 35

9 2651 200 2709 filiorum
231 2673 370 2702 servas
401 2666 627 2720 caritatem,
655 2679 878 2725 paternam
909 2675 1073 2720 habebis
1104 2681 1377 2728 hereditatem.
1417 2689 1517 2730 Jam
1547 2692 1695 2736 ultima

16 2731 141 2767 restat
169 2732 351 2785 sarcina,
385 2737 549 2791 explica
579 2754 680 2781 eam.
714 2743 941 2799 Maqz‘ster:
972 2748 1073 2792 Non
1103 2752 1223 2797 habet
1251 2759 1337 2799 nisi
1350 2765 1692 2816 persequutiones

15 2800 54 2834 et
80 2797 367 2845 tribulationes
401 2822 482 2862 pro
509 2809 696 2862 justicia.
750 2813 1022 2873 Discipulus:
1059 2823 1118 2865 Et
1156 2828 1259 2881 quid
1294 2844 1374 2884 pro
1412 2831 1493 2873 hiis
1531 2836 1691 2890 eoeiqis?

13 2862 238 2922 Maqister:
272 2874 461 2931 Reqnum
493 2881 682 2924 celorum.
726 2884 997 2943 Discipulus:
1028 2893 1129 2936 Jam
1156 2912 1236 2952 pro
1261 2903 1425 2954 premio
1456 2904 1521 2944 vel
1547 2909 1687 2960 precio

10 2945 269 2994 paupertatis
300 2947 348 2987 id
377 2948 454 2990 tibi
483 2956 672 2995 concessi.
720 2957 944 3014 Mayister:
986 2962 1146 3020 Utique,
1179 2970 1251 3011 sed
1279 2973 1428 3014 mensis
1460 2989 1508 3015 e-z·
1537 2991 1684 3032 mense,
1710 2987 1756 3022 40
