1919 3157
875 53 962 94 455

78 170 102 199 a
124 170 218 211 rege
251 157 466 199 obtineret.
518 156 603 199 Hoc
626 158 838 200 audientes
861 158 1017 201 nobiles
1041 163 1081 200 et
1111 158 1332 214 optimates
1356 160 1405 202 ad
1429 165 1758 202 torneamentum

78 232 289 271 venerunt.
339 227 424 269 Rex
459 228 664 271 ordinavit
697 235 742 271 ut
773 229 924 272 milites
958 229 1239 272 dividerentur
1272 231 1341 283 ita,
1376 235 1420 273 ut
1451 245 1498 273 ex
1530 245 1612 273 una
1644 237 1761 286 parte

77 299 218 356 plures
251 299 457 342 ordinavit
488 300 529 341 in
563 305 674 342 certo
707 314 877 342 numero
909 305 950 342 et
981 305 1041 342 tot
1073 314 1123 343 ex
1156 300 1237 342 alia
1268 306 1404 356 parte;
1444 302 1501 344 illi
1536 317 1652 356 vero,
1692 304 1759 358 qui

74 371 209 427 primo
241 370 420 412 ordinati
453 371 632 423 fuerunt,
666 372 805 413 omnia
836 376 951 414 scuta
984 385 1059 413 sua
1090 376 1130 414 et
1162 385 1277 413 arma
1309 373 1349 414 in
1382 372 1469 415 loco
1503 374 1552 415 ad
1584 374 1659 415 hoc
1691 374 1760 416 de-

75 445 219 498 putato
250 455 324 498 per
355 441 540 484 ordinem
575 447 813 497 posuerunt.
871 442 954 484 Rex
996 443 1201 498 precepit,
1240 448 1286 484 ut
1318 444 1563 499 quicumque
1596 459 1645 487 ex
1680 445 1761 488 alia

76 517 192 567 parte
223 517 383 554 scutum
417 512 588 566 alicujus
621 527 711 555 cum
747 514 865 555 hasta
896 518 1103 567 tangeret,
1145 515 1284 556 statim
1319 514 1408 567 ille,
1450 516 1564 568 cujus
1598 521 1758 558 scutum

73 588 228 627 tactum
269 588 397 636 esset,
438 584 487 626 ad
521 589 850 626 torneamentum
884 598 1022 627 secum
1056 585 1322 628 descenderet
1354 590 1393 627 et
1426 599 1507 627 una
1539 586 1675 641 puella
1709 587 1758 629 ad

76 655 151 697 hoc
183 654 314 697 electa
344 654 458 696 illum
494 661 672 698 armaret
705 661 745 698 et
776 656 834 697 sic
867 660 1010 698 contra
1043 656 1169 698 alium
1202 656 1383 709 luderet,
1422 662 1461 698 et
1493 657 1526 698 si
1559 657 1684 699 alium
1718 660 1759 700 in

72 725 168 768 ludo
213 732 450 782 superaret,
498 726 568 768 illo
609 727 674 769 die
721 739 871 768 corona
911 728 1020 781 regis
1060 732 1278 769 coronatus
1320 733 1427 770 esset
1467 733 1507 770 et
1547 729 1588 770 in
1630 730 1759 783 regali

74 811 217 840 mensa
255 797 538 839 collocaretur.
599 797 717 840 Miles
767 798 933 852 quidam
974 798 1049 841 hoc
1086 799 1320 854 percipiens
1364 799 1582 853 diligenter
1623 801 1761 842 omnia

74 873 192 911 scuta
222 873 474 924 respexerat,
509 873 549 910 et
581 883 705 911 unum
731 873 891 911 scutum
918 869 1033 922 vidit,
1068 871 1107 911 in
1132 884 1210 924 quo
1235 874 1353 912 erant
1374 871 1454 912 tria
1477 884 1598 925 poma
1621 884 1758 925 aurea,

73 953 153 995 que
183 940 288 982 miro
320 939 441 981 modo
475 939 624 982 habere
657 940 939 993 desiderabat,
973 945 1013 982 et
1046 941 1104 983 sic
1136 946 1295 983 scutum
1329 941 1429 983 illud
1462 942 1621 995 tetigit,
1655 942 1758 984 alius

73 1015 224 1063 autem,
258 1011 372 1064 cujus
404 1015 493 1053 erat
525 1015 699 1065 scutum,
733 1012 872 1053 statim
908 1025 932 1053 a
954 1012 1092 1066 puella
1123 1026 1165 1054 se
1193 1013 1345 1054 armari
1367 1012 1465 1054 fecit
1487 1017 1527 1054 et
1548 1013 1759 1056 descendit

73 1087 114 1124 et
143 1086 288 1124 contra
309 1095 400 1124 eum
434 1081 544 1135 lusit,
578 1083 619 1123 in
653 1096 732 1137 quo
764 1082 860 1124 ludo
894 1081 966 1136 [95
982 1082 1022 1138 b]
1056 1087 1181 1139 caput
1213 1084 1313 1137 ejuS,
1347 1084 1415 1138 qui
1449 1088 1608 1126 scutum
1639 1098 1758 1126 suum

72 1153 221 1207 tetigit,
253 1153 487 1208 amputavit
518 1157 558 1195 et
589 1154 818 1196 mercedem
853 1154 1100 1207 condignam
1134 1155 1304 1210 accepit.

190 1223 426 1277 Carissimi,
473 1225 551 1266 iste
598 1225 824 1280 imperator
865 1230 927 1267 est
966 1225 1157 1268 dominus
1195 1231 1335 1268 noster
1374 1225 1514 1268 lhesus
1556 1225 1759 1281 Christus,

77 1296 146 1351 qui
179 1300 323 1338 contra.
354 1295 561 1337 diabolum
593 1297 813 1351 pugnavit3
847 1297 981 1351 primo
1014 1298 1056 1338 in
1089 1297 1175 1339 celo
1206 1298 1471 1339 commissum
1506 1303 1568 1340 est
1597 1303 1761 1341 tornea-

74 1371 259 1409 mentum
297 1367 324 1408 i.
355 1380 389 1409 e.
431 1367 582 1409 bellum
623 1368 731 1410 inter
768 1367 888 1410 deum
933 1372 974 1409 et
1019 1367 1249 1421 diabolum,
1298 1368 1461 1423 quando
1498 1368 1675 1411 Michael
1721 1374 1761 1412 et

74 1438 209 1493 angeli
241 1439 328 1492 ejus
362 1438 646 1494 preliabantur
678 1452 769 1481 cum
804 1439 1001 1490 dracone,
1042 1443 1083 1481 et
1121 1443 1263 1495 postea
1295 1440 1336 1481 in
1370 1445 1482 1482 terra
1513 1441 1555 1481 in
1589 1440 1654 1482 die
1687 1454 1759 1496 pa-

72 1523 274 1552 rasceves.
331 1509 411 1552 Sed
449 1510 666 1552 redeamus
707 1510 758 1552 ad
791 1511 1062 1566 propositum.
1119 1510 1232 1553 Deus
1271 1511 1394 1553 habet
1430 1512 1510 1553 tria
1541 1516 1657 1554 scuta
1688 1525 1759 1554 seu

72 1581 192 1635 signa
228 1581 385 1624 scilicet
415 1582 647 1637 potenciam
689 1594 767 1636 que
799 1586 862 1624 est
893 1586 1052 1623 scutum
1094 1582 1245 1637 patris,
1285 1583 1538 1638 sapienciam
1581 1596 1658 1637 que
1698 1588 1760 1625 est

72 1655 233 1694 scutum
266 1652 355 1706 filii,
389 1652 613 1695 bonitatem
648 1666 726 1707 que
759 1658 822 1695 est
852 1657 1011 1695 scutum
1047 1654 1217 1709 spiritus
1250 1655 1403 1705 sancti;
1437 1654 1508 1696 illa
1540 1655 1620 1696 tria
1644 1659 1759 1696 scuta

72 1724 212 1779 posuit
241 1723 341 1766 deus
363 1724 406 1765 in
429 1737 509 1766 uno
532 1724 619 1766 loco
643 1724 931 1777 determinato,
965 1724 1121 1766 scilicet
1142 1725 1184 1766 in
1206 1729 1356 1767 natura
1378 1725 1572 1779 humana,
1596 1726 1757 1780 quando

72 1795 228 1837 creavit
259 1795 464 1837 hominem
500 1795 550 1837 ad
583 1795 804 1848 imaginem
840 1800 880 1837 et
911 1796 1225 1838 similitudinem
1258 1810 1388 1838 suam.
1438 1796 1603 1838 Primus
1635 1797 1757 1838 homo

72 1865 363 1909 dominabatur
394 1867 583 1908 omnibus
615 1866 778 1917 bestiis3
820 1879 912 1908 ecce
951 1868 1161 1922 potencia,
1200 1881 1278 1922 que
1317 1871 1380 1909 est
1411 1872 1570 1910 scutum
1603 1869 1755 1923 patris3

71 1937 231 1993 primus
263 1937 408 1979 habuit
438 1938 656 1979 scienciam
691 1937 741 1980 de
774 1938 963 1980 omnibus
996 1938 1137 1990 rebus3
1180 1951 1271 1981 ecce
1310 1939 1539 1994 sapiencia,
1581 1952 1659 1993 que
1695 1944 1759 1981 est

71 2013 232 2051 scutum
271 2009 366 2059 filii;
406 2009 565 2064 primus
603 2008 723 2050 homo
763 2013 925 2051 creatus
958 2014 1020 2052 est
1050 2010 1091 2051 in
1124 2011 1264 2063 gracia
1296 2014 1337 2052 et
1367 2010 1410 2052 in
1443 2010 1660 2052 dilectione
1692 2010 1757 2052 dei

73 2084 115 2122 et
144 2081 345 2136 proximi3
379 2093 471 2122 ecce
503 2080 742 2132 bonitatem,
775 2094 854 2134 que
887 2085 949 2122 est
980 2085 1140 2123 scutum
1165 2082 1336 2136 spiritus
1360 2082 1503 2123 sancti.
1552 2081 1756 2134 Malignus

73 2164 170 2194 vero
203 2152 374 2207 spiritus
406 2152 449 2194 in
481 2151 589 2194 malo
622 2152 852 2194 obstinatus
885 2152 1026 2194 volens
1059 2166 1243 2208 pugnare
1275 2157 1419 2194 contra
1440 2152 1561 2195 deum
1585 2153 1758 2195 accessit

1785 454 1806 487 5

1790 808 1830 842 10

1788 1163 1830 1196 15

1784 1878 1827 1910 25

74 2221 126 2264 ad
156 2222 386 2276 hominem,
419 2223 461 2265 in
494 2236 573 2277 quo
606 2223 687 2264 tria
718 2227 835 2265 scuta
866 2224 990 2265 trium
1024 2237 1294 2279 personarum
1329 2228 1447 2265 erant
1479 2237 1683 2279 appensa,
1717 2228 1757 2266 et
1780 2235 1826 2268 30

73 2307 199 2336 unum
241 2295 378 2348 tetigit
414 2307 496 2335 non
529 2299 689 2335 scutum
722 2295 853 2349 patris
893 2295 1086 2337 dicentis:
1129 2294 1172 2337 Si
1205 2295 1489 2347 comederitis,
1530 2295 1644 2337 eritis
1684 2309 1756 2350 po-

73 2370 206 2408 tentes
238 2366 346 2408 sicut
375 2365 445 2407 dii.
493 2364 584 2407 Non
617 2369 776 2407 scutum
809 2366 982 2420 spiritus
1014 2367 1160 2419 sancti,
1193 2367 1386 2408 dicentis:
1419 2366 1549 2408 Eritis
1575 2366 1667 2408 boni
1691 2366 1755 2408 vel

73 2441 272 2478 amantes.
331 2435 410 2479 Sed
442 2436 581 2489 tetigit
611 2440 770 2479 scutum
804 2436 898 2490 filii,
931 2438 971 2478 in
1005 2451 1084 2491 quo
1117 2441 1236 2479 erant
1267 2450 1390 2492 poma
1422 2451 1566 2490 aurea,
1599 2437 1756 2480 scilicet

73 2507 262 2563 operacio
294 2507 509 2560 trinitatis,
541 2507 736 2549 dicentis:
771 2507 814 2550 Si
846 2508 1106 2550 comederitis
1139 2508 1290 2550 existo
1322 2508 1471 2561 fructu,
1504 2509 1618 2551 eritis
1649 2508 1755 2551 sicut

72 2578 150 2632 dii,
187 2579 364 2621 scientes
403 2578 554 2620 bonum
597 2582 638 2620 et
677 2579 843 2620 malum.
900 2579 1072 2621 Tactum
1114 2593 1210 2633 ergo
1252 2584 1315 2622 est
1352 2584 1513 2621 scutum
1552 2579 1624 2620 filii
1666 2580 1751 2631 dei3
1778 2590 1822 2624 35

71 2649 163 2692 ideo
196 2649 345 2702 decuit,
378 2653 423 2691 ut
454 2649 554 2690 deus
586 2653 703 2704 pater
725 2650 910 2692 mitteret
939 2649 1082 2703 filium,
1115 2651 1182 2705 qui
1216 2650 1440 2704 malignum
1464 2652 1653 2706 spiritum
1678 2665 1752 2706 pro

72 2719 190 2763 nobis
222 2710 490 2776 expugnaret.
545 2719 662 2762 [llum
702 2721 767 2763 dei
807 2721 933 2763 filium
969 2722 1146 2764 armavit
1177 2736 1259 2763 una
1291 2722 1404 2776 virgo
1437 2721 1565 2764 electa
1596 2721 1753 2764 scilicet

73 2790 194 2834 beata
224 2792 338 2845 virgo
370 2790 522 2844 Maria,
562 2791 612 2833 de
650 2805 731 2846 qua
766 2792 988 2834 humanam
1021 2799 1211 2834 naturam
1253 2793 1498 2847 assumpsit,
1538 2806 1630 2834 cum
1672 2807 1752 2848 qua

72 2875 147 2905 nos
179 2862 230 2905 ad
261 2863 387 2905 vitam
423 2867 604 2905 eternam
638 2862 843 2918 perduxit.
