1919 3157
912 57 996 97 309

120 157 403 201 transfretavit
435 164 475 201 et
507 160 617 202 venit
649 161 689 202 in
723 162 930 204 civitatem
971 175 1087 204 suam
1126 167 1200 204 etc.
1252 163 1318 205 Sic
1358 170 1398 206 et
1429 178 1502 207 nos
1535 166 1569 207 si
1603 166 1788 209 volumus

120 228 160 270 in
193 228 398 271 civitatem
433 230 623 272 celestem
656 233 806 274 venire.
855 233 944 275 Non
977 233 1086 275 enim
1110 233 1304 275 habemus
1329 234 1392 277 hic
1424 240 1656 279 manentem
1690 238 1787 279 civi-

118 302 259 352 tatem,
291 299 382 342 ideo
415 315 579 343 necesse
611 306 672 344 est
704 316 849 345 navem
881 304 1112 346 ascendere.
1168 304 1325 347 Stultus
1349 310 1410 348 est
1433 307 1500 360 qui
1524 307 1642 349 debet
1674 321 1787 351 mare

117 370 294 412 transire
326 375 365 413 et
397 384 475 413 non
509 371 595 414 vult
627 387 770 415 navem
803 375 1032 417 ascendere.
1083 374 1240 417 Stultus
1263 379 1336 429 est,
1371 377 1437 430 qui
1472 377 1592 420 habet
1624 382 1786 434 tempus

117 453 338 494 congruum
373 447 413 484 et
443 441 598 495 differt,
639 445 733 497 quia
775 459 797 486 a
829 459 948 488 mane
988 459 1114 500 usque
1158 446 1207 487 ad
1241 459 1454 500 vesperam
1486 448 1783 492 immutabitur.
1811 455 1832 489 5

118 510 241 554 Stulti
274 516 409 554 autem
444 518 550 566 sunt,
583 515 718 556 nautis
750 515 1021 558 clamantibus
1045 517 1198 558 intrare
1222 515 1426 558 differunt.
1477 518 1620 561 Tercio
1644 533 1786 562 ascen-

116 581 227 624 ditur
263 583 380 625 navis
419 584 468 625 ad
509 586 784 627 mercandum.
838 586 1029 629 Proverb.
1066 586 1230 628 ultimo:
1272 586 1396 629 Facta
1429 592 1490 630 est
1522 591 1637 643 quasi
1669 591 1785 633 navis

114 653 328 695 institoris.
380 653 435 696 Et
467 655 604 697 anima
636 661 777 698 sancta
809 662 870 699 est
901 659 1016 712 quasi
1049 658 1163 699 navis
1186 657 1305 710 bona,
1339 671 1415 712 que
1437 658 1648 702 habundat
1669 661 1785 703 bonis

115 723 156 765 in
189 725 309 766 terris
341 725 496 767 scilicet
529 740 605 780 que
637 732 732 769 sunt
762 729 960 782 gemitus,
994 729 1239 784 suspirium,
1275 733 1518 784 paupertas,
1558 730 1783 786 humilitas,

115 795 284 849 caritas,
325 809 402 850 que
443 797 549 839 bona
581 799 691 840 venit
730 799 919 841 dominus
958 804 1096 841 noster
1136 799 1275 840 Ihesus
1309 798 1495 842 Christus
1535 814 1705 855 querere
1742 804 1785 844 in
1812 809 1855 842 10

114 870 225 908 terra
254 871 409 909 nostra.
462 867 515 909 Et
547 869 707 923 quando
740 870 878 912 anima
909 874 1051 912 nostra
1082 871 1140 911 sic
1173 874 1344 912 onerata
1376 871 1489 912 venit
1521 871 1571 913 ad
1603 877 1783 927 portum,

114 937 268 992 optime
299 938 496 993 recipitur
528 953 551 980 a
583 940 746 982 domino
777 945 897 994 terre,
932 945 972 983 et
994 941 1110 983 bonis
1134 941 1311 996 acceptis
1335 945 1478 983 onerat
1500 942 1611 984 illam
1634 957 1783 986 navem

113 1007 230 1050 bonis
269 1009 402 1064 patrie
439 1009 595 1052 scilicet
632 1011 784 1053 honore
824 1016 864 1054 et
896 1012 1068 1054 diviciis.
1123 1011 1276 1062 Quarto
1316 1012 1552 1055 ascenditur
1581 1014 1699 1056 navis
1732 1014 1783 1056 ad

113 1077 237 1133 [206]
277 1079 540 1135 piscandum,
580 1082 685 1124 sicut
723 1082 882 1125 Petrus.
943 1081 1011 1124 Sic
1049 1082 1244 1125 debemus
1284 1084 1504 1126 ascendere
1542 1098 1689 1127 navem
1731 1085 1783 1127 ad

112 1150 352 1205 piscandum
385 1155 618 1206 peccatores
651 1153 700 1195 de
731 1167 836 1207 aqua
867 1157 1128 1209 peccatorum
1162 1154 1403 1196 attrahendo
1437 1168 1504 1197 eos
1538 1155 1653 1197 bonis
1686 1169 1782 1211 ope·
1810 1163 1853 1197 15

110 1220 224 1264 ribus
257 1226 296 1264 et
327 1222 539 1277 exemplis.
589 1223 822 1266 Cavendum
857 1229 994 1266 tamen
1026 1224 1143 1266 nobis
1176 1229 1250 1278 est,
1283 1239 1334 1268 ne
1356 1226 1389 1267 si
1412 1226 1534 1268 nimis
1556 1226 1658 1268 lucri
1683 1226 1782 1269 alio-

110 1305 201 1334 rum
233 1293 492 1335 intendamus
526 1298 565 1335 et
596 1295 849 1348 negligentes
883 1295 1156 1351 nosmetipsos
1189 1296 1515 1350 submergamus,
1550 1297 1656 1339 sicut
1688 1310 1783 1340 con-

109 1362 232 1416 tingit
263 1363 480 1418 aliquando
513 1365 797 1420 piscatoribus.
852 1366 930 1409 Sed
964 1370 1059 1408 sunt
1079 1366 1198 1408 multi
1220 1380 1301 1409 non
1326 1367 1551 1423 piscatores
1585 1368 1656 1410 sed
1688 1382 1782 1424 pre-

109 1433 248 1487 dones,
282 1435 350 1489 qui
382 1435 615 1478 submersos
648 1442 836 1491 querunt,
870 1451 949 1479 non
983 1442 1028 1479 ut
1049 1450 1117 1479 eos
1141 1437 1331 1492 eripiant,
1364 1438 1436 1480 sed
1458 1442 1503 1480 ut
1524 1442 1658 1481 vestes
1684 1451 1782 1493 que-

108 1509 203 1547 rant
224 1509 276 1558 et,
311 1506 417 1560 quod
441 1507 555 1562 pejus
579 1512 652 1561 est,
684 1508 866 1550 homines
889 1509 1130 1561 navigantes
1154 1512 1322 1563 propter
1345 1509 1477 1564 spolia
1499 1509 1778 1564 submergunt.
1806 1518 1851 1552 20

109 1575 182 1618 Isti
213 1580 253 1619 et
285 1576 502 1632 aliquando
536 1583 643 1632 sunt,
677 1580 745 1633 qui
777 1592 923 1621 navem
957 1579 1020 1621 dei
1052 1579 1271 1632 regendam
1303 1580 1520 1635 recipiunt.
1569 1579 1686 1623 Unde
1719 1585 1782 1624 est

107 1648 347 1702 notandum,
381 1649 487 1703 quod
519 1650 570 1691 ad
602 1649 874 1692 salvacionem
909 1650 1026 1691 navis
1058 1650 1098 1691 in
1132 1663 1281 1703 magna
1302 1654 1548 1706 tempestate
1571 1651 1675 1694 alius
1706 1666 1780 1694 na-

109 1731 200 1761 vem
240 1723 454 1773 exonerat,
495 1719 598 1762 alius
641 1718 821 1775 [aquam]
864 1720 1073 1774 exhaurit,
1117 1720 1221 1763 alius
1261 1721 1483 1764 anchoram
1510 1722 1632 1776 Jacit,
1673 1722 1780 1765 alius

108 1789 241 1832 velum
275 1790 455 1846 deponit,
488 1791 591 1833 alius
624 1791 943 1845 gubernaculum
977 1795 1101 1845 tenet,
1135 1791 1237 1833 alius
1260 1792 1491 1846 navigando
1522 1794 1652 1837 undas
1684 1808 1779 1837 suas

109 1865 286 1916 separat,
319 1865 359 1904 et
390 1863 448 1904 ita
479 1862 614 1904 nullus
648 1867 710 1904 est
741 1863 914 1916 ociosus,
947 1863 1017 1905 sed
1041 1862 1212 1918 quilibet
1235 1863 1284 1905 de
1306 1876 1380 1905 sua
1403 1863 1535 1906 salute
1565 1865 1778 1919 sollicitus,
1804 1874 1849 1908 25

109 1935 150 1975 et
180 1932 238 1974 sic
269 1934 385 1974 navis
417 1933 600 1975 salvatur
631 1939 670 1975 et
701 1947 782 1975 non
814 1934 932 1989 perit.
986 1934 1070 1976 Ista
1100 1934 1372 1989 spiritualiter
1405 1935 1455 1976 ad
1488 1936 1778 1990 temptacionis

108 2003 338 2046 evasionem
372 2004 522 2046 debent
553 2004 617 2046 hic
648 2004 735 2046 fieri
769 2008 809 2046 et
840 2005 899 2046 sic
930 2005 1157 2048 salvabitur
1189 2019 1211 2047 a
1232 2005 1414 2060 periculo
1447 2006 1593 2048 mortis
1626 2009 1777 2049 eterne.

108 2072 188 2116 Sed
227 2075 295 2129 qui
333 2075 375 2116 in
414 2074 549 2129 aliquo
588 2075 798 2129 negligens
830 2076 974 2129 fuerit,
1007 2076 1169 2131 peribit.
1224 2075 1339 2118 Unde
1371 2075 1524 2119 Paulus
1557 2077 1606 2119 ad
1641 2077 1779 2120 Timo-

107 2144 265 2187 theum:
307 2144 384 2195 Qui
422 2145 565 2187 volunt
601 2146 748 2189 divites
786 2146 896 2201 fieri,
936 2147 1122 2189 incidunt
1160 2147 1201 2188 in
1241 2146 1433 2202 laqueum
1474 2148 1626 2190 diaboli
1665 2152 1706 2190 et
1734 2148 1778 2190 in

106 2216 437 2271 temptacionem,
471 2217 509 2257 in
543 2217 755 2259 interitum
790 2222 829 2260 et
860 2218 1150 2273 perdicionem.
1201 2217 1244 2259 Si
1277 2231 1372 2271 ergo
1397 2219 1457 2260 vis
1483 2219 1647 2271 salvari,
1681 2232 1778 2262 exo-
1802 2228 1847 2263 30

105 2299 204 2328 nera
235 2299 304 2328 cor
335 2291 449 2328 tuum
483 2287 656 2341 diviciis,
689 2302 766 2342 que
791 2293 886 2331 sunt
907 2289 1024 2331 valde
1045 2302 1170 2343 grave
1193 2302 1306 2330 onus.
1358 2287 1543 2331 Secundo
1565 2289 1777 2332 humilitas

106 2357 241 2400 anime
272 2371 416 2400 navem
452 2357 660 2412 exhaurit,
702 2372 848 2413 aquam
882 2361 1038 2415 peccati
1069 2360 1209 2413 lingua
1241 2360 1474 2402 evacuando
1507 2364 1547 2403 et
1578 2360 1775 2415 ejiciendo

99 2428 222 2481 juxta
251 2427 350 2470 illud
384 2428 604 2471 Iheremie:
636 2428 812 2472 Effunde
835 2431 940 2473 sicut
962 2444 1109 2485 aquam
1132 2432 1356 2473 cortuum!
1405 2431 1548 2474 Tercio
1581 2435 1775 2487 rupturas

106 2499 293 2542 obstruit.
345 2498 420 2550 Qui
454 2499 561 2541 enim
594 2500 732 2553 timet,
773 2501 837 2543 hic
875 2501 1051 2544 obstruit
1089 2501 1293 2544 foramina
1337 2514 1551 2556 sensuum,
1591 2516 1665 2557 per
1697 2515 1776 2558 que

105 2570 233 2613 intrat
262 2571 304 2612 in
337 2571 515 2612 animam
549 2584 671 2612 mors.
724 2571 804 2614 Iste
845 2575 980 2614 autem
1021 2573 1144 2614 timor
1185 2572 1315 2614 oritur
1355 2586 1404 2615 ex
1444 2573 1776 2616 consideracione
1799 2583 1844 2618 35

107 2641 243 2683 divine
273 2642 460 2697 potencie
493 2645 532 2683 et
556 2642 722 2696 justicie
749 2642 899 2696 judicis
933 2647 973 2685 et
994 2656 1044 2685 ex
1074 2643 1234 2685 defectu
1255 2643 1442 2686 advocati
1466 2644 1528 2686 vel
1549 2644 1775 2687 testimonii

106 2715 147 2754 et
177 2725 227 2755 ex
258 2712 520 2755 multitudine
553 2713 844 2755 accusantium.
898 2713 1014 2756 Unde
1045 2713 1230 2756 Joh.1x:
1272 2714 1316 2757 Si
1347 2715 1543 2757 fortitudo
1577 2714 1773 2770 queritur,

106 2782 298 2825 robustus
329 2788 404 2838 est,
437 2784 471 2825 si
504 2784 663 2838 equitas
689 2784 848 2837 judicii,
880 2798 999 2827 nemo
1032 2785 1155 2828 audet
1184 2799 1258 2841 pro
1284 2799 1348 2828 me
1370 2786 1649 2828 testimonium
1681 2785 1774 2829 red-

109 2852 216 2896 dere.
271 2853 313 2896 Si
347 2854 573 2909 justificare
611 2868 676 2897 me
715 2854 902 2910 voluero,
942 2869 986 2898 os
1023 2870 1159 2899 meum
1199 2857 1472 2913 condempnat
1510 2870 1575 2900 me
1606 2856 1649 2899 in
1679 2869 1774 2900 con-

199 2934 220 2969 5
245 2934 501 2980 immutabitur]
528 2941 612 2982 oriq.
630 2936 812 2970 invitatur.
907 2937 950 2971 37
975 2936 1071 2982 Joh.]
1097 2944 1180 2984 ονιῃ.
1196 2937 1278 2972 Job.
