1949 3162
1009 73 1092 116 608

212 184 411 229 eludendo
443 182 568 225 Cristi
599 181 810 236 passione,
853 193 924 235 per
956 193 1078 234 quam
1112 178 1258 220 salvati
1290 190 1452 230 sumus,
1493 177 1588 230 quia
1618 176 1728 218 nullo
1761 175 1881 217 modo

213 260 347 313 potest
385 255 460 296 hoc
499 254 633 295 facere
674 256 714 294 et
755 265 829 306 per
867 263 1118 305 consequens
1158 262 1233 291 nec
1272 248 1453 289 animam
1493 247 1641 289 habere
1685 247 1719 288 si
1759 259 1884 301 parve

213 326 442 383 penitencie
473 328 513 367 te
546 324 724 377 subjicis.
758 323 813 364 Et
844 322 877 363 si
911 321 969 364 sic
999 321 1157 374 feceris,
1185 320 1313 374 judex
1345 320 1370 360 i.
1394 332 1426 361 e.
1452 318 1650 360 discretus
1677 318 1884 360 confessor

208 399 409 453 judicium
443 399 585 438 contra
616 393 833 450 dyabolum
868 392 982 434 dabit
1013 406 1086 447 per
1108 392 1215 433 viam
1248 390 1477 446 penitencie
1509 393 1554 431 ut
1584 403 1626 431 se
1658 389 1707 431 de
1739 388 1884 431 ceteris

214 474 348 512 tecum
380 481 460 510 non
495 470 676 521 occupet.
732 464 977 506 Studeamus
1009 477 1118 517 ergo.

864 710 967 765 196,
1002 721 1148 763 germ.
1173 708 1242 751 81.

329 822 529 865 Ezechias
575 819 764 873 regnavit
805 817 934 859 Rome
974 817 1042 871 qui
1093 820 1176 859 tres
1215 814 1320 857 filios
1360 814 1525 867 habuit,
1568 827 1668 868 quos
1711 811 1885 854 multum

217 895 373 937 dilexit.
425 893 511 935 Rex
553 905 599 934 ac
636 891 862 946 imperator
900 889 979 930 iste
1016 887 1208 930 continue
1247 886 1359 928 rixas
1399 885 1542 927 habuit
1579 888 1722 927 contra
1751 897 1889 937 regem

218 967 361 1022 Egipti
394 970 434 1008 et
465 964 603 1006 omnia
635 963 741 1005 bona
773 975 847 1003 sua
879 959 1119 1015 expendidit
1150 962 1287 1014 preter
1319 971 1441 999 unam
1481 956 1691 1010 arborem,
1733 969 1810 1010 que
1848 955 1890 996 in

219 1053 261 1080 se
299 1050 491 1091 magnam
530 1034 674 1077 habuit
712 1033 906 1074 virtutem
945 1032 1003 1073 sio
1044 1030 1152 1085 quod
1191 1042 1331 1071 omnes
1371 1027 1523 1070 infirmi
1563 1028 1632 1082 qui
1670 1027 1719 1068 de
1756 1026 1891 1068 fructu

220 1111 304 1164 ejus
338 1107 615 1159 comederunt,
649 1105 866 1147 sanitatem
902 1103 1119 1158 pristinam
1151 1101 1382 1143 habuerunt
1413 1103 1584 1155 excepta
1612 1098 1740 1154 lepra.
1789 1096 1892 1139 Cum

221 1185 358 1223 autem
390 1180 499 1221 idem
531 1191 604 1220 rex
636 1190 764 1231 usque
797 1175 847 1217 ad
879 1178 1053 1216 mortem
1085 1172 1363 1214 infirmaretur
1395 1175 1435 1213 et
1467 1170 1574 1226 quod
1606 1169 1777 1212 evadere
1811 1182 1893 1210 non

219 1256 379 1308 posset,
418 1250 516 1291 fecit
555 1261 701 1290 vocare
740 1245 1058 1302 primogenitum
1100 1244 1258 1285 dicens:
1308 1242 1353 1284 ln
1390 1245 1551 1285 tantum
1588 1245 1628 1284 te
1668 1244 1708 1283 et
1745 1239 1893 1281 fratres

219 1328 312 1366 tuos
359 1321 507 1375 dilexi,
555 1319 663 1375 quod
710 1318 848 1360 omnia
895 1330 971 1371 que
1017 1316 1142 1358 habui
1185 1316 1227 1357 in
1266 1315 1358 1356 rixa
1397 1318 1437 1356 et
1476 1326 1635 1367 gwerra
1674 1310 1895 1367 expendidi

221 1398 359 1450 preter
397 1405 522 1434 unam
564 1390 772 1442 arborem3
814 1389 885 1431 sed
918 1388 1014 1443 quia
1045 1391 1089 1429 tu
1122 1401 1164 1429 es
1196 1386 1493 1442 primogenitus
1526 1398 1640 1427 meus
1672 1383 1722 1425 de
1753 1382 1894 1425 eadem

224 1465 368 1507 arbore
400 1464 474 1506 tibi
507 1463 597 1516 lego
632 1475 750 1504 omne
783 1460 891 1516 quod
923 1462 985 1501 est
1016 1458 1090 1500 sub
1123 1462 1246 1500 terra.
1285 1457 1379 1499 Alio
1412 1470 1506 1498 vero
1537 1456 1619 1498 filio
1652 1458 1794 1497 vocato
1828 1454 1896 1496 de-

223 1537 284 1578 dit
316 1549 435 1577 omne
468 1534 574 1590 quod
608 1537 696 1575 erat
726 1533 767 1574 in
802 1531 1019 1573 altitudine
1052 1533 1092 1572 et
1130 1530 1172 1571 in
1211 1529 1461 1571 summitate.
1515 1527 1657 1569 Tercio
1690 1539 1785 1568 vero
1818 1525 1894 1567 ait:

224 1608 283 1649 Tu
317 1621 358 1649 es
389 1606 497 1647 filius
530 1619 645 1647 meus
679 1604 838 1659 junior3
881 1602 955 1644 tibi
993 1601 1084 1654 lego
1124 1614 1243 1642 omne
1275 1599 1381 1655 quod
1415 1602 1477 1641 est
1508 1599 1660 1640 siccum
1693 1602 1733 1640 et
1762 1596 1897 1639 humi-

224 1679 321 1720 dum
352 1678 394 1719 in
426 1677 499 1719 illa
531 1677 687 1719 arbore.
736 1675 800 1717 Illi
832 1688 927 1716 vero
959 1673 1294 1726 regraciaverunt
1314 1670 1422 1726 patri
1445 1670 1645 1712 dicentes:
1677 1669 1789 1712 Deus
1821 1668 1897 1710 celi

226 1754 266 1792 et
291 1755 409 1805 pater
440 1748 516 1790 celi
548 1752 588 1790 et
619 1751 727 1789 terre
758 1746 962 1788 retribuat
993 1744 1069 1786 tibi
1100 1757 1174 1800 pro
1206 1743 1282 1785 hac
1304 1742 1529 1784 donacione
1551 1742 1677 1783 vitam
1700 1744 1896 1794 eternam,

225 1825 266 1864 et
297 1821 354 1862 sic
387 1820 523 1862 emisit
555 1819 746 1875 spiritum
780 1821 820 1859 et
852 1815 1074 1858 honorifice
1107 1815 1302 1870 sepultus.
1343 1813 1429 1864 Quo
1460 1813 1568 1855 facto
1600 1812 1897 1868 primogenitus

225 1893 334 1948 cepit
365 1891 549 1933 arborem
585 1903 784 1945 occupare
816 1888 912 1943 quia
944 1890 1051 1930 esset
1082 1900 1155 1928 sua
1177 1886 1357 1942 propria.
1395 1885 1484 1927 Hoc
1506 1884 1675 1927 audiens
1697 1882 1898 1925 secundus

225 1963 332 2005 filius
365 1963 489 2016 dixit,
533 1976 612 2017 qua
649 1962 698 2004 de
737 1974 780 2002 re
811 1959 968 2013 lignum
1003 1962 1232 2014 occuparet.
1280 1958 1342 1999 Ao
1373 1957 1461 1999 ille:
1502 1955 1603 1998 Jure
1634 1953 1897 2007 hereditariO,

227 2035 323 2091 quia
353 2038 471 2090 pater
502 2046 617 2075 meus
650 2031 763 2074 dedit
793 2030 894 2072 mihi
926 2030 976 2072 de
1006 2030 1078 2072 illa
1110 2043 1230 2072 omne
1258 2029 1365 2084 quod
1398 2032 1460 2071 est
1491 2028 1565 2070 sub
1597 2030 1707 2069 terra
1738 2029 1779 2068 et
1808 2025 1898 2067 ideo

226 2110 356 2149 totam
389 2105 576 2147 arborem
608 2108 819 2157 tamquam
852 2115 985 2144 meam
1025 2114 1225 2157 occupare
1265 2100 1367 2142 volo.
1422 2099 1494 2141 Ait
1532 2098 1733 2141 secundus
1770 2095 1898 2138 filius:

227 2178 350 2219 Pater
388 2190 502 2219 meus
543 2175 656 2218 dedit
696 2174 797 2215 mihi
838 2173 1118 2215 summitatem
1157 2172 1314 2214 arboris
1354 2174 1394 2214 et
1433 2170 1693 2212 latitudinem
1732 2171 1772 2210 et
1808 2167 1899 2209 ideo

229 2249 350 2291 arbor
390 2252 452 2290 est
490 2260 582 2289 mea
619 2247 661 2288 in
701 2249 861 2287 tantum
901 2245 1006 2287 sicut
1045 2247 1085 2286 et
1123 2247 1206 2286 tua.
1268 2243 1356 2285 Hoc
1394 2242 1562 2284 audiens
1594 2240 1734 2295 junior
1774 2239 1901 2280 frater

230 2321 358 2362 dixit:
392 2318 617 2371 Carissimi,
652 2330 776 2372 quare
810 2316 996 2358 arborem
1029 2315 1162 2369 magis
1183 2314 1308 2356 vultis
1339 2313 1502 2366 habere,
1536 2325 1656 2367 quam
1686 2324 1773 2365 ego,
1806 2309 1903 2364 quia

229 2395 347 2447 pater
377 2404 491 2432 meus
525 2389 638 2431 dedit
669 2388 771 2430 mihi
802 2388 851 2430 de
883 2388 994 2441 ligno
1027 2400 1148 2429 omne
1175 2386 1283 2442 quod
1316 2388 1377 2427 est
1409 2385 1560 2426 siccum
1593 2387 1634 2425 et
1663 2379 1902 2424 humidum?

231 2467 293 2505 est
324 2476 419 2515 ergo
453 2461 572 2503 arbor
603 2461 810 2502 intantum
842 2472 935 2501 mea
967 2459 1072 2500 sicut
1103 2461 1144 2500 et
1177 2460 1324 2500 vestra.
1371 2455 1453 2498 Sed
1473 2455 1610 2498 audite
1631 2467 1709 2507 me,
1741 2453 1902 2506 fratres,

231 2548 282 2576 ne
315 2533 519 2575 discordia
550 2533 657 2574 inter
687 2545 762 2574 nos
795 2530 877 2573 fiat.
918 2530 1073 2572 Eamus
1105 2529 1157 2571 ad
1187 2542 1326 2582 regem
1353 2528 1423 2582 qui
1445 2531 1507 2570 est
1527 2540 1655 2582 prope
1675 2537 1764 2578 nos,
1796 2522 1906 2578 quod

231 2619 306 2648 nos
340 2604 588 2660 judicaverit
628 2603 777 2645 auditis
815 2602 968 2644 nostris
1006 2600 1263 2654 racionibus,
1302 2603 1400 2641 tunc
1439 2598 1566 2640 simus
1598 2595 1790 2640 contenti.
1842 2594 1905 2636 Ac

232 2677 293 2719 illi
325 2677 537 2719 dixerunt:
579 2674 805 2716 Consilium
837 2674 990 2716 bonum
1023 2675 1104 2726 est,
1137 2675 1178 2713 et
1208 2673 1479 2727 perrexerunt
1510 2668 1562 2710 ad
1589 2680 1682 2710 eum
1711 2670 1751 2709 et
1779 2679 1904 2707 unus-

234 2748 406 2803 quisque
437 2747 644 2789 racionem
684 2759 799 2786 suam
837 2745 924 2798 regi
964 2743 1192 2799 proposuit.
1244 2742 1331 2784 Rex
1372 2754 1463 2783 cum
1503 2739 1683 2781 audisset
1719 2737 1904 2779 raciones

235 2833 376 2861 eorum
416 2819 521 2860 dixit
558 2817 857 2873 primogenito:
907 2815 967 2857 Tu
1006 2815 1113 2870 petis
1150 2814 1252 2855 illud
1291 2813 1340 2855 de
1388 2811 1531 2853 arbore
1578 2809 1686 2864 quod
1725 2812 1788 2851 est
1830 2807 1904 2849 sub

235 2893 358 2943 terra,
392 2903 486 2943 ergo
519 2892 681 2944 oportet
713 2890 756 2929 ut
787 2887 979 2941 primitus
1012 2886 1068 2928 sis
1099 2885 1281 2927 minutus
1306 2884 1356 2925 de
1388 2883 1585 2936 sanguine
1616 2880 1675 2922 tui
1707 2879 1903 2935 corporis,

236 2965 277 3003 et
320 2961 417 3003 fecit
455 2960 735 3002 balneatorem
776 2958 1016 3011 sanguinem
1058 2956 1107 2999 de
1147 2956 1291 2999 dextro
1333 2954 1498 2997 brachio
1539 2951 1765 2995 extrahere.
1817 2949 1906 2992 Hoc
