1919 3157
860 76 944 116 399

64 175 291 218 custodiam
315 177 374 218 ori
398 181 466 218 tuo
492 182 534 219 ut
557 178 606 220 (le
628 179 702 220 deo
727 193 805 221 non
830 181 1033 227 attrahas:
1066 182 1152 237 ipse
1184 184 1291 225 enim
1324 186 1463 227 omnia
1493 187 1618 228 novit.
1661 187 1742 229 He-

63 247 211 288 remita
251 247 325 289 hoc
364 248 532 290 audiens
573 251 720 292 cecidit
760 251 809 292 ad
849 251 972 306 pedes
1014 253 1146 304 angeli
1188 259 1228 295 et
1261 257 1420 298 veniam
1456 258 1579 312 peciit
1619 262 1659 300 et
1691 259 1740 300 ad

63 316 370 360 heremitarium
404 321 597 374 perrexit.
647 320 700 362 Et
732 322 862 364 factus
896 327 957 364 est
989 323 1118 365 bonus
1151 325 1410 368 christianus.

738 552 840 593 CM».
866 556 932 594 81.
958 555 1061 605 (ΤΒ.)

84 632 157 678 De
192 634 393 679 mirabili
427 637 579 681 divina
620 639 949 697 dispensatione
986 646 1026 685 et
1060 647 1161 686 orta
1200 641 1317 687 beate?
1354 642 1562 702 Grryorlc'
1594 662 1721 704 pape.

1765 661 1786 694 27!

176 741 336 784 Marcus
369 745 556 797 regnavit
589 746 766 800 prudens
791 747 908 789 valde
932 748 999 802 qui
1024 753 1183 790 tantum
1208 750 1372 791 unicum
1396 750 1525 792 filium
1550 756 1589 793 et
1612 752 1737 794 filiam

59 811 246 865 habebat,
281 826 381 868 quos
414 814 587 857 multum
623 817 786 859 dilexit.
836 817 936 859 Cum
973 833 1066 861 vero
1100 820 1149 861 ad
1184 825 1433 863 senectutem
1470 824 1738 877 pervenisset,

57 882 275 926 infirmitas
307 885 445 938 gravis
477 900 568 928 eum
603 888 897 942 apfnehendit:
931 891 999 943 qui
1032 904 1123 932 cum
1148 891 1331 944 vidisset,
1366 893 1473 947 quod
1497 894 1634 936 vivere
1657 908 1737 936 non

57 959 216 1010 posset,
255 955 352 997 fecit
382 958 518 998 vocari
560 972 700 1000 omnes
740 964 928 1015 satrapas
967 960 1130 1016 imperii
1171 967 1211 1004 et
1243 964 1320 1004 ait:
1362 963 1598 1018 Carissimi,
1633 967 1738 1008 scire

57 1025 234 1078 debetis,
274 1027 382 1080 quod
414 1027 533 1070 hodie
566 1030 756 1084 spiritum
792 1031 866 1073 deo
904 1031 1030 1073 debeo
1071 1033 1260 1085 reddere:
1302 1048 1381 1076 non
1417 1035 1544 1077 habeo
1576 1040 1736 1078 tantum
1768 1044 1808 1078 10

57 1096 284 1152 periculum
318 1098 358 1139 in
393 1099 530 1141 anima
563 1114 674 1153 mea,
717 1102 822 1143 sicut
860 1102 909 1143 de
941 1102 1025 1144 filia
1060 1117 1168 1156 mea,
1211 1105 1316 1159 quod
1350 1120 1439 1147 eam
1474 1107 1737 1150 matrimonio

56 1181 138 1209 non
171 1168 335 1222 tradidi,
369 1174 409 1211 et
441 1170 530 1212 ideo
563 1176 606 1213 tu
638 1172 709 1225 fili,
745 1173 811 1226 qui
848 1187 890 1214 es
924 1173 1040 1216 heres
1075 1189 1201 1226 meus,
1235 1175 1309 1217 tibi
1343 1177 1524 1232 precipio
1548 1178 1623 1220 sub
1646 1193 1738 1221 mea

57 1238 358 1292 benedictione,
400 1246 444 1283 ut
475 1256 563 1283 eam
599 1244 784 1285 maritari
823 1245 951 1286 facias
992 1250 1073 1287 tam
1110 1246 1352 1300 honorifice,
1393 1249 1499 1290 sicut
1530 1249 1666 1303 decet,
1699 1254 1740 1292 et

55 1310 190 1352 medio
222 1315 408 1366 tempore
451 1314 556 1355 sicut
598 1315 775 1369 teipsum
813 1317 922 1357 omni
956 1316 1021 1358 die
1055 1330 1143 1358 eam
1178 1318 1217 1359 in
1252 1318 1404 1360 honore
1437 1319 1600 1362 habeas.
1648 1320 1738 1363 Hiis

55 1380 175 1423 dictis
223 1383 346 1424 vertit
384 1397 427 1425 se
474 1385 524 1426 ad
565 1385 763 1439 parietem
816 1391 856 1428 et
902 1388 1095 1442 spiritum
1143 1389 1291 1431 emisit.
1348 1389 1409 1431 De
1449 1392 1564 1445 cujus
1604 1397 1736 1435 morte
1764 1400 1806 1434 15

55 1451 246 1507 planctus
279 1467 452 1507 magnus
484 1456 615 1497 factus
650 1461 712 1498 est
743 1457 784 1498 in
817 1458 983 1500 civitate
1016 1464 1056 1501 et
1087 1460 1187 1501 satis
1220 1460 1441 1503 honorifice
1473 1475 1566 1504 eum
1600 1464 1736 1518 sepul-

53 1526 144 1565 ture
176 1524 445 1567 tradiderunt.
496 1525 593 1569 Post
624 1527 699 1569 hoc
732 1542 826 1570 vero
859 1529 965 1571 tilius
998 1530 1099 1572 satis
1122 1531 1347 1585 prudenter
1370 1532 1524 1588 incepit
1546 1547 1734 1588 regnare,

53 1607 234 1637 sororem
268 1609 384 1637 suam
424 1597 465 1638 in
499 1599 610 1639 omni
644 1598 796 1641 honore
839 1600 1006 1654 habere,
1050 1616 1172 1655 quam
1206 1603 1309 1644 miro
1342 1604 1463 1645 modo
1496 1604 1642 1646 dilexit
1672 1606 1735 1647 in-

51 1668 234 1719 tantum,
267 1667 374 1721 quod
406 1668 517 1709 omni
549 1668 627 1721 die,
660 1669 756 1712 licet
786 1671 943 1713 nobiles
977 1685 1113 1714 secun]
1146 1678 1283 1715 essent
1311 1675 1349 1715 in
1383 1689 1545 1729 mensa,
1579 1677 1620 1718 in
1653 1690 1735 1719 una

53 1736 247 1779 cathedra
284 1752 333 1780 ex
372 1740 563 1794 opposito
603 1741 688 1793 ejus
728 1742 897 1784 sedebat
934 1747 975 1784 et
1015 1744 1065 1785 ad
1097 1744 1272 1787 invicem
1312 1746 1581 1789 comedebant
1620 1752 1661 1789 et
1690 1748 1733 1790 in
1759 1756 1804 1789 20

55 1808 195 1850 eadem
238 1822 402 1852 camera
440 1810 480 1851 in
521 1810 636 1853 lectis
679 1814 881 1867 separatis
908 1815 1114 1867 jacebant.
1167 1815 1254 1870 [65]
1291 1817 1454 1859 Accidit
1486 1831 1567 1860 una
1598 1823 1731 1873 nocte,

52 1879 158 1933 quod
181 1881 402 1936 temptacio
424 1882 562 1934 gravis
586 1896 677 1924 eum
701 1885 871 1939 accepit,
896 1886 1004 1940 quod
1028 1887 1063 1928 ei
1083 1887 1299 1929 videbatur
1317 1889 1509 1943 spiritum
1529 1890 1730 1943 emittere,

51 1951 131 1992 nisi
162 1964 252 1993 cum
287 1965 427 1994 sorore
458 1966 531 1994 sua
562 1953 773 1996 libidinem
808 1970 925 1998 suam
950 1963 1089 2012 posset
1109 1958 1294 2013 implere.
1338 1959 1400 2002 De
1422 1959 1527 2002 lecto
1550 1961 1732 2003 surrexit

51 2025 92 2064 et
123 2022 175 2064 ad
206 2035 388 2065 sororem
421 2037 538 2065 suam
572 2026 773 2080 perrexit,
817 2041 939 2081 quam
972 2029 1243 2072 dormientem
1277 2031 1435 2073 invenit
1465 2035 1506 2073 et
1537 2032 1733 2074 excitavit

51 2105 154 2135 eam.
202 2093 278 2135 Illa
308 2094 367 2135 sic
398 2095 577 2136 excitata
609 2096 685 2138 ait:
719 2097 752 2139 O
785 2098 962 2152 domine,
997 2100 1047 2142 ad
1081 2101 1178 2155 quid
1212 2102 1360 2143 venisti
1393 2102 1474 2144 ista
1495 2102 1621 2144 hora?
1654 2103 1731 2153 Qui
1758 2109 1803 2143 25

49 2164 282 2219 respondit:
316 2164 404 2206 Nisi
436 2169 568 2207 tecum
603 2166 819 2222 dormiam,
852 2171 996 2212 amitto
1030 2172 1156 2213 vitam
1191 2185 1338 2214 meam.
1382 2173 1467 2223 Que
1500 2174 1576 2215 ait:
1610 2174 1733 2216 Absit

51 2247 75 2276 a
112 2248 178 2277 me
217 2235 299 2278 tale
338 2239 550 2291 peccatum
593 2241 850 2292 perpetrare!
900 2241 964 2282 Ad
1005 2243 1246 2285 memoriam
1292 2244 1493 2297 reducite,
1527 2245 1730 2299 quomodo

50 2310 168 2361 pater
205 2311 344 2349 noster
382 2312 422 2349 te
460 2309 648 2351 oneravit
695 2311 769 2352 sub
810 2326 884 2354 sua
922 2312 1205 2356 benedictione
1246 2319 1341 2357 ante
1382 2320 1554 2358 mortem
1598 2330 1729 2359 suam,

50 2377 157 2431 quod
190 2391 254 2420 me
287 2378 458 2420 haberes
479 2378 522 2419 in
545 2380 655 2421 omni
678 2380 851 2424 honore!
887 2382 930 2425 Si
952 2383 1034 2426 tale
1058 2389 1268 2439 peccatum
1295 2390 1570 2441 perpetrares,
1604 2386 1730 2430 offen-

48 2448 204 2492 sionem
244 2449 309 2491 dei
346 2463 427 2491 non
469 2449 662 2493 evaderes
702 2465 776 2494 nec
816 2453 1025 2496 hominum
1060 2456 1354 2498 confusionem.
1403 2458 1460 2499 At
1490 2458 1578 2500 ille:
1621 2458 1728 2509 Quo·
1754 2465 1799 2500 30

49 2520 332 2574 modocunque
370 2520 461 2574 fiat,
510 2521 761 2564 voluntatem
801 2538 935 2566 meam
982 2526 1230 2582 adimplebo.
1285 2527 1495 2570 Dormivit
1533 2542 1624 2570 cum
1666 2543 1725 2571 ea.

48 2589 135 2633 Hoc
171 2591 279 2633 facto
319 2591 370 2633 ad
401 2592 615 2647 proprium
655 2597 829 2636 stratum
870 2596 1011 2649 rediit,
1053 2597 1190 2651 puella
1230 2612 1325 2641 vero
1366 2613 1505 2641 amare
1536 2599 1649 2641 flevit
1688 2610 1729 2642 et

47 2661 250 2704 consolari
281 2661 459 2715 nolebat,
492 2663 716 2718 imperator
738 2679 834 2707 vero
857 2671 1055 2720 quantum
1079 2669 1213 2722 potuit
1234 2669 1431 2712 solacium
1457 2671 1492 2712 ei
1515 2670 1726 2725 prebebat,

48 2735 89 2773 et
118 2733 222 2774 miro
255 2732 375 2774 modo
416 2734 548 2787 magis
581 2748 628 2776 ac
660 2736 790 2789 magis
833 2750 920 2778 eam
955 2737 1111 2780 dilexit.
1160 2738 1259 2781 Post
1290 2740 1366 2783 hoc
1398 2754 1493 2782 vero
1526 2741 1635 2783 circa
1667 2741 1726 2783 di-

48 2801 218 2845 midium
252 2817 402 2846 annum
436 2804 508 2846 illa
540 2805 580 2846 in
613 2806 807 2848 cathedra
839 2807 1008 2850 sedebat
1039 2809 1080 2850 in
1115 2823 1269 2864 mensa,
1303 2815 1343 2853 et
1374 2812 1502 2853 frater
1525 2812 1611 2865 ejus
1635 2826 1723 2854 eam
1751 2820 1797 2855 35

47 2870 191 2916 intime
230 2876 394 2931 aspexit
429 2881 469 2918 et
501 2877 578 2919 ait:
627 2876 873 2932 Carissima,
907 2879 1004 2933 quid
1036 2879 1110 2922 tibi
1142 2881 1230 2923 est?
1276 2881 1370 2923 Jam
1404 2883 1528 2924 facies
1561 2886 1632 2925 tua
1664 2887 1727 2926 est

139 2954 184 2989 32
209 2956 374 3001 stratum]
400 2963 486 3003 oriq.
504 2961 649 2992 statum.
