1954 3137
1004 57 1062 99 42

579 197 650 231 lx.
691 195 782 231 Cod.
803 195 1051 240 Guelferbyt.
1071 194 1236 239 August.
1256 196 1314 242 76,
1334 197 1391 243 27,
1418 196 1489 232 fol.

670 268 723 302 Bl.
746 269 843 302 176α
860 288 899 292 ——
918 267 1026 301 2201„
1065 266 1145 302 XV.
1166 266 1219 313 jh.
1257 268 1302 302 93
1320 278 1399 313 cap.

307 364 458 420 Incipit
490 377 756 406 romanorum
790 363 977 419 hystoria
1008 363 1171 405 mistice
1209 363 1437 418 designata.
1492 364 1699 421 Explicit:
1738 363 1793 406 Et
1823 364 1883 407 sic

187 438 249 477 cst
280 434 385 477 finis.
438 434 610 478 Stimmt
641 435 703 477 bis
737 449 825 490 cap.
853 435 907 475 85
940 435 983 476 in
1016 434 1088 476 der
1119 434 1372 490 reihenfolge
1404 436 1476 478 der
1509 436 1652 478 stiicke
1686 435 1882 478 vollstan-

186 506 256 559 dig
288 507 364 548 mit
388 506 481 558 VII3
525 519 614 562 cap.
641 507 695 547 85
728 506 831 549 fehlt
863 506 975 560 dort,
1019 506 1204 560 dagegen
1244 507 1348 549 fehlt
1385 507 1474 550 hier
1505 520 1593 562 cap.
1619 508 1670 549 91
1707 520 1787 550 von
1808 507 1882 549 VII

187 576 456 631 (Schiessen)‚
497 591 541 619 so
575 577 664 620 dass
699 578 764 620 (116
798 577 890 619 zahl
924 577 996 619 der
1028 591 1248 619 nummern
1291 578 1472 621 dieselbe
1512 578 1642 620 bleibt
1684 578 1767 620 und
1804 591 1882 621 nur

186 662 264 690 von
288 662 378 704 cap.
399 649 454 690 85
476 648 539 691 bis
563 649 614 690 91
644 649 736 692 61116
759 648 956 692 differenz
990 649 1033 690 in
1063 648 1136 691 der
1158 649 1339 704 zahlung
1360 650 1609 692 vorkommt.
1658 649 1736 692 Die
1760 649 1882 692 iiber-

185 720 383 762 schriften
424 720 517 762 sind
557 720 754 763 meistens
797 720 1159 773 umgeschrieben‚
1200 720 1302 763 auch
1343 721 1409 763 die
1445 734 1596 763 namen
1634 719 1772 775 haufig
1810 720 1882 763 ab·

185 791 408 833 weichend.

218 876 254 916 1.

215 1018 253 1059 2.

214 1162 253 1202 3.

212 1304 252 1355 4,.

215 1591 253 1632 6.

215 2021 253 2061 9.

188 2163 253 2204 10.

189 2306 254 2347 11.

190 2449 255 2490 12.

190 2592 254 2632 13.

189 2734 254 2775 14.

190 2875 255 2917 15.

302 874 365 917 De
403 874 536 917 milite
575 875 644 930 qui
685 874 736 917 ad
776 874 1124 930 peregrinandum
1165 875 1374 930 profectus
1409 879 1482 918 est.
1539 875 1773 918 Dorotheus
1805 875 1881 917 im-

303 950 471 1002 perator
504 947 662 989 statuit.
713 946 856 995 (Vater
888 946 988 988 oder
1020 949 1173 988 mutter
1206 946 1374 1000 folgen.)
1422 946 1493 988 lat.
1521 948 1586 989 14.

302 1017 365 1060 De
396 1019 594 1072 gorgonio
637 1022 678 1060 et
716 1031 845 1060 uxore
877 1031 951 1059 sua
985 1022 1025 1060 et
1054 1017 1151 1059 filio.
1207 1017 1440 1072 Gorgonius
1479 1018 1670 1072 regnavit
1708 1018 1751 1060 in
1783 1017 1882 1060 civi-

302 1093 386 1131 tate
417 1103 519 1131 rom.
570 1090 713 1141 (Vater
744 1089 895 1142 heilen,
929 1092 1083 1131 mutter
1115 1089 1260 1140 nicht.)
1309 1089 1379 1131 lat.
1407 1090 1502 1132 112.

303 1160 365 1203 De
412 1164 673 1203 tornamento
721 1164 761 1203 et
808 1160 1044 1203 hastiludio.
1110 1160 1308 1216 Adonyas
1355 1161 1547 1215 regnavit
1592 1160 1707 1203 dives
1748 1159 1879 1203 valde.

302 1232 527 1284 (Turnier.)
576 1232 646 1274 lat.
676 1233 771 1274 113.

301 1303 364 1345 De
395 1317 491 1357 rege
524 1304 592 1359 qui
624 1317 797 1358 regnum
832 1317 953 1346 suum
984 1302 1068 1345 filio
1102 1317 1175 1345 suo
1208 1303 1381 1359 pigriori
1415 1303 1632 1359 disposuit.
1681 1302 1881 1346 Polimius

301 1375 343 1416 in
376 1376 542 1418 civitate
575 1375 795 1418 babilonie.
845 1375 947 1428 (Der
979 1374 1161 1427 faulste.)
1210 1374 1281 1417 lat.
1307 1375 1375 1417 91.

302 1447 365 1489 De
387 1447 579 1489 basilisco
613 1451 654 1489 et
676 1447 856 1503 speculo.
906 1446 1160 1489 Allexander
1182 1447 1372 1500 regnavit
1404 1447 1473 1502 qui
1497 1446 1738 1489 dominium.
1787 1445 1882 1499 (Ba-

303 1518 452 1570 silisk.)
501 1518 572 1561 lat.
600 1520 695 1561 139.

302 1590 364 1632 Ι)6
386 1590 546 1632 ciconia
568 1590 768 1632 adultera.
819 1590 993 1641 Quidam
1027 1589 1146 1632 miles
1178 1589 1258 1632 fuit
1290 1589 1358 1644 qui
1390 1589 1536 1632 habuit
1557 1592 1739 1632 castrum
1760 1589 1880 1632 forte.

304 1661 545 1713 (Storchin.)
594 1661 666 1704 lat.
692 1662 760 1704 82.

301 1733 364 1775 De
397 1733 638 1787 sarchofago
671 1733 853 1775 invento.
911 1732 1122 1775 Adrianus
1154 1733 1344 1786 regnavit
1375 1732 1491 1774 dives
1523 1731 1656 1775 valde.
1713 1731 1883 1785 (Sarko-

303 1805 444 1860 phag.)
491 1804 563 1846 lat.
592 1806 658 1846 16.

302 1876 366 1918 De
398 1876 587 1931 principe
626 1876 695 1931 qui
728 1889 810 1918 non
849 1876 984 1931 potuit
1016 1875 1211 1918 resistere
1243 1875 1328 1917 suis
1359 1875 1552 1918 inimicis.
1609 1875 1672 1918 De
1703 1874 1882 1930 quodam

302 1948 504 2003 principe.
556 1947 692 1997 (Wein
725 1948 949 2001 vergiftet.)
996 1947 1067 1989 lat.
1093 1947 1161 1988 88.

302 2019 365 2061 De
397 2019 706 2061 consuetudine.
764 2019 850 2061 Rex
885 2019 1052 2073 quidam
1094 2018 1239 2061 habuit
1277 2022 1361 2061 tres
1393 2017 1513 2060 filios.
1570 2018 1695 2070 (Drei
1727 2017 1881 2072 tinge.)

302 2090 374 2132 lat.
400 2091 468 2132 89.

305 2162 367 2204 De
391 2162 560 2204 obtenta
581 2162 881 2204 misericordia.
930 2162 1084 2204 Narrat
1104 2161 1310 2204 Eusebius
1341 2161 1384 2203 in
1407 2160 1596 2203 cronicis.
1640 2159 1881 2214 (Coriolan.)

303 2233 374 2275 lat.
403 2234 499 2275 137.

307 2305 369 2347 De
393 2305 610 2360 peregrino
635 2309 675 2347 et
696 2308 920 2360 pugnante.
955 2304 1139 2355 Quedam
1162 2304 1312 2346 nobilis
1332 2304 1456 2346 vidua
1476 2303 1728 2360 paciebatur.
1762 2302 1882 2356 (Stab

304 2376 389 2418 und
421 2376 592 2429 tasche.)
640 2376 711 2418 lat.
736 2376 804 2418 25.

305 2447 367 2490 De
399 2461 516 2502 rege,
556 2447 819 2490 seneschalco
853 2451 893 2489 61
923 2446 1010 2489 filia
1040 2447 1164 2501 regis.
1221 2446 1426 2489 Narratur
1458 2446 1567 2501 quod
1604 2446 1773 2501 quidam
1804 2445 1881 2488 im-

304 2524 485 2575 perator.
536 2518 862 2571 (Kaisertochter
895 2519 977 2560 und
1009 2518 1254 2570 seneschal.)
1302 2531 1430 2572 germ.
1458 2519 1523 2560 11.

304 2591 367 2633 Dc
399 2591 541 2645 iniquo
575 2591 728 2644 judice.
784 2590 888 2632 Erat
926 2590 1094 2645 quidam
1134 2590 1362 2646 imperator
1394 2590 1464 2644 qui
1496 2589 1654 2631 statuit.
1711 2587 1882 2642 (Schin-
1917 2588 1921 2590 ’

305 2662 415 2713 den.)
462 2661 533 2704 lat.
559 2662 628 2703 29.

304 2733 367 2775 Ι)6
405 2732 630 2775 honoribus
678 2731 845 2773 victoris
885 2736 926 2774 et
965 2732 1178 2774 molestiis.
1242 2732 1416 2783 Quidam
1456 2732 1683 2787 imperator
1721 2731 1879 2774 statuit.

306 2803 558 2860 (Triumph.)
605 2804 676 2845 lat.
702 2804 770 2845 30.

304 2874 367 2917 De
399 2879 532 2917 morte
565 2874 823 2917 Allexandri.
881 2874 945 2917 De
976 2878 1110 2917 morte
1142 2874 1373 2917 allexandri
1413 2887 1507 2916 cum
1544 2873 1758 2929 sepultura
1795 2873 1882 2928 ejus

306 2946 434 2989 fieret.
485 2946 761 2997 (Alexanders
794 2945 1047 3000 begrabnis.)
1094 2946 1165 2988 lat.
1190 2947 1258 2988 31.
