1929 3157
35 322 103 363 24.

35 462 102 504 25.

34 604 101 646 26.

32 746 99 789 27.

30 888 97 931 28.

29 1030 96 1073 29.

27 1172 94 1215 30.

25 1314 93 1356 31.

24 1456 91 1498 32.

23 1598 90 1640 33.

22 1740 89 1783 34.

21 1883 87 1925 35.

19 2025 86 2068 36.

17 2167 84 2210 37.

15 2309 83 2352 38.

15 2451 82 2494 39.

13 2736 82 2778 41.

12 2877 80 2933 42.

834 86 914 128 123

155 179 281 234 Gajus
321 186 506 236 regnavit
545 187 585 228 111
624 189 790 233 civitate
828 205 996 235 romana
1036 195 1214 250 prudens
1255 198 1371 242 valde
1409 201 1449 243 in
1482 203 1596 257 eujus
1629 205 1704 246 im—

154 252 279 307 perio.
329 254 611 308 (Florentiua.)
659 260 727 304 lat.
754 263 820 304 62.

152 322 404 368 Theodosius
437 328 477 369 111
510 329 674 374 civitate
707 346 876 377 romana
908 338 1095 390 regnavit
1127 339 1305 394 prudens
1338 342 1453 386 valde
1476 344 1544 398 qui
1565 344 1702 388 lumen

151 394 373 438 oculorum.
421 397 753 455 (Riigenglocke.)
805 405 873 448 lat.
903 409 995 449 105.

151 463 427 521 Vespasianus
460 469 500 511 iu
533 472 698 516 civitate
730 488 900 519 romana
931 480 1119 532 regnavit
1150 481 1217 535 qui
1246 480 1371 525 filiam
1396 484 1607 539 pulchram
1631 486 1702 529 ha—

150 534 282 579 bebat.
331 538 560 589 (Ariadne.)
608 543 678 586 lat.
706 546 772 587 sst-i.

148 604 251 649 Erat
289 609 454 663 quidam
488 625 559 653 rex
592 615 847 659 consciencia
879 624 1013 662 motus
1047 621 1097 663 ad
1130 626 1281 664 terram
1316 629 1497 667 sanctam
1531 641 1701 682 pergere

149 677 322 721 volebat.
372 680 759 736 (Lowenhochzeit.)
808 702 901 745 app.
927 691 994 732 ⁶20.

148 747 321 798 Quidam
361 751 478 794 miles
512 759 599 796 erat
632 757 699 810 qui
733 771 856 814 super
888 762 1026 803 omnia
1057 764 1198 806 venari
1231 765 1387 809 dilexit.
1442 768 1605 811 Accidit
1635 770 1700 813 die

147 832 239 861 una.
289 822 566 875 (Androclus)
613 826 682 869 lat.
712 830 804 871 104.

146 889 318 940 Quidam
352 906 424 935 rex
455 899 543 937 erat
566 898 634 951 qui
656 898 848 942 thaurum
871 903 1089 945 candidum
1112 904 1289 949 habebat
1309 921 1428 962 quem
1453 910 1556 952 miro
1579 911 1698 954 modo

145 961 300 1004 dilexit.
350 964 532 1018 (Argus.)
580 967 649 1009 lat.
678 972 772 1012 111.

143 1031 314 1085 Legitur
352 1035 516 1089 quidam
559 1037 700 1081 habuit
741 1041 898 1085 leonem
940 1057 1030 1087 cum
1070 1045 1265 1102 leopardo
1298 1063 1398 1104 quos
1431 1051 1606 1095 multum
1637 1053 1697 1095 di-

143 1102 254 1145 lexit.
303 1103 492 1158 (Lowin.)
540 1108 609 1150 lat.
638 1111 730 1153 181.

143 1173 409 1219 Domicianus
442 1180 629 1232 regnavit
662 1183 841 1237 prudens
875 1185 992 1229 valde
1023 1200 1071 1230 ac
1102 1201 1175 1243 per
1207 1191 1346 1233 omnia
1370 1192 1508 1246 justus
1539 1193 1582 1235 in
1605 1198 1696 1236 tan-

141 1248 241 1287 tum.
289 1246 405 1297 (Drei
438 1250 673 1294 weisheiten
706 1256 961 1308 verkaufen.)
1007 1258 1078 1300 lat.
1107 1260 1200 1301 103.

143 1315 354 1371 Trayanus
394 1319 436 1361 in
477 1321 642 1365 civitate
680 1338 852 1369 romana
889 1330 1077 1382 regnavit
1116 1331 1185 1385 qui
1222 1332 1327 1374 miro
1359 1334 1479 1376 modo
1510 1337 1696 1391 pomeria

141 1390 263 1429 ortos.
315 1389 441 1440 (Eber
473 1392 577 1435 ohne
608 1394 737 1447 herZ.)
783 1397 853 1440 lat.
882 1399 948 1441 83.

138 1458 347 1503 Adrianus
379 1465 567 1516 regnavit
599 1466 667 1520 qui
701 1467 814 1510 dives
849 1474 936 1512 erat
967 1471 1084 1514 valde
1115 1473 1158 1515 in
1191 1477 1350 1516 tantum
1383 1476 1491 1530 quod
1522 1477 1600 1520 sibi
1623 1478 1692 1522 ba-

139 1529 310 1573 silicam.
360 1532 652 1590 (Sarkophag.)
699 1538 769 1581 lat.
798 1541 862 1582 16.

138 1600 342 1645 Antonius
380 1604 421 1646 in
462 1606 628 1650 civitate
660 1622 832 1652 romana
862 1614 1050 1666 regnavit
1081 1615 1150 1669 qui
1181 1619 1265 1658 tres
1298 1617 1470 1661 virtutes
1502 1619 1689 1664 habebat.

139 1671 301 1727 (flemd,
334 1674 421 1717 drei
454 1676 563 1730 zoll.)
610 1679 680 1722 lat.
706 1681 772 1723 64.

135 1741 355 1799 Pompejus
392 1746 434 1788 111
474 1761 591 1791 roma
628 1753 816 1805 regnavit
855 1754 895 1795 in
937 1755 1051 1809 cujus
1087 1756 1260 1813 imperio
1293 1763 1381 1802 erat
1412 1761 1587 1814 quedam
1619 1762 1689 1805 do-

138 1814 261 1856 mina.
309 1815 483 1870 (Falke.)
530 1819 600 1862 lat.
626 1822 693 1864 84.

135 1883 358 1929 Polomena
388 1891 577 1943 regnavit
607 1893 720 1936 dives
754 1895 871 1938 valde
902 1897 945 1939 in
974 1898 1088 1952 cujus
1110 1911 1234 1953 regno
1258 1904 1346 1943 erat
1365 1902 1532 1957 quidam
1555 1905 1684 1948 miles.

135 1955 415 2012 (Wachsbild.)
461 1961 531 2003 lat.
558 1964 651 2005 102.

133 2025 284 2071 Lucius
322 2033 510 2084 regnavit
545 2034 587 2075 in
619 2049 735 2079 roma
766 2039 945 2093 prudens
978 2040 1097 2083 valde
1129 2042 1197 2095 qui
1229 2042 1407 2086 habebat
1436 2043 1562 2088 filiam
1595 2047 1686 2102 pul-

133 2097 390 2143 cherrimam.
441 2103 775 2162 (Fleischpfand.)
822 2123 948 2163 germ.
973 2112 1040 2153 68.

131 2169 234 2212 Erat
272 2173 438 2226 quidam
479 2176 703 2231 imperator
739 2179 782 2220 in
813 2181 927 2234 cujus
958 2182 1131 2237 imperio
1164 2188 1281 2227 erant
1311 2185 1390 2228 duo
1420 2186 1601 2231 latrones
1633 2190 1684 2232 ad

132 2240 319 2284 invicem.
368 2244 658 2299 (Biirgschaft.)
705 2249 775 2292 lat.
803 2252 897 2294 108.

130 2310 292 2363 Marcus
323 2317 511 2369 regnavit
540 2319 719 2374 prudens
754 2322 869 2364 valde
901 2324 971 2378 qui
1001 2327 1161 2367 tantum
1192 2326 1357 2369 unicum
1379 2327 1508 2372 filium
1531 2334 1571 2373 et
1593 2333 1682 2375 uni-

131 2395 220 2425 cam
251 2383 378 2428 filiam
410 2387 597 2432 habebat.
648 2390 916 2445 (Gregorius.)
963 2394 1033 2437 lat.
1058 2396 1124 2438 81.

128 2453 232 2496 Erat
267 2457 440 2510 quedam
473 2474 620 2515 ymago
653 2462 695 2504 in
727 2463 891 2507 civitate
922 2465 1106 2509 Romana
1137 2481 1214 2522 que
1245 2468 1383 2512 stabat
1412 2473 1534 2515 rectis
1566 2474 1680 2529 pedi-

129 2524 216 2567 bus.
265 2526 451 2577 (Percute
483 2530 577 2583 hic.)
623 2532 693 2574 lat.
722 2534 814 2576 107.

130 2595 237 2638 Olim
270 2603 388 2641 erant
418 2604 501 2642 tres
533 2603 631 2644 socii
665 2604 734 2657 qui
767 2605 818 2647 ad
851 2608 1194 2661 peregrinandum
1227 2612 1465 2666 pergebant.
1516 2614 1680 2658 Accidit

129 2671 277 2710 autem.
326 2669 628 2725 (Traumbrod.)
675 2674 744 2717 lat.
772 2677 864 2718 106.

128 2736 279 2781 Lucius
324 2743 514 2794 regnavit
556 2744 625 2798 qui
665 2747 810 2789 statuit
846 2761 920 2803 pro
960 2748 1050 2803 lege
1089 2752 1195 2806 quod
1235 2753 1465 2808 quicunque
1504 2768 1676 2811 puerum

126 2809 325 2864 Alicujus.
374 2811 564 2866 (Gnade.)
610 2829 737 2870 germ.
763 2818 830 2860 34.

127 2880 334 2924 Adrianus
366 2885 555 2938 regnavit
586 2887 627 2928 in
660 2888 826 2931 civitate
856 2903 1027 2933 romana
1059 2893 1127 2947 qui
1148 2894 1292 2936 statuit
1312 2908 1387 2950 pro
1408 2894 1508 2950 lege.
1558 2897 1675 2949 (Ker-

125 2951 430 3009 kergespr'ach.)
477 2955 548 2998 lat.
573 2957 640 2999 86.
