1919 3157
858 42 942 82 665

65 162 185 204 quam
227 149 379 191 habuit.
435 148 476 190 Si
518 162 612 191 vero
645 153 840 203 sequatur
872 153 925 201 te,
959 147 1162 190 absconde
1195 151 1234 190 te
1267 148 1307 189 in
1341 161 1448 201 aqua
1479 147 1743 190 contricionis

65 220 139 262 sub
170 225 292 275 ponte
325 221 508 262 raritatis
541 234 586 262 ac
616 220 927 274 satisfaccionis,
961 223 1002 262 et
1033 219 1091 261 sic
1122 218 1322 274 dyabolus
1355 232 1576 272 numquam
1610 222 1649 260 te
1683 218 1743 259 in-

66 291 212 334 veniet.
248 292 359 333 Sciat
391 306 486 344 ergo
519 291 691 346 quilibet
713 296 916 347 peccator,
949 290 1055 345 quod
1080 303 1201 345 quam
1236 290 1304 331 diu
1337 290 1377 331 in
1402 294 1568 345 peccato
1592 293 1743 342 manet,

66 367 127 405 est
158 363 198 405 in
231 363 341 405 scola
372 362 549 418 dyaboli,
583 366 623 404 et
654 376 727 418 per
758 375 1010 417 consequens
1042 362 1085 403 in
1107 360 1331 403 offensione
1353 361 1507 414 divina,
1540 361 1746 416 relinquat

66 447 161 488 ergo
194 434 343 476 scolam
379 434 488 476 illam
524 439 564 476 et
595 434 726 486 fugiat
758 433 808 475 ad
842 434 967 475 vitam
1002 437 1197 475 eternam.

735 685 835 740 261,
869 698 974 740 app.
999 686 1074 728 65.

183 786 361 829 Basilius
401 787 500 829 dicit
531 787 572 829 in
611 800 854 840 exameron,
888 786 995 841 quod
1037 786 1212 841 quedam
1257 785 1385 828 bestie
1426 789 1523 827 sunt
1561 784 1747 827 ordinate

67 859 117 901 ad
148 858 417 901 laborandum
449 862 489 901 et
519 872 600 900 non
633 858 771 900 valent
803 857 853 900 ad
885 857 1193 900 comedendum.
1255 856 1369 898 Sicut
1407 869 1557 910 equus,
1598 855 1746 910 mulus,

67 931 219 973 asinus.
274 929 368 972 Alie
407 930 536 972 bestie
574 934 670 972 sunt
709 929 896 972 ordinate
937 929 988 971 ad
1027 928 1322 971 comedendum
1366 930 1406 969 et
1447 926 1572 969 nichil
1610 926 1749 969 valent

68 1001 119 1044 ad
149 1001 418 1044 laborandum
452 1001 557 1044 sicut
589 1014 697 1055 oves,
730 1001 858 1056 porci,
891 1000 1055 1054 galline,
1090 1013 1202 1053 ance,
1235 1012 1430 1055 pavones,
1477 997 1593 1040 Sicut
1623 998 1746 1041 etiam

68 1072 146 1115 alie
177 1072 306 1115 bestie
339 1086 417 1128 que
448 1072 573 1115 nichil
591 1072 729 1115 valent
759 1085 834 1114 nec
865 1071 916 1114 ad
949 1071 1245 1115 comedendum
1278 1083 1354 1113 nec
1386 1070 1437 1112 ad
1462 1069 1748 1123 laborandum,

67 1143 138 1186 sed
161 1144 211 1186 ad
233 1144 399 1186 domum
424 1144 749 1197 custodiendam,
772 1143 1029 1199 purgandam
1062 1148 1108 1185 ut
1139 1156 1275 1196 canes,
1308 1141 1427 1193 catti3
1460 1154 1582 1183 canes
1614 1144 1749 1183 custo-

67 1215 198 1269 diunt,
230 1216 328 1258 catti
361 1220 551 1272 purgant.

186 1287 403 1329 Reduc-vio.
448 1287 686 1341 Karissimi,
720 1286 860 1329 eodem
894 1285 1015 1328 modo
1057 1288 1119 1328 est
1150 1285 1200 1327 de
1231 1283 1487 1336 hominibus,
1520 1283 1648 1338 aliqui
1681 1296 1749 1325 va-

68 1358 154 1401 lent
185 1372 258 1414 pro
292 1372 370 1400 uno
404 1359 575 1401 servicio
609 1363 649 1400 et
679 1372 762 1400 non
795 1371 868 1414 pro
891 1357 985 1400 alio.
1032 1356 1183 1411 Alique
1208 1356 1337 1399 bestie
1370 1359 1548 1411 querunt
1579 1355 1748 1411 predam

68 1429 117 1472 de
149 1429 214 1472 die
246 1431 351 1472 sicut
391 1430 548 1486 aquila,
589 1429 725 1485 alique
749 1429 799 1471 de
830 1433 949 1471 nocte
980 1428 1086 1471 sicut
1117 1428 1274 1484 vulpes,
1305 1427 1427 1483 lupus
1461 1431 1502 1470 et
1533 1426 1669 1482 alique
1700 1426 1751 1469 de

69 1501 133 1544 die
180 1505 220 1544 et
265 1506 383 1544 nocte
429 1502 535 1544 sicut
580 1502 692 1544 catti.
754 1500 816 1543 Ita
862 1504 924 1543 est
962 1500 1012 1543 de
1054 1499 1258 1555 aliquibus
1300 1499 1506 1553 magnatis
1547 1498 1615 1553 qui
1655 1502 1752 1541 sunt

69 1573 225 1628 aquile,
266 1574 435 1630 capiunt
473 1577 613 1629 aperte
653 1573 702 1616 de
741 1571 888 1628 quibus
919 1571 1011 1614 Job.
1035 1572 1168 1626 xxij⁰t
1207 1570 1449 1613 habundant
1485 1569 1752 1612 tabernacula

69 1645 295 1700 predonum
329 1649 369 1688 et
401 1645 595 1688 audacter
626 1647 852 1700 provocant
882 1647 929 1686 ut
959 1643 1048 1699 ipse
1080 1643 1122 1685 in
1146 1656 1292 1684 manus
1322 1655 1464 1684 eorum
1496 1641 1637 1683 omnia
1667 1641 1750 1684 vim

67 1717 252 1760 fecerunt
298 1717 569 1773 depredantes
613 1715 792 1772 pupillos
839 1718 881 1757 et
917 1714 1064 1769 vulgus
1102 1727 1331 1770 pauperum
1379 1712 1664 1769 spoliaverunt
1701 1713 1752 1756 de

69 1788 318 1842 civitatibus,
350 1789 536 1831 fecerunt
566 1789 676 1830 viros
708 1800 872 1841 gemere
904 1790 945 1829 et
983 1786 1119 1828 anime
1151 1784 1481 1838 vulneratorum,
1515 1783 1752 1839 clamabunt

69 1860 118 1902 ad
160 1860 281 1903 deum
329 1863 369 1903 et
414 1859 513 1902 deus
559 1860 600 1902 in
634 1859 747 1901 vultu
781 1859 894 1901 abire
940 1871 1022 1900 non
1070 1857 1267 1913 pacietur.
1332 1854 1428 1911 Sap.
1453 1862 1509 1898 x0.
1574 1854 1753 1897 Stabunt

63 1932 165 1986 justi
206 1935 280 1974 etc.
343 1931 480 1974 Bestie
527 1945 604 1986 que
645 1935 821 1986 querunt
859 1930 909 1973 de
946 1933 1066 1971 nocte
1104 1931 1200 1970 sunt
1236 1927 1417 1970 latrones
1457 1931 1498 1970 et
1535 1926 1749 1969 luxuriosi.

70 2002 184 2046 Sicut
215 2003 315 2045 dicit
344 2002 435 2045 Job.
472 2017 543 2058 per
564 2007 723 2046 noctem
749 2002 828 2045 erit
844 2001 962 2057 quasi
982 2001 1049 2043 sur
1070 2000 1110 2043 in
1134 1999 1328 2053 tenebris,
1352 1998 1589 2054 perfodiunt
1609 1998 1751 2041 domos

71 2074 208 2118 oculos
241 2074 416 2117 adulteri
449 2075 640 2117 observat
671 2074 888 2128 caliginem
920 2073 1083 2115 dicens:
1122 2070 1213 2113 Non
1253 2084 1318 2113 me
1352 2070 1507 2113 videbit
1538 2069 1678 2112 oculus
1711 2073 1752 2112 et

69 2146 204 2202 aperit
242 2146 399 2188 vultum
438 2160 569 2188 suum.
629 2145 694 2188 Ps.
734 2145 880 2188 Nonne
919 2144 988 2200 qui
1025 2143 1147 2186 finxit
1184 2142 1346 2185 oculum
1384 2155 1467 2183 non
1504 2141 1749 2183 considerat.

69 2218 162 2261 Alie
195 2217 323 2260 bestie
363 2230 440 2272 que
471 2217 640 2272 capiunt
679 2217 728 2259 de
761 2216 827 2259 die
865 2220 907 2259 et
944 2218 1063 2258 nocte
1102 2214 1207 2257 sicut
1245 2213 1359 2267 catti,
1393 2213 1495 2255 tales
1531 2217 1628 2255 sunt
1656 2212 1751 2255 falsi

68 2276 614 2343 homines'inquisicionibus
647 2288 716 2342 qui
738 2287 946 2343 accipiunt
977 2300 1027 2329 ex
1057 2290 1230 2340 utraque
1252 2290 1370 2341 parte
1392 2297 1585 2337 munera3
1607 2288 1751 2327 contra

70 2361 173 2404 tales
204 2360 306 2403 Ecc:
339 2359 398 2402 Ve
431 2359 637 2415 peccatori
668 2363 821 2402 terram
854 2358 1102 2411 ingredienti
1134 2357 1292 2400 duabus
1323 2357 1401 2398 viis
1433 2360 1508 2398 etc.

739 2612 844 2666 262,
876 2624 980 2666 app.
1004 2612 1082 2654 66.

189 2714 380 2758 Valerius
412 2715 453 2756 in
485 2714 652 2756 civitate
683 2713 868 2755 Romana
898 2711 1088 2765 regnavit
1118 2710 1237 2754 valde
1269 2710 1396 2763 dives,
1429 2709 1498 2764 qui
1530 2709 1668 2751 omnia
1698 2709 1751 2751 ad

72 2787 232 2830 libitum
267 2786 465 2838 habebat3
498 2785 576 2827 iste
605 2798 698 2828 vero
731 2789 814 2826 tres
837 2783 942 2826 filios
972 2783 1080 2825 inter
1101 2787 1238 2825 cetera
1266 2781 1421 2835 habuit,
1454 2784 1495 2823 et
1525 2781 1751 2823 servientes

72 2857 405 2901 innumerabiles.
462 2856 657 2899 Reddidit
697 2855 915 2909 unicuique
953 2854 1148 2897 servienti
1189 2853 1419 2896 mercedem
1459 2865 1589 2893 suam.
1644 2851 1750 2894 Aliis

74 2929 187 2972 dedit
218 2929 512 2985 possessiones,
546 2927 636 2970 aliis
669 2941 813 2969 aurum
837 2931 877 2970 et
899 2929 1128 2980 argentum,
1160 2926 1217 2967 ita
1249 2924 1355 2979 quod
1385 2923 1596 2965 distribuit
1625 2923 1751 2965 tantis
