1919 3131
74 383 140 424 10.

73 455 139 496 11.

73 594 139 637 12.

73 665 140 708 13.

73 737 139 779 14.

73 878 138 921 15.

73 950 137 992 16.

72 1092 139 1134 17.

73 1234 138 1277 18.

72 1305 138 1347 19.

67 1374 154 1424 20..

69 1518 138 1561 21.

69 1660 139 1703 22.

70 1802 138 1845 23.

70 1944 139 1986 24.

70 2015 139 2058 25.

71 2156 141 2200 26.

72 2297 141 2341 27.

73 2439 142 2483 28.

73 2580 143 2624 29.

74 2722 144 2765 30.

75 2792 144 2836 31.

76 2933 146 2976 32.

897 68 948 108 13

188 169 252 214 De
283 170 497 214 ebrietate.
555 170 618 214 De
650 171 829 226 quodam
868 172 1057 227 principe
1097 173 1156 215 sic
1188 177 1394 216 narratur.
1451 174 1586 225 (Wein
1620 176 1769 230 vergis-

189 240 280 293 tet.)
327 241 398 284 lat.
424 242 492 283 88.

187 311 251 355 De
276 312 446 366 judicio.
497 311 649 354 Narrat
681 312 887 355 Eusebius
921 313 962 354 in
995 314 1185 356 cronicis.
1236 314 1477 365 (Coriolan.)
1526 315 1597 357 lat.
1628 316 1721 357 1537.

187 382 250 426 De
273 383 573 438 compassione.
613 382 798 433 Quedam
821 383 971 426 nobilis
991 384 1126 426 vidua.
1163 384 1281 435 (Stab
1300 386 1384 427 und
1402 386 1573 435 tasche.)
1606 385 1676 427 lat.
1700 387 1766 427 25.

186 453 250 497 De
272 453 552 496 tribulatione.
602 453 806 496 Narratur
828 455 937 510 quod
961 455 1130 509 quidam
1154 455 1393 511 imperator.
1444 457 1769 507 (Kaisertochter

186 524 271 567 und
304 524 536 576 seneschal3
573 524 661 567 drei
694 525 898 577 freunde.)
946 539 1075 579 germ.
1106 529 1169 568 11.

187 594 343 638 Iterum
375 595 425 638 de
458 599 640 651 peccato.
690 595 794 638 Erat
826 596 994 650 quidam
1018 597 1260 652 imperator.
1304 597 1561 648 (Schinden.)
1601 597 1672 639 lat.
1698 597 1766 639 20.

187 665 252 708 De
275 670 443 721 peccato
466 670 506 709 et
525 667 695 721 judicio.
730 666 906 716 Quidam
931 667 1160 723 imperator
1182 671 1283 710 erat.
1319 668 1569 723 (Triumph.)
1602 667 1673 710 lat.
1699 668 1767 710 30.

186 735 251 780 De
272 737 471 779 divitibus
505 741 545 779 et
569 737 816 781 humilitate.
866 737 929 781 De
950 742 1084 782 morte
1107 738 1350 781 Alexandri.
1400 738 1677 787 (Alexanders
1700 739 1769 780 be-

187 807 388 861 grabnis.)
435 808 505 850 lat.
531 809 599 849 31.

186 878 250 921 De
282 882 451 934 peccato
484 879 692 934 superbie.
741 878 883 921 Refert
905 879 1108 922 Valerius.
1158 880 1479 933 (Hangebaum.)
1528 879 1598 921 lat.
1625 880 1692 921 323.

185 949 249 992 De
281 949 513 993 dilectione.
562 950 737 1006 Pipinus
770 950 962 1004 regnavit
992 951 1035 993 in
1068 951 1237 993 civitate
1268 964 1453 993 romana.
1503 950 1767 1002 (Stiefkind.)

186 1019 259 1062 lat.
288 1022 382 1062 116.

187 1091 250 1134 De
283 1094 530 1148 paupertate
558 1091 806 1134 voluntaria.
847 1092 989 1134 Refert
1012 1091 1216 1134 Saturnus
1241 1091 1350 1146 quod
1379 1091 1601 1147 dyogenes.
1653 1091 1770 1143 (Dio-

186 1176 312 1217 genes
345 1162 430 1204 und
461 1162 731 1215 Alexander.)
781 1176 909 1216 germ.
939 1163 1003 1205 15.

185 1233 250 1277 De
270 1234 562 1289 temptacione.
602 1233 946 1276 RefertValerius
976 1234 1016 1275 in
1040 1234 1168 1276 tercio
1191 1233 1309 1275 libro.
1345 1233 1524 1284 (Kohle.)
1557 1233 1766 1286 germ.16.

186 1304 250 1348 De
281 1304 491 1360 spirituali
524 1304 742 1346 medicina.
793 1303 910 1347 Sicut
941 1304 999 1346 ait
1020 1303 1219 1346 Polinius.
1271 1304 1500 1356 (Theriak.)
1549 1317 1678 1357 germ.
1703 1304 1767 1344 17.

186 1374 290 1418 Item
323 1375 374 1418 de
397 1374 606 1431 spirituali
638 1388 789 1431 pugna.
837 1374 980 1418 Refert
999 1374 1239 1417 Alexander
1261 1375 1548 1430 philosophus.
1597 1373 1768 1429 (Virgils

187 1446 303 1500 bild.)
350 1460 479 1501 germ.
507 1447 573 1487 18.

186 1518 250 1561 De
281 1517 580 1561 misericordia.
635 1516 740 1559 Erat
778 1516 946 1571 quidam
978 1516 1220 1572 imperator.
1279 1515 1416 1568 (Sohn
1448 1516 1583 1558 todtet
1614 1519 1769 1559 mutter

186 1589 331 1641 nicht.)
377 1588 448 1631 lat.
475 1590 569 1630 100.

186 1659 297 1703 Nota
327 1660 436 1714 quod
468 1659 659 1702 Christus
701 1672 776 1701 sua
815 1658 1010 1714 passione
1049 1657 1199 1700 clausit
1237 1657 1459 1700 infernum.
1519 1657 1653 1700 Homo
1694 1671 1768 1700 no·

186 1731 299 1774 mine
330 1731 516 1774 cenilius.
567 1730 784 1783 (Curtius.)
832 1729 903 1772 lat.
927 1730 998 1771 43.

187 1801 252 1845 De
273 1802 427 1844 virtute
450 1802 668 1844 oracionis.
709 1801 814 1843 Erat
835 1800 1002 1856 quidam
1025 1800 1267 1856 imperator.
1312 1799 1651 1854 (Kaisertochter,
1679 1797 1769 1854 pal-

186 1873 299 1926 last.)
346 1887 475 1927 germ.
500 1873 569 1915 22.

187 1943 252 1987 De
273 1945 539 2000 perfectione.
579 1942 751 1997 Legitur
772 1943 815 1984 in
837 1943 945 1984 vitas
967 1945 1148 1997 patrum.
1191 1940 1374 1993 (Grosste
1396 1941 1582 1995 tugend.)
1617 1953 1712 1996 app.
1732 1942 1768 1982 1.

187 2014 297 2058 Nota
328 2015 438 2070 quod
470 2014 603 2057 solum
636 2013 734 2056 boni
765 2012 981 2055 christiani
1013 2012 1231 2056 intrabunt
1262 2017 1339 2055 etc.
1389 2012 1568 2062 Quidam
1596 2025 1671 2054 rex
1695 2024 1768 2053 no-

188 2085 298 2129 bilis.
349 2085 610 2138 (Schiessen.)
658 2084 730 2126 lat.
755 2084 824 2125 95.

187 2156 298 2200 Nota
330 2156 508 2211 qualiter
538 2155 725 2212 prelatus
754 2154 876 2198 debet
897 2153 1081 2208 vigilare.
1129 2153 1307 2204 Quidam
1328 2153 1408 2196 fur.
1459 2151 1767 2205 (Mondstrahl.)

189 2227 261 2271 lat.
286 2229 381 2270 136.

188 2297 253 2341 De
283 2297 625 2342 reconciliacione
661 2299 939 2352 peccatorum.
990 2295 1166 2347 Quidam
1199 2295 1332 2338 miles.
1390 2294 1520 2348 (Halb
1553 2293 1768 2348 geritten.)

189 2369 260 2412 lat.
288 2370 384 2411 124.

189 2439 254 2483 De
285 2439 539 2496 perfectione
569 2439 666 2482 vite.
718 2439 853 2482 Erant
883 2438 963 2481 duo
994 2438 1145 2481 fratres
1177 2437 1377 2481 carnales.
1427 2436 1544 2489 (Drei
1576 2435 1769 2478 buchsta-

190 2509 301 2564 ben.)
348 2523 476 2564 germ.
501 2510 569 2552 26.

189 2580 254 2624 De
283 2581 418 2624 tribus
449 2580 616 2635 regibus
649 2580 720 2634 qui
742 2579 909 2622 domino
938 2591 1112 2622 munera
1141 2578 1393 2635 optulerunt.
1441 2576 1530 2620 Rex
1552 2576 1766 2618 danorum.

193 2651 372 2706 (Heilige
404 2651 493 2694 drei
525 2651 706 2705 konige.)
752 2649 824 2692 lat.
848 2650 918 2692 47.

190 2721 255 2765 De
279 2723 405 2777 justis
432 2722 656 2777 judicibus.
702 2720 846 2763 Refert
867 2719 1071 2763 Valerius.
1121 2719 1368 2773 (Zaleucus.)
1415 2718 1488 2760 lat.
1513 2717 1582 2759 50.

191 2791 256 2836 De
286 2793 581 2848 subjugacione
604 2791 884 2849 precancium.
929 2790 1171 2834 Alexander
1191 2803 1379 2844 magnus.
1426 2787 1638 2840 (Geschirr
1659 2786 1769 2829 steh-

191 2863 291 2915 len.)
335 2877 432 2919 app.
457 2864 496 2905 2.
763 2856 766 2858 ’

190 2932 254 2976 De
284 2933 537 2989 perfectione
558 2932 668 2989 Tyti.
718 2932 849 2987 Tytus
881 2932 926 2974 in
947 2931 1116 2974 civitate
1146 2943 1333 2974 romana.
1378 2929 1425 2981 (F
1429 2929 1556 2981 ocas.)
1603 2928 1674 2971 lat.
1699 2927 1768 2968 57.
