1954 3137
164 150 232 191 77.

164 291 232 333 78.

193 1212 231 1253 §.Q

194 1566 232 1607 ’UT

169 2276 235 2318 10.

169 2418 236 2460 11.

170 2559 236 2600 12.

171 2700 237 2741 13.

171 2840 237 2882 14.

988 44 1041 85 16

281 149 344 192 De
375 149 537 192 chorea.
585 147 695 190 Nota
727 148 836 203 quod
867 149 910 190 in
942 148 1076 191 tribus
1108 148 1458 191 considerandum
1484 151 1557 191 est.
1609 147 1767 204 (Gegen
1789 148 1862 192 das

282 224 452 273 tanzen3
487 220 592 262 ohne
625 218 883 272 erzahlung.)

282 291 398 333 Tolle
435 304 611 346 puerum
650 293 691 332 et
721 293 900 332 matrem
934 289 1034 343 ejus.
1089 289 1198 332 Nota
1230 290 1340 345 quod
1371 291 1414 332 in
1448 291 1527 333 via.
1584 290 1778 342 (Zeichen
1810 303 1864 334 an

282 361 416 403 Maria
447 362 532 403 und
563 360 720 416 <Ioseph
754 360 827 402 auf
856 360 949 402 dem
982 360 1128 414 wege.)

282 432 391 474 Nota
430 432 540 487 quod
572 431 776 474 Christus.
831 430 1130 484 (Betrachtung
1167 430 1270 474 iiber
1309 430 1375 474 die
1412 431 1518 474 zehn
1549 432 1716 486 gebote3
1758 432 1864 474 ohne

283 503 541 557 erzahlung.)

634 618 712 652 ΙΙΙ.
751 616 842 652 (3011.
862 616 1042 661 Gotting.
1061 616 1210 653 Luneb.
1228 615 1293 663 46,
1318 617 1390 652 fol.

683 688 737 722 Bl.
756 689 876 722 12b—
889 689 933 722 29
943 702 975 723 a.
1013 688 1094 724 XV.
1108 688 1162 733 jh.
1199 689 1244 722 49
1263 698 1343 732 cap.

282 785 492 840 Incipiunt
522 783 780 826 moralitates
814 796 864 825 ex
897 784 1024 837 gestis
1057 797 1325 826 romanorum
1358 786 1399 826 et
1431 783 1567 839 primo

223 890 232 898 .
281 856 344 898 De
378 856 537 910 virgine
570 869 647 910 que
681 859 744 897 est
776 854 1016 897 custodibus
1049 856 1272 898 commissa
1303 868 1379 910 per
1413 868 1537 910 quam
1571 854 1710 897 anima
1740 853 1862 898 intel-

280 927 435 980 ligitur.
490 926 727 982 Pompeyus
767 939 840 968 rex
882 926 997 968 dives
1036 925 1168 968 valde.
1225 925 1444 977 (Entfiihrt
1483 925 1568 968 und
1604 925 1861 978 beschenkt.)

279 998 350 1040 lat.
379 999 416 1040 1.

279 1069 342 1111 De
374 1072 499 1124 raptu
531 1068 706 1109 duarum
740 1067 959 1110 mulierum
994 1081 1069 1122 per
1102 1081 1204 1121 quas
1230 1067 1402 1121 justicia
1423 1071 1464 1110 et
1485 1067 1772 1110 misericordia
1793 1067 1864 1110 de-

281 1140 481 1193 signatur.
532 1139 659 1181 Cesar
691 1139 838 1180 statuit
869 1152 944 1193 pro
976 1138 1079 1192 lege.
1125 1137 1256 1190 (Zwei
1288 1138 1433 1180 frauen
1458 1138 1677 1190 entfl’ihrt.)
1724 1138 1796 1180 lat.
1820 1139 1860 1180 4.

280 1210 344 1253 De
369 1211 523 1265 juvene
560 1210 817 1251 incarcerato
850 1213 891 1251 61
921 1223 996 1265 per
1029 1209 1231 1262 virginem
1265 1208 1440 1252 liberato
1472 1223 1547 1265 per
1579 1223 1701 1264 quem
1733 1223 1862 1263 genus

282 1282 509 1323 humanum
541 1294 616 1336 per
639 1280 850 1322 Christum
882 1281 1147 1336 redemptum
1180 1280 1438 1334 intelligitur.
1486 1280 1575 1323 Rex
1598 1281 1767 1335 quidam
1789 1294 1862 1336 po·
1942 1312 1945 1316 -

280 1357 418 1395 tenter
449 1352 651 1406 regnavit.
702 1351 1076 1404 (Raubertochter.)
1124 1351 1196 1393 lat.
1222 1352 1262 1393 5.

282 1424 345 1467 De
376 1424 510 1466 tribus
542 1423 806 1479 ymaginibus
839 1437 913 1478 per
946 1436 1047 1477 quas
1080 1423 1162 1464 tria
1192 1435 1345 1475 genera
1376 1422 1590 1464 hominum
1622 1422 1862 1477 intelligun-

280 1499 361 1537 tur.
409 1495 498 1537 Rex
531 1495 699 1549 quidam
732 1494 816 1537 Leo
850 1494 996 1536 dictus.
1048 1492 1240 1544 (Statuen
1273 1493 1517 1545 bestehlen.)
1565 1493 1637 1535 lat.
1662 1494 1700 1536 8.

282 1566 346 1609 De
384 1566 540 1608 honore
578 1568 811 1621 parentum.
867 1564 1104 1606 Dorotheus
1143 1578 1218 1607 rex
1257 1565 1404 1607 statuit
1441 1577 1517 1620 pro
1556 1564 1659 1618 lege.
1718 1564 1863 1617 (Vater

283 1637 381 1679 oder
413 1640 567 1679 mutter
598 1636 767 1690 folgen.)
814 1635 884 1677 lat.
912 1636 978 1676 14.

283 1708 346 1750 De
378 1712 512 1751 matre
545 1722 623 1763 que
655 1708 896 1762 ignoranter
929 1706 1110 1748 alienum
1132 1705 1262 1748 filium
1288 1705 1435 1748 dilexit
1456 1709 1502 1747 ut
1524 1706 1755 1761 proprium,
1789 1719 1863 1762 per

284 1793 409 1833 quam
442 1779 615 1821 ecclesia
645 1778 905 1831 intelligitur.
956 1777 1185 1829 (Stiefkind
1217 1777 1303 1819 und
1335 1777 1507 1830 eignes.)
1553 1777 1625 1819 lat.
1653 1778 1749 1820 116.

225 1883 234 1892 .
283 1850 452 1892 Utilitas
498 1851 660 1905 picture
707 1849 919 1904 sculpture
966 1861 1014 1890 ac
1060 1849 1278 1903 scripture.
1347 1848 1435 1891 Rex
1482 1848 1650 1903 quidam
1698 1851 1860 1904 potens.

284 1921 554 1975 (Alexander,
589 1922 677 1963 vier
708 1920 1020 1972 franenbilder.)
1069 1933 1164 1975 app.
1186 1920 1224 1961 7.

283 1993 346 2035 De
385 1993 552 2034 luxuria
590 1995 630 2034 et
662 1995 838 2047 quatuor
870 1991 957 2045 ejus
989 1990 1262 2033 nocumentis.
1321 1989 1632 2046 Sardanapulus
1664 2003 1739 2033 rex
1771 2003 1862 2044 gre-

283 2077 438 2105 corum.
489 2062 691 2114 (Luxuria
721 2076 803 2104 von
835 2063 922 2104 vier
953 2062 1128 2104 fiichsen
1159 2062 1389 2115 getragen.)
1438 2075 1532 2116 app.
1558 2063 1596 2103 8.

282 2134 345 2176 De
382 2134 560 2189 pigricia
597 2137 638 2176 et
676 2134 763 2187 ejus
803 2133 1031 2188 speciebus.
1093 2133 1299 2187 Regnavit
1337 2146 1413 2175 rex
1452 2132 1622 2187 quidam
1652 2131 1862 2175 Polemius

284 2205 431 2247 dictus.
482 2205 583 2256 (Der
614 2204 796 2257 faulste.)
845 2204 916 2246 lat.
942 2206 1010 2246 91.

283 2275 347 2318 De
375 2275 631 2318 confidencia
662 2275 839 2329 qualiter
861 2275 950 2317 sola
971 2274 1117 2317 salvat.
1159 2273 1394 2328 Gorgonius
1416 2288 1503 2317 rex.
1546 2274 1691 2327 (Vater
1712 2273 1862 2328 heilen,

284 2349 438 2389 mutter
470 2346 614 2399 nicht.)
662 2346 734 2388 lat.
762 2347 858 2387 112.

283 2417 346 2459 De
367 2417 572 2460 libertate.
613 2417 845 2472 Imperator
867 2416 1037 2471 quidam
1059 2416 1201 2459 volens
1224 2420 1464 2460 construere
1485 2415 1713 2459 basilicam.
1749 2414 1863 2469 (Sar-

284 2488 483 2543 kophag.)
529 2488 601 2530 lat.
628 2489 694 2530 16.

285 2558 349 2601 De
391 2559 485 2601 alba
523 2571 648 2601 vacca
684 2560 877 2611 cornuta,
924 2571 1000 2613 per
1038 2572 1162 2612 quam
1203 2559 1344 2601 anima
1381 2559 1564 2601 humana
1600 2557 1860 2611 intelligitur.
1930 2554 1936 2559 ’

285 2629 459 2682 Legitur
490 2630 533 2671 in
563 2628 728 2671 fabulis.
779 2628 965 2681 (Argus.)
1012 2628 1085 2671 lat.
1113 2632 1208 2672 111.

286 2700 450 2742 Veritas
489 2703 651 2743 tacetur
687 2703 735 2741 ut
771 2699 890 2741 favor
928 2699 1116 2743 habetur.
1170 2701 1343 2756 Egiptii.
1399 2699 1499 2752 (Isis
1541 2699 1623 2741 und
1655 2698 1862 2755 Serapis.)

286 2770 356 2812 lat.
384 2771 452 2812 22.

285 2840 348 2882 De
380 2844 574 2895 serpente
603 2840 745 2894 ligato,
777 2854 854 2895 per
886 2854 1008 2895 quem
1041 2841 1242 2897 dyabolus
1274 2841 1516 2895 designatur
1539 2841 1582 2882 in
1605 2840 1862 2883 confessione

286 2910 452 2964 ligatus.
500 2911 733 2966 Imperator
764 2911 946 2966 quidam.
995 2911 1216 2966 (Schlange
1247 2911 1395 2964 lesen.)
1441 2911 1512 2954 lat.
1539 2912 1635 2953 174.
