1919 3157
847 63 929 103 407

51 167 285 219 festinabat,
319 168 426 222 quod
459 167 630 210 tabellas
663 183 757 210 suas
791 182 939 224 parvas
972 175 1081 210 retro
1115 169 1290 210 hostium
1324 170 1493 211 dimisit.
1545 170 1729 212 Piscator

51 251 142 280 cum
183 239 398 294 peregrino
432 252 544 280 mare
586 240 775 287 intravit,
818 253 890 294 per
933 251 1007 281 xvi
1043 240 1221 281 miliaria
1253 240 1291 280 in
1328 241 1431 282 mari
1465 241 1728 295 navigabant,

50 309 178 351 donec
211 309 261 350 ad
295 309 500 364 quandam
534 323 676 364 rupem
714 311 899 365 pervenit
931 310 1085 352 habeus
1108 311 1216 352 circa
1239 310 1363 365 pedes
1387 312 1472 365 ejus
1497 312 1727 366 compedeS,

50 380 119 434 qui
150 380 238 421 sine
270 380 382 422 clave
415 394 494 421 nou
529 386 720 435 poterant
753 382 927 436 aperiri3
962 381 1030 423 sed
1056 385 1271 436 postquam
1297 383 1514 436 compedes
1538 387 1727 435 serasset,

49 450 184 492 claves
222 451 263 491 in
305 452 408 492 mari
449 452 640 506 projecit,
681 452 826 494 deinde
867 452 1031 493 domum
1075 452 1208 493 rediit.
1269 451 1513 505 Peregrinus
1547 454 1624 496 iste
1658 467 1729 508 per
1755 459 1776 491 τ’)

49 535 142 563 xvu
174 535 302 563 annos
336 522 375 563 in
410 522 642 577 penitencia
674 523 884 564 remansit.
933 523 1095 564 Accidit
1128 522 1234 577 quod
1268 537 1376 577 papa
1409 525 1604 573 moritur;
1640 524 1728 578 ipso

49 597 210 634 mortuo
250 593 362 634 venit
403 606 480 634 vox
522 593 697 648 desuper
738 594 787 635 de
821 593 906 636 celo
948 593 1105 635 diceus:
1154 593 1319 643 Querite
1353 594 1558 635 hominem
1594 595 1657 636 dei
1691 600 1731 636 et

48 663 162 705 illum
214 664 255 704 in
302 664 498 705 vicarium
547 665 806 716 constituite,
858 665 1021 706 nomine
1069 663 1324 717 Gregorium.
1397 664 1606 707 Electores
1657 665 1731 708 hoo

52 732 172 789 [thb]
209 734 420 776 audientes
453 735 582 788 gavisi
616 739 712 776 sunt
743 735 874 788 valde,
908 735 1078 777 nuncios
1113 749 1185 790 per
1217 736 1401 777 diversas
1426 742 1563 790 partes
1587 736 1729 777 muudi

48 806 270 858 miserunt,
313 811 357 847 ut
396 819 487 848 eum
530 811 758 860 quererent.
808 806 988 848 Tandem
1033 807 1074 847 in
1113 806 1232 847 domo
1273 807 1490 861 piscatoris
1532 806 1730 861 hospitati
1760 813 1800 847 10

48 881 162 927 sunt3
203 889 292 918 cum
336 890 431 918 vero
471 878 511 918 in
553 891 653 919 cena
694 879 888 930 fuissent,
932 877 1127 932 piscatori
1168 877 1379 919 dixerunt:
1427 877 1460 919 O
1504 878 1728 931 carissime,

48 947 221 990 multum
265 948 400 989 vexati
441 962 582 989 sumus
626 962 698 1004 per
730 963 856 1001 regna
895 953 935 990 et
975 953 1111 990 castra
1143 949 1349 1002 querendo
1384 963 1508 990 unum
1543 954 1727 990 sanctum

47 1019 180 1061 virum
213 1020 377 1060 nomine
411 1018 676 1072 Gregorium,
718 1033 836 1074 quem
878 1020 918 1061 in
958 1033 1162 1061 summum
1205 1019 1439 1074 pontificem
1480 1020 1730 1062 constituere

48 1090 242 1132 debemus
283 1095 322 1132 et
363 1103 444 1131 non
486 1091 730 1132 invenimus.
780 1091 850 1132 1116
890 1104 985 1132 vero
1028 1104 1118 1132 cum
1159 1090 1207 1132 de
1240 1091 1456 1146 peregrino
1489 1091 1634 1132 fuisset
1666 1104 1729 1132 re-

48 1161 262 1214 cordatus,
303 1161 379 1203 ait:
427 1161 520 1203 Jam
562 1167 658 1203 sunt
696 1176 788 1203 xvir
831 1162 949 1215 anni,
992 1161 1098 1216 quod
1142 1175 1244 1203 unus
1284 1162 1525 1217 peregrinus
1564 1162 1730 1204 nomine
1759 1167 1801 1202 15

49 1232 271 1286 Gregorius
312 1232 353 1273 in
387 1232 507 1273 domo
540 1233 619 1274 ista
652 1237 714 1275 est
745 1233 998 1288 hospitatus,
1032 1247 1151 1287 quem
1186 1233 1236 1274 ad
1269 1233 1472 1286 quandam
1508 1247 1652 1288 rupem
1687 1233 1729 1275 in

48 1305 150 1346 mari
185 1303 283 1344 duxi
316 1308 356 1345 et
386 1303 536 1345 ibidem
572 1305 730 1355 dimisi3
765 1304 834 1346 sed
868 1304 965 1356 scio,
1000 1304 1106 1358 quod
1138 1318 1161 1345 a
1183 1304 1312 1346 multo
1335 1309 1519 1358 tempore
1544 1309 1729 1346 mortuus

47 1380 121 1418 est.
161 1374 352 1427 Accidit,
394 1375 500 1428 quod
542 1376 683 1417 eadem
719 1376 783 1417 die
816 1376 948 1431 pisces
982 1375 1160 1430 accepit,
1201 1379 1242 1417 et
1284 1375 1381 1417 dum
1414 1390 1539 1417 unum
1575 1376 1729 1431 piscem

47 1446 308 1498 extraxisset,
341 1445 516 1498 clavem,
558 1460 659 1500 quas
700 1459 793 1487 xv11
826 1447 944 1488 annis
985 1447 1026 1487 iu
1060 1460 1174 1488 mare
1208 1447 1399 1502 projecit,
1434 1446 1542 1488 infra
1575 1447 1726 1502 piscem

47 1518 216 1560 invenit.
266 1516 414 1559 Statim
449 1517 532 1558 alta
564 1531 660 1559 voce
693 1517 905 1559 clamavit:
940 1517 973 1560 Ο
996 1518 1212 1571 carissimi,
1249 1518 1382 1560 videte
1404 1517 1573 1571 clavem,
1608 1531 1727 1572 quem
1755 1526 1800 1560 20

47 1590 90 1631 in
122 1589 226 1631 mari
259 1588 431 1644 projeci!
465 1587 520 1629 Ut
551 1602 685 1644 sper0,
718 1589 767 1630 de
799 1589 938 1630 labore
970 1594 1105 1631 vestro
1139 1603 1219 1630 non
1244 1589 1357 1631 eritis
1379 1589 1580 1631 frustrati.
1614 1588 1728 1631 Nun-

47 1661 98 1702 cii
130 1660 203 1702 hec
235 1659 446 1701 audientes
479 1664 519 1701 et
542 1660 724 1701 videntes
748 1660 878 1713 gavisi
901 1664 997 1702 sunt
1019 1660 1150 1713 valde,
1185 1674 1305 1702 mane
1327 1674 1421 1702 vero
1445 1663 1727 1712 surrexerunt,

48 1732 294 1787 piscatorem
328 1730 550 1784 rogabant,
591 1735 635 1772 ut
674 1744 742 1773 eos
775 1731 826 1772 ad
857 1745 1000 1786 rupem
1036 1731 1221 1785 duceret,
1255 1731 1362 1785 quod
1395 1735 1435 1773 et
1464 1731 1616 1773 factum
1652 1735 1726 1773 est.

49 1802 151 1845 Cum
185 1806 320 1844 autem
353 1801 504 1843 ibidem
541 1803 748 1844 venissent
780 1806 820 1843 et
851 1816 942 1844 eum
976 1803 1189 1855 vidissent,
1222 1803 1435 1844 dixerunt:
1475 1802 1507 1844 Ο
1542 1801 1727 1855 Gregori,

49 1873 170 1916 homo
202 1873 281 1926 dei,
315 1887 363 1914 ex
398 1877 514 1928 parte
537 1873 602 1914 dei
625 1873 918 1928 omnipotentis
942 1874 992 1915 ad
1014 1887 1088 1915 nos
1112 1873 1298 1926 ascende,
1332 1874 1428 1928 quia
1450 1873 1515 1915 dei
1538 1873 1727 1915 voluutas
1753 1879 1797 1914 25

51 1949 126 1998 est,
159 1948 205 1986 ut
235 1945 321 1998 ejus
355 1944 531 1986 vicarius
553 1945 595 1986 in
618 1945 739 1986 terris
762 1945 1008 1987 constitutus
1031 1945 1100 1986 sis.
1145 1945 1202 1986 At
1223 1944 1310 1987 ille:
1343 1944 1458 1994 Quod
1481 1945 1556 1987 deo
1579 1944 1726 2000 placet,

49 2016 136 2070 ejus
168 2015 357 2057 voluntas
389 2015 479 2057 fiat!
529 2015 646 2057 Illum
679 2020 797 2058 extra
828 2029 971 2071 rupem
1006 2016 1231 2067 duxerunt;
1266 2020 1482 2070 antequam
1517 2016 1727 2058 civitatem

47 2087 232 2140 intravit,
255 2100 396 2128 omnes
419 2099 619 2141 campane
641 2088 819 2129 civitatis
842 2101 915 2143 per
938 2101 980 2128 se
1005 2087 1235 2142 pulsabant.
1276 2086 1395 2129 Cives
1419 2087 1492 2129 hec
1515 2087 1726 2129 audientes

50 2158 264 2201 dixerunt:
303 2157 549 2199 Benedictus
582 2158 828 2212 altissimus,
855 2159 941 2211 jam
976 2159 1105 2211 venit,
1138 2158 1208 2212 qui
1240 2157 1393 2200 Christi
1425 2158 1602 2200 vicarius
1635 2159 1724 2200 erit.

49 2229 201 2272 Omnes
234 2230 270 2271 ei
303 2229 463 2271 obviam
499 2233 786 2283 processerunt
818 2234 858 2272 et
886 2244 976 2271 cum
1002 2242 1150 2282 magno
1174 2229 1326 2271 honore
1354 2243 1444 2270 eum
1468 2233 1724 2285 receperunt,
1751 2237 1796 2271 30

49 2306 88 2343 et
119 2299 271 2342 Christi
305 2300 503 2341 vicarium
536 2301 849 2342 constituerunt.
897 2300 1048 2342 Beatus
1071 2299 1293 2353 Gregorius
1324 2301 1364 2341 in
1398 2300 1597 2342 vicariatu
1630 2313 1725 2342 con-

48 2372 216 2413 stitutus
255 2371 296 2412 in
337 2371 526 2412 omnibus
566 2384 608 2412 se
646 2371 909 2413 laudabiliter
951 2371 1138 2413 habebat.
1195 2370 1322 2412 Fama
1354 2372 1440 2424 ejus
1479 2385 1552 2426 per
1584 2371 1724 2413 orbem

49 2442 214 2484 volabat
245 2447 286 2484 et
317 2442 424 2496 quod
457 2446 539 2483 tam
582 2446 747 2484 sanctus
779 2441 932 2484 Christi
964 2442 1141 2483 vicarius
1179 2442 1426 2483 constitutus
1459 2447 1566 2492 erat3
1606 2442 1725 2483 multi

49 2527 97 2555 ex
131 2512 321 2555 omnibus
355 2513 539 2568 partibus
572 2514 713 2555 mundi
745 2513 977 2566 veniebant,
1010 2517 1056 2555 ut
1087 2514 1173 2566 ejus
1205 2513 1420 2554 consilium
1454 2516 1495 2555 et
1524 2513 1721 2554 auxilium

49 2584 258 2626 haberent.
308 2584 490 2626 Audiens
524 2597 619 2626 vero
651 2588 783 2626 mater
815 2585 922 2638 ejus,
962 2584 1070 2638 quod
1102 2588 1184 2625 tam
1219 2587 1384 2625 sanctus
1417 2583 1537 2625 homo
1570 2583 1723 2626 Christi
1750 2590 1794 2624 35

49 2656 225 2697 vicarius
256 2656 389 2697 factus
422 2659 548 2708 esset,
591 2655 700 2697 intra
731 2668 774 2697 se
806 2656 1033 2708 cogitabat:
1081 2655 1158 2696 Ubi
1185 2655 1271 2709 jam
1306 2655 1450 2696 melius
1483 2659 1625 2709 potero
1658 2668 1723 2696 ao—

49 2726 212 2780 cedere,
254 2739 375 2780 quam
410 2727 459 2768 ad
493 2727 615 2768 istum
649 2731 832 2768 sanctum
868 2727 999 2768 virum
1040 2730 1081 2768 et
1111 2727 1236 2768 vitam
1270 2739 1402 2767 meam
1437 2727 1471 2767 ei
1506 2725 1723 2767 intimare?

49 2797 371 2853 Verumptamen
404 2797 510 2851 quod
544 2803 651 2839 esset
682 2797 788 2839 filius
821 2798 907 2852 ejus
939 2802 980 2839 et
1011 2798 1182 2839 maritus
1216 2798 1377 2852 penitus
1409 2797 1639 2850 ignorabat,
1671 2796 1723 2838 ad

50 2867 219 2910 Romam
262 2869 446 2924 perrexit
485 2873 526 2910 et
564 2867 715 2910 Christi
754 2869 905 2910 vicario
945 2872 1007 2910 est
1037 2868 1236 2910 confessa.
1284 2869 1393 2910 Ante
1425 2867 1719 2910 confessionem

140 2950 163 2984 4
188 2950 278 2993 sine]
306 2955 390 2995 oriy.
417 2960 508 2984 sum.
