1949 3162
1001 54 1083 94 (512

889 183 1002 236 200,
1035 195 1136 235 app.
1162 180 1203 222 4.

320 293 502 343 Quedam
542 292 688 334 civitas
728 294 817 333 erat
851 290 974 343 juxta
1012 301 1126 330 mare
1167 300 1244 341 que
1278 300 1300 327 a
1332 285 1474 327 bestiis
1507 285 1722 326 venenosis
1755 283 1886 325 multa

204 365 312 407 mala
346 364 597 419 paciebatur.
639 362 746 404 Inter
778 361 870 403 illas
903 360 1055 401 bestias
1089 362 1178 400 erat
1200 358 1321 399 draco
1345 355 1637 408 ferocissimus,
1672 355 1740 409 qui
1772 354 1884 396 omni

205 437 270 478 die
303 435 353 476 ad
386 436 597 476 civitatem
631 434 743 475 venit
775 437 815 474 et
847 432 955 473 cives
989 430 1168 473 civitatis
1201 432 1371 483 propter
1393 427 1544 468 bonum
1568 426 1680 480 pacis
1714 426 1750 468 ei
1773 425 1885 466 omni

205 508 270 549 die
303 507 455 548 animal
488 519 615 547 unum
652 505 703 545 ad
735 503 1032 549 comedendum
1066 503 1278 548 dederunt.
1321 498 1429 539 Inter
1461 511 1503 539 se
1536 497 1750 538 consilium
1785 496 1887 538 inie-

204 586 319 632 runt,
360 577 563 633 quomodo
606 576 817 617 civitatem
859 588 883 615 a
914 571 1064 625 {bestiis
1105 570 1321 612 venenosis
1362 573 1402 611 et
1438 569 1634 623 precipue
1667 581 1690 609 a
1721 567 1887 609 draconi

206 649 381 691 liberare
413 651 594 704 possent.
634 646 817 688 Tandem
849 645 963 687 venit
995 656 1099 685 unus
1133 656 1156 683 a
1186 641 1422 695 longinquis
1455 640 1656 694 partibus,
1690 639 1758 693 qui
1793 651 1888 680 con-

206 721 343 763 silium
377 721 434 762 eis
467 719 592 771 dedit,
626 717 734 772 quod
765 717 925 759 leonem
960 717 1156 769 caperent
1188 717 1228 755 et
1258 714 1299 754 in
1335 712 1416 753 alto
1443 711 1552 764 ligno
1576 710 1887 765 suspenderent,

207 806 326 847 quem
369 805 458 833 cum
501 789 630 831 bestie
672 801 916 843 suspensum
958 786 1164 837 viderent„
1205 797 1345 825 omnes
1385 783 1576 835 fugerent
1615 785 1656 822 et
1692 781 1888 836 precipue

206 864 328 905 draco
362 862 443 904 ille.
493 860 612 903 Cives
645 874 667 901 a
700 873 796 901 casu
828 859 988 900 leonem
1021 859 1221 912 ceperunt
1253 858 1292 897 et
1323 858 1531 895 mortuum
1563 853 1606 894 in
1628 851 1739 906 ligno
1762 851 1889 894 clavis

205 934 404 986 fixerunt,
446 933 504 974 ita
545 932 650 986 quod
692 932 826 986 ipsum
868 943 942 985 per
975 932 1103 971 totam
1138 927 1346 969 civitatem
1388 925 1586 966 viderent.
1640 923 1757 974 Quod
1795 936 1887 965 cum

207 1006 328 1047 draco
375 1005 564 1056 vidisset,
614 1002 753 1043 statim
793 1001 963 1043 recessit
1002 1003 1042 1041 et
1082 999 1159 1040 alie
1201 998 1329 1040 bestie
1369 1000 1505 1037 secute
1547 1008 1638 1037 eum
1680 999 1776 1036 sunt
1815 1007 1890 1036 nec

208 1077 386 1132 amplius
418 1076 505 1117 vise
544 1078 640 1116 sunt
680 1077 720 1115 et
759 1073 817 1114 sic
857 1072 1001 1114 civitas
1041 1070 1216 1112 liberata
1249 1074 1348 1110 erat.
1404 1067 1559 1109 Civitas
1591 1067 1671 1108 ista
1703 1066 1892 1119 designat

208 1149 404 1190 mundum
447 1147 514 1201 qui
556 1160 579 1187 a
619 1144 860 1186 demonibus
901 1142 1010 1184 mala
1047 1141 1286 1196 paciebatur
1318 1142 1488 1194 propter
1519 1141 1733 1194 peccatum
1766 1136 1891 1193 primi

207 1220 412 1276 parentis,
453 1222 493 1259 et
525 1217 663 1269 draco,
695 1216 721 1257 i.
747 1229 779 1257 e.
805 1214 1018 1270 dyabolus7
1054 1213 1121 1267 qui
1154 1226 1235 1253 non
1268 1215 1428 1252 tantum
1464 1224 1588 1252 unum
1621 1208 1775 1250 animal
1804 1207 1830 1249 i.
1855 1221 1888 1250 e.

210 1292 390 1333 animam
425 1303 549 1331 unam
582 1288 772 1339 devorat,
817 1286 887 1327 sed
921 1298 1062 1326 omnes
1097 1285 1255 1325 animas
1288 1286 1382 1324 ante
1414 1281 1539 1324 Cristi
1572 1280 1807 1336 passionem
1840 1278 1891 1320 ad

209 1363 371 1404 inferna
404 1374 539 1402 secum
575 1360 705 1412 duxit,
739 1359 868 1399 donec
898 1356 960 1398 leo
995 1356 1044 1397 de
1075 1355 1187 1396 tribu
1212 1354 1335 1408 juda,
1375 1354 1400 1394 i.
1425 1367 1458 1394 e.
1483 1352 1664 1405 Cristus,
1697 1351 1740 1392 in
1772 1363 1892 1392 cruce

211 1446 436 1488 suspensus
469 1434 557 1474 erat
587 1444 663 1486 pro
696 1433 879 1471 nostram
914 1428 1260 1481 redempcimrem,
1296 1430 1336 1466 et
1366 1428 1464 1466 tunc
1496 1423 1619 1465 draco
1650 1422 1790 1475 fugam
1823 1422 1891 1463 de-

211 1505 272 1546 dit
303 1509 343 1546 et
374 1504 534 1557 civitas,
567 1502 593 1544 i.
619 1515 652 1544 e.
676 1500 866 1554 mundus,
899 1513 973 1554 per
1005 1498 1131 1540 Cristi
1165 1497 1395 1553 passionem
1430 1499 1493 1537 est
1522 1495 1773 1549 redemptus.

900 1799 1004 1854 201,
1037 1811 1141 1854 app.
1164 1799 1207 1842 5.

658 1894 731 1939 De
767 1895 997 1939 nativitate
1032 1894 1180 1939 sancti
1215 1892 1446 1937 laurencii.

332 2010 505 2061 Quidam
538 2023 610 2051 rex
643 2023 816 2062 magnus
849 2009 1037 2063 hispanie
1070 2021 1254 2062 paganus
1287 2006 1402 2061 prole
1434 2005 1586 2057 caruit,
1624 2002 1776 2045 multos
1806 2001 1896 2044 the-

217 2096 360 2124 sauros
402 2082 479 2123 diis
519 2081 602 2122 suis
651 2080 701 2122 ad
742 2080 1012 2135 optinendum
1060 2079 1217 2134 prolem
1264 2077 1424 2120 obtulit.
1489 2075 1591 2118 Cum
1635 2079 1774 2117 autem
1814 2087 1896 2116 non

217 2153 434 2209 proficeret
481 2158 668 2194 ostensus
716 2156 778 2193 est
829 2151 866 2192 ei
913 2151 1079 2205 quidam
1119 2150 1321 2192 heremita
1361 2148 1601 2200 cristianus,
1643 2147 1715 2189 sed
1757 2150 1897 2188 tamen

218 2225 387 2267 occulte.
442 2224 519 2274 Qui
558 2223 772 2278 respondit
811 2223 875 2264 ei:
917 2223 950 2263 si
993 2222 1053 2262 vis
1091 2221 1242 2263 habere
1281 2220 1453 2276 prolem⁷
1499 2218 1705 2260 salubrem
1738 2217 1815 2259 tibi
1845 2217 1896 2258 do

218 2296 447 2338 consilium.
499 2295 573 2345 Qui
615 2294 829 2349 respondit
861 2293 1000 2335 omnia
1032 2306 1074 2334 se
1105 2293 1310 2335 facturum
1345 2305 1423 2346 que
1457 2290 1672 2332 mandaret
1704 2289 1773 2343 qui
1805 2301 1898 2344 pre-

219 2368 375 2422 cipiens
409 2367 445 2408 ei
476 2365 564 2407 fieri
598 2366 839 2407 cristianum
873 2369 912 2406 et
945 2365 1136 2419 promisit
1168 2378 1210 2405 se
1243 2363 1461 2418 baptizari,
1496 2362 1603 2416 quod
1634 2361 1788 2403 factum
1822 2363 1896 2402 est.

219 2437 314 2480 Mox
354 2438 496 2490 regina
532 2437 720 2492 concepit
761 2440 801 2478 et
838 2436 1000 2491 peperit
1037 2435 1166 2477 filium
1207 2434 1542 2489 pulcherrimum.
1595 2432 1651 2474 Et
1689 2431 1900 2487 baptizata

220 2513 281 2551 est
311 2509 454 2561 regina
491 2521 581 2550 cum
623 2506 812 2549 omnibus
853 2507 1013 2549 ancillis
1055 2507 1138 2549 suis
1172 2505 1363 2547 similiter
1395 2508 1436 2547 et
1465 2518 1539 2546 rex
1571 2517 1663 2546 cum
1696 2502 1806 2545 omni
1838 2502 1913 2543 fam

221 2581 337 2622 milia
376 2594 449 2622 sua
488 2583 528 2620 et
564 2582 675 2620 totus
718 2578 922 2620 exercitus
963 2578 1085 2631 regis.
1139 2576 1326 2618 Videndo
1364 2576 1466 2618 illud
1504 2573 1749 2617 miraculum
1792 2572 1901 2627 quod

221 2651 369 2692 cristus
402 2650 639 2692 ostenderat
669 2649 710 2690 in
745 2649 930 2704 predicta
970 2649 1114 2703 regina
1152 2661 1230 2702 que
1270 2647 1422 2689 sterilis
1464 2650 1553 2689 erat
1598 2645 1692 2687 Ideo
1723 2644 1901 2685 multum

221 2722 490 2763 mirabantur.
547 2721 741 2763 Inimicus
783 2725 918 2762 autem
961 2720 1130 2762 humani
1167 2719 1328 2772 generis
1362 2718 1504 2760 dolens
1536 2717 1586 2759 de
1617 2719 1734 2758 tanta
1766 2714 1902 2770 perdi-

221 2793 336 2834 cione
384 2793 638 2844 animarum,
685 2792 726 2832 in
776 2805 950 2845 puerum
997 2795 1138 2832 natum
1180 2803 1222 2831 se
1263 2788 1575 2842 transfiguravit
1612 2791 1652 2829 et
1697 2786 1901 2841 accipiens

221 2863 413 2905 heredem
454 2868 494 2906 et
534 2867 704 2918 portans
744 2875 835 2903 eum
877 2876 1035 2904 romam
1075 2862 1117 2903 in
1158 2860 1305 2902 silvam
1345 2864 1386 2901 et
1425 2873 1516 2902 eum
1558 2859 1601 2900 in
1639 2862 1782 2913 sporta
1812 2871 1901 2899 sus—

223 2935 364 2988 pendit
403 2935 453 2976 ad
494 2935 654 2976 laurum
696 2938 735 2975 et
775 2934 832 2975 sic
872 2947 964 2975 eum
1004 2932 1183 2987 pendere
1223 2932 1392 2973 dimisit.
1446 2929 1645 2972 Diabolus
1683 2930 1726 2970 in
1766 2928 1901 2984 specie
