1919 3157
865 53 946 94 ‘297

71 159 212 201 Donec
243 157 407 200 audiam
441 157 490 200 de
523 171 673 214 sponso
705 171 796 201 meo
829 158 1087 213 dulcissimo,
1121 160 1171 201 ad
1204 161 1334 202 instar
1366 161 1538 203 turturis
1571 162 1744 204 manebo

69 235 216 272 tecum.
270 229 372 271 Cum
414 243 509 283 ergo
549 229 722 271 Alexius
761 230 802 271 in
844 230 1027 286 predicto
1069 232 1173 273 atrio
1219 245 1310 272 xvn
1351 233 1468 273 annis
1500 233 1541 274 in
1573 233 1744 275 servicio

69 301 134 344 dei
166 301 475 357 permansisset,
508 301 642 354 imago
675 301 840 343 tandem
875 301 991 344 beate
1024 303 1217 356 virginis,
1250 316 1328 357 que
1358 303 1509 345 ibidem
1544 307 1644 356 erat,
1678 317 1745 345 cu-

70 372 176 414 stodi
208 371 376 414 ecclesie
409 372 532 413 dixit:
567 371 649 414 Fac
683 373 852 415 introire
885 373 1090 416 hominem
1125 374 1203 427 dei,
1238 375 1333 429 quia
1361 374 1508 427 dignus
1538 378 1600 416 est
1620 389 1745 429 regno

69 443 263 498 celorum,
297 448 337 486 et
368 444 539 499 spiritus
571 443 633 485 dei
668 444 888 497 requiescit
921 459 1043 500 super
1076 458 1188 495 eum3
1227 459 1321 486 nam
1356 446 1490 487 oracio
1523 447 1610 499 ejus
1642 446 1748 488 sicut
1771 452 1793 487 5

69 516 280 558 incensum
319 515 360 557 in
403 519 623 570 conspectu
663 515 727 557 dei
768 515 964 557 ascendit.
1020 515 1121 558 Cum
1155 519 1290 558 autem
1325 520 1462 558 custos
1494 516 1544 558 de
1576 530 1653 571 quo
1687 517 1748 559 di-

69 591 180 630 ceret
210 587 431 641 ignoraret,
466 586 613 627 iterum
647 587 752 628 dixit
785 587 845 629 ei:
882 586 951 629 [116
984 587 1052 641 qui
1086 587 1200 629 sedet
1230 587 1330 628 foris
1360 587 1400 628 in
1424 588 1528 629 atrio
1551 588 1640 643 ipse
1672 592 1745 630 est.

71 658 184 700 Tunc
215 661 352 700 custos
383 657 557 699 festinus
590 658 691 699 exiit
723 662 763 700 et
794 659 929 713 ipsum
962 659 1003 699 in
1038 657 1252 700 ecclesiam
1276 658 1406 700 duxit.
1456 657 1571 708 Quod
1593 658 1746 701 factum

69 742 161 771 cum
194 729 351 771 cunctis
383 729 669 783 innotesceret,
704 734 744 772 et
775 729 826 771 ab
859 729 1050 771 omnibus
1082 730 1270 772 venerari
1302 730 1492 785 cepisset,
1526 729 1748 772 humanam

69 799 241 854 gloriam
274 800 434 854 fugiens
466 800 559 842 inde
590 801 772 853 recessit,
806 801 943 854 ibique
974 801 1113 842 navim
1145 801 1385 855 ascendens,
1419 814 1511 842 cum
1544 801 1587 842 in
1620 801 1747 843 Thar—
1776 808 1817 842 10

71 871 146 913 sim
181 870 322 914 Cicilie
354 871 477 914 vellet
515 885 706 927 pergere,
747 872 1012 927 dispensante
1051 872 1125 914 deo
1164 873 1282 914 navis
1324 886 1348 914 a
1386 873 1519 914 ventis
1556 872 1677 928 pulsa
1706 873 1748 914 in

70 955 285 985 romanum
325 947 489 998 portum
530 943 707 986 devenit.
771 942 885 993 Quod
925 956 1095 985 cernens
1134 943 1307 985 Alexius
1349 944 1407 985 ait
1445 944 1553 986 inter
1593 958 1657 986 se:
1704 943 1749 986 In

71 1013 190 1056 domo
223 1014 353 1070 patris
392 1015 472 1056 mei
511 1015 675 1068 ignotus
713 1014 909 1068 manebo,
951 1027 1026 1056 nec
1065 1013 1183 1056 alteri
1221 1027 1416 1057 onerosus
1449 1028 1531 1057 ero.
1583 1015 1749 1058 Patrem

71 1098 166 1127 vero
198 1098 223 1127 a
255 1085 414 1141 palacio
446 1086 687 1128 redeuntem
720 1085 985 1128 multitudine
1008 1085 1322 1140 obsequencium
1347 1086 1646 1129 circumdatum
1679 1087 1750 1129 ob-

71 1157 182 1198 vium
214 1156 357 1199 habuit
389 1170 435 1199 ac
466 1161 560 1213 post
592 1171 683 1199 eum
717 1157 897 1199 clamare
929 1157 1056 1212 cepit:
1099 1156 1223 1199 Serve
1264 1157 1350 1211 dei,
1388 1171 1454 1200 me
1486 1159 1750 1214 peregrinum
1777 1164 1819 1200 15

72 1228 114 1270 in
147 1227 267 1270 domo
299 1231 370 1270 tua
403 1229 554 1284 suscipi
582 1229 728 1283 jubeas
762 1232 802 1271 et
833 1228 882 1270 de
914 1228 1031 1270 micis
1064 1242 1205 1270 mense
1236 1232 1304 1270 tue
1335 1229 1485 1271 nutriri
1517 1230 1664 1284 facias,
1704 1233 1750 1272 ut

70 1299 130 1341 tui
162 1312 323 1354 quoque
356 1300 562 1355 peregrini
595 1301 785 1342 dominus
818 1299 1011 1353 dignetur
1042 1299 1243 1342 misereri.
1292 1299 1406 1350 Quod
1429 1300 1599 1343 audiens
1631 1304 1750 1357 pater

72 1370 122 1412 ob
145 1384 343 1412 *amorem
384 1370 457 1412 filii
497 1372 559 1413 sui
600 1385 692 1413 eum
725 1371 879 1426 suscipi
903 1371 1030 1425 jussit
1071 1374 1111 1412 et
1140 1371 1275 1413 locum
1308 1372 1521 1427 proprium
1554 1373 1597 1414 in
1629 1372 1749 1414 domo

73 1455 147 1483 sua
176 1442 322 1484 tribuit
353 1448 394 1485 et
424 1443 557 1485 cibum
591 1443 641 1485 de
673 1455 816 1485 mensa
847 1455 921 1484 sua
953 1441 1031 1484 sibi
1064 1442 1277 1484 constituit
1316 1446 1356 1485 et
1386 1443 1622 1486 ministrum
1655 1457 1750 1499 pro-

72 1513 207 1569 prium
240 1513 457 1568 delegavit.
511 1514 602 1571 Ipse
642 1518 776 1557 autem
816 1514 859 1555 in
900 1513 1160 1555 oracionibus
1199 1515 1492 1569 perseverabat
1532 1519 1572 1558 et
1601 1528 1751 1572 corpus
1775 1521 1820 1556 20

75 1598 192 1627 suum
228 1585 398 1640 jejuniis
444 1586 693 1629 macerabat.
756 1585 919 1628 Famuli
960 1589 1096 1627 autem
1143 1585 1288 1628 domus
1335 1587 1471 1643 ipsum
1518 1587 1751 1630 deridentes

73 1669 221 1711 aquam
253 1656 492 1699 utensilium
525 1657 670 1700 domus
703 1671 827 1713 super
858 1660 983 1712 caput
1014 1657 1101 1711 ejus
1132 1657 1369 1712 frequenter
1400 1658 1648 1713 fundebant,
1681 1659 1753 1702 sed

72 1728 161 1784 ipse
195 1727 245 1770 ad
277 1729 416 1770 omnia
446 1728 565 1771 valde
597 1730 764 1785 paciens
797 1732 896 1771 erat.
943 1727 1116 1770 Alexius
1138 1741 1234 1770 xvn
1257 1730 1374 1771 annis
1403 1730 1445 1772 in
1469 1730 1589 1773 domo
1620 1731 1752 1787 patris

73 1799 236 1854 ignotus
267 1800 473 1842 manebat.
522 1800 675 1843 Videns
708 1814 803 1854 ergo
835 1813 910 1856 per
942 1799 1156 1855 spiritum,
1197 1800 1305 1854 quod
1335 1802 1536 1844 terminus
1568 1803 1650 1845 vite
1681 1815 1754 1845 sue

74 1871 448 1927 appropinquaret,
482 1876 637 1915 cartam
669 1885 760 1914 cum
797 1875 1026 1913 atramento
1059 1871 1185 1927 peciit
1216 1875 1256 1914 et
1288 1876 1420 1915 totum
1453 1873 1638 1916 ordinem
1671 1874 1754 1917 vite
1779 1880 1823 1914 25

74 1955 146 1985 sue
183 1942 336 1985 ibidem
375 1944 553 1999 scripsit.
617 1943 835 1985 Dominica
873 1942 999 1996 igitur
1039 1946 1135 1998 post
1175 1944 1393 1986 missarum
1443 1945 1673 2001 solempnia
1710 1945 1753 1987 in

73 2015 307 2057 sanctuario
340 2015 389 2058 de
422 2015 507 2057 celo
541 2013 655 2069 [vox]
688 2014 868 2057 intonuit
898 2014 1058 2057 dicens:
1099 2015 1247 2058 Venite
1288 2015 1340 2057 ad
1379 2029 1444 2058 me
1482 2030 1644 2070 omnes,
1683 2017 1753 2072 qui

73 2085 270 2128 laboratis
311 2090 352 2129 et
391 2087 547 2129 onerati
589 2087 686 2129 estis
727 2090 802 2128 etc.
856 2085 971 2136 Quod
1005 2086 1217 2129 audientes
1250 2100 1392 2129 omnes
1425 2088 1466 2129 in
1498 2087 1623 2130 facies
1656 2101 1752 2130 suas

74 2157 321 2200 ceciderunt.
370 2158 425 2200 Et
457 2171 548 2201 ecce
579 2172 657 2200 vox
691 2157 868 2200 secundo
902 2158 1015 2200 venit
1036 2158 1194 2201 dicens:
1236 2158 1402 2208 Querite
1433 2158 1640 2202 hominem
1673 2159 1751 2213 dei,

75 2233 120 2271 ut
151 2233 241 2272 oret
271 2242 345 2286 pro
376 2229 526 2272 Roma!
576 2229 848 2280 Querentibus
880 2229 963 2271 illis
998 2234 1038 2272 et
1065 2230 1234 2272 minime
1266 2230 1570 2272 invenientibus
1602 2231 1751 2273 iterum
1777 2238 1823 2273 30

75 2301 227 2344 dictum
262 2305 343 2343 est:
376 2301 421 2343 In
454 2301 575 2343 domo
599 2301 832 2343 Eufemiani
856 2302 1034 2355 querite!
1083 2301 1320 2356 Requisitus
1345 2301 1414 2344 ille
1436 2301 1561 2344 nichil
1584 2315 1626 2344 sc
1648 2302 1753 2344 scire

76 2372 248 2415 dicebat.
275 2370 364 2427 [14]
412 2372 527 2414 Tunc
558 2373 827 2428 imperatores
849 2372 1053 2414 Arcadius
1083 2376 1124 2415 et
1144 2372 1351 2415 Honorius
1374 2386 1456 2415 una
1477 2386 1568 2415 cum
1591 2386 1751 2415 summo

75 2443 267 2500 pontifice
289 2443 529 2486 Innocencio
563 2443 613 2485 ad
646 2443 809 2485 domum
843 2443 1019 2498 predicti
1051 2444 1128 2486 viri
1160 2448 1362 2487 venerunt
1393 2448 1433 2487 et
1462 2457 1553 2487 ecce
1574 2458 1654 2486 vox
1675 2444 1752 2486 mi-

76 2515 194 2557 nistri
226 2515 365 2557 Alexii
397 2515 447 2557 ad
479 2514 689 2557 dominum
723 2528 840 2556 suum
875 2515 986 2557 venit
1017 2515 1176 2557 dicens:
1221 2515 1344 2570 Vide,
1385 2516 1568 2569 domine,
1601 2529 1653 2558 ne
1683 2515 1753 2558 ille

76 2587 317 2642 peregrinus
347 2590 487 2629 noster
520 2587 586 2640 sit,
619 2587 687 2641 qui
718 2599 865 2640 magne
898 2586 980 2628 vite
1012 2590 1052 2628 et
1077 2587 1285 2642 paciencie
1307 2587 1428 2629 homo
1451 2591 1524 2630 est.
1573 2586 1752 2629 Currens
1777 2594 1822 2628 35

77 2658 202 2712 igitur
232 2657 500 2700 Eufemianus
541 2671 632 2699 eum
673 2657 908 2700 defunctum
950 2657 1108 2700 invenit
1147 2661 1187 2701 et
1218 2658 1377 2701 vultum
1419 2658 1504 2712 ejus
1537 2661 1751 2713 tamquam

79 2729 235 2772 vultum
267 2729 401 2783 angeli
432 2728 669 2772 rutilantem
703 2728 819 2782 vidit,
854 2728 1060 2783 voluitque
1089 2733 1261 2784 cartam,
1295 2743 1416 2784 quam
1450 2729 1492 2771 in
1524 2742 1648 2771 manu
1681 2729 1752 2772 ha-

81 2800 222 2855 bebat,
263 2801 467 2856 accipere,
508 2800 578 2843 sed
610 2800 807 2855 nequivit.
858 2799 1047 2842 Exeunte
1078 2814 1174 2855 ergo
1213 2814 1259 2844 6ο
1301 2813 1392 2843 cum
1425 2801 1500 2843 hoc
1531 2801 1753 2856 imperato-

173 2894 217 2928 20
242 2893 290 2938 et]
317 2899 401 2940 oriq.
420 2898 457 2928 ct
480 2894 569 2938 ipse.
653 2893 696 2927 23
723 2893 827 2958 xva}
843 2898 928 2939 orig).
946 2893 1114 2929 sedecim.
1195 2895 1240 2930 24
1265 2892 1445 2937 manebat]
1473 2899 1557 2940 oriy.
1576 2892 1752 2929 monebat.

15 2983 18 2986 .
81 2953 124 2988 28
149 2951 331 2997 laboratis]
360 2958 444 3000 oriy.
463 2952 596 2987 laratis.
