1954 3137
169 1020 235 1060 34.

169 1306 236 1346 36.

171 1591 237 1633 38.

170 1734 237 1775 39.

169 1877 239 1918 40.

171 2020 240 2060 41.

172 2162 241 2203 42.

173 2305 241 2346 43.

173 2447 242 2488 44.

174 2587 242 2628 45.

175 2729 243 2770 46.

175 2871 243 2912 47.

981 60 1035 101 84

283 164 375 219 Seq.
418 164 478 206 De
513 164 642 206 milite
675 165 744 218 qui
778 165 889 207 venit
922 166 1023 207 semi
1057 164 1272 206 ambulans
1305 169 1380 207 ete.
1440 165 1611 215 Quidam
1647 164 1765 207 miles
1799 164 1849 207 ad

283 236 451 277 curiam.
503 234 625 286 (Halb
657 235 866 288 geritten.)
914 235 983 277 lat.
1012 236 1107 276 124.

284 306 376 360 Seq.
424 306 485 348 De
518 306 649 348 tribus
682 306 814 359 magis
849 306 916 360 qui
951 305 1116 347 domino
1148 320 1321 349 munera
1353 306 1602 349 obtulerunt.
1660 306 1746 350 Rex
1780 307 1850 349 da-

284 378 452 419 riorum.
503 376 624 428 (Heil.
649 376 737 418 drei
771 377 951 430 konige.)
998 376 1069 418 lat.
1094 377 1163 418 47.

282 448 344 490 De
384 449 635 503 imperatore
676 453 716 490 et
752 448 835 489 filio
870 448 938 502 qui
972 448 1172 501 virginem
1208 447 1433 491 defloravit.
1490 448 1631 491 Refert
1663 448 1851 491 Valerius

286 520 393 574 quod
427 519 639 573 Selongus.
690 519 934 571 (Zaleucus.)
982 519 1053 561 lat.
1079 520 1147 561 50.

169 593 192 632 3
226 624 234 632 .
283 590 345 633 De
386 590 624 632 allexandro
666 595 706 632 et
742 604 837 644 rege
870 590 1074 632 indorum.
1130 589 1383 633 Allexander
1417 604 1589 644 magnus
1622 591 1712 646 pori
1744 591 1852 644 regis

284 662 487 703 indorum.
537 661 747 713 (Gesohirr
780 661 971 713 stehlen.)
1021 675 1115 717 app.
1141 663 1179 703 2.

283 733 346 775 De
380 733 627 788 prob-acione
659 733 858 775 bonorum
893 737 933 774 et
963 733 1178 775 malorum.
1227 732 1429 775 Ezeohias
1451 733 1641 787 regnavit
1664 733 1734 788 qui
1754 737 1851 776 tres.

287 804 563 856 (Baumerbe.)
612 818 738 857 germ.
765 807 832 846 81.

285 876 347 918 De
369 875 549 917 Jonatha
582 876 651 929 qui
684 876 764 917 tria
795 876 973 918 clinodia
1006 875 1161 918 habuit.
1210 875 1362 917 Darius
1395 875 1437 916 in
1470 875 1636 918 civitate
1666 888 1848 917 romana.

287 947 535 996 (Jonathas.)
582 947 653 988 lat.
684 948 775 988 120.

287 1018 379 1072 Seq.
430 1018 490 1060 De
530 1018 658 1060 nimia
697 1018 957 1060 correeeione
991 1022 1030 1060 et
1064 1018 1390 1073 presumpcione.
1445 1017 1691 1060 Jovinianus
1722 1018 1855 1074 impe-

286 1094 410 1132 rator.
461 1089 754 1141 (Jovinianus.)
802 1089 872 1131 lat.
898 1091 966 1131 59.

286 1160 378 1215 Seq.
419 1161 481 1203 De
514 1161 624 1202 dulci
655 1161 835 1203 melodia
866 1165 906 1203 et
934 1162 1152 1216 piscatore.
1203 1160 1391 1203 Tiberius
1414 1161 1457 1202 in
1481 1161 1647 1204 civitate
1670 1174 1852 1203 romana.

287 1231 463 1284 (Goldne
495 1232 646 1286 angel.)
694 1232 765 1274 lat.
791 1233 858 1274 85.

287 1303 378 1358 Seq.
418 1303 482 1346 De
514 1303 767 1359 Imperatore
800 1305 915 1358 eujus
937 1303 1064 1346 filiam
1088 1304 1205 1346 duxit
1227 1306 1422 1346 socrates.
1469 1302 1667 1346 Blandius
1689 1303 1732 1346 in
1755 1303 1854 1345 civi-

285 1379 382 1418 tate.
432 1375 639 1427 (Soerates
672 1376 905 1427 heirathet.)
953 1375 1022 1418 lat.
1049 1377 1116 1417 61.

228 1481 236 1489 .
287 1447 378 1502 Seq.
428 1447 490 1489 De
529 1446 748 1489 florentina
786 1461 863 1502 que
903 1447 1082 1489 animam
1123 1446 1339 1500 signifieat.
1402 1445 1551 1488 Garius
1590 1446 1633 1488 in
1671 1446 1850 1489 civitate.

287 1518 573 1570 (Florentina.)
623 1519 693 1560 lat.
720 1520 787 1560 62.

289 1589 382 1644 Seq.
425 1590 488 1632 De
521 1596 711 1645 serpente
743 1593 783 1631 et
815 1603 1018 1645 campana
1050 1594 1090 1632 et
1105 1589 1272 1644 judicio.
1324 1588 1578 1631 Theodosius
1601 1589 1791 1643 regnavit
1811 1588 1853 1630 in

287 1662 467 1703 civitate.
519 1660 855 1714 (Riigenglocke.)
903 1661 973 1703 lat.
1002 1662 1096 1702 165.

288 1732 380 1787 Seq.
430 1732 492 1775 De
531 1732 649 1774 leone
681 1736 722 1774 et
752 1731 871 1774 leena
903 1736 943 1775 et
974 1732 1182 1787 leopardo.
1238 1731 1409 1786 Legitur
1442 1731 1551 1786 quod
1582 1731 1749 1787 quidam
1780 1745 1854 1774 rex

286 1804 441 1846 habuit.
492 1803 683 1855 (Lewin.)
730 1803 802 1844 lat.
830 1804 923 1844 181.

289 1875 381 1930 Seq.
425 1874 487 1917 De
521 1878 608 1916 orto
642 1888 762 1929 quem
795 1888 894 1930 aper
927 1874 1142 1917 destruxit.
1192 1874 1394 1929 Trajanus
1426 1875 1469 1916 in
1493 1873 1660 1917 civitate
1682 1887 1854 1916 romana

287 1961 400 2000 regn.
450 1945 575 1997 (Eber
608 1946 712 1988 ohne
744 1946 872 1998 herZ.)
919 1946 988 1989 lat.
1014 1946 1082 1987 83.

288 2018 351 2060 De
383 2018 542 2071 virgine
576 2031 653 2071 que
685 2018 900 2059 camisiam
923 2018 1088 2060 fecerat.
1136 2016 1372 2059 Anthonius
1393 2017 1440 2059 In
1462 2017 1631 2060 civitate
1652 2016 1849 2060 Romana.

291 2089 454 2142 (Hemd7
489 2088 576 2130 drei
608 2088 718 2140 zell.)
766 2089 835 2131 lat.
862 2090 928 2131 64.

292 2160 384 2215 Seq.
425 2159 486 2202 De
518 2159 649 2201 milite
681 2163 722 2202 et
752 2160 912 2202 falcone
945 2163 985 2203 et
1015 2160 1193 2202 domina.
1241 2159 1476 2216 Pampeyus
1508 2160 1552 2202 in
1584 2160 1751 2203 civitate
1774 2159 1855 2202 Ro-

290 2245 425 2274 mana.
475 2229 649 2283 (Falke.)
698 2231 768 2273 lat.
795 2232 861 2273 34.

289 2303 352 2346 De
383 2302 515 2344 tribus
549 2302 670 2344 sociis
702 2302 757 2344 Et
789 2317 868 2345 uno
903 2316 1021 2358 pane.
1072 2302 1180 2345 Olim
1212 2302 1379 2345 fuerunt
1400 2307 1484 2345 tres
1507 2303 1619 2345 socii.
1665 2303 1855 2356 (Traum-

291 2374 423 2425 brod.)
470 2373 541 2415 lat.
570 2375 664 2415 106.

290 2446 352 2488 De
384 2458 511 2500 puero
545 2447 585 2486 et
615 2448 782 2498 pastore
811 2450 851 2487 et
873 2445 982 2501 lupo.
1031 2445 1182 2488 Lucius
1205 2446 1395 2500 regnavit
1415 2446 1459 2488 in
1480 2445 1648 2488 civitate
1669 2459 1853 2488 romana.
1915 2492 1921 2495 ,

292 2516 481 2568 (Gnade.)
530 2529 659 2569 germ.
684 2517 752 2557 34.

290 2587 353 2629 De
385 2586 577 2628 militissa
610 2586 840 2630 adulterata
864 2592 904 2631 et
925 2588 1020 2630 filio.
1064 2588 1274 2630 Adrianus
1296 2588 1339 2629 in
1360 2587 1528 2630 civitate
1549 2601 1720 2630 romana
1741 2601 1854 2643 regn.

294 2658 701 2713 (Kerkergespraeh.)
747 2658 818 2700 lat.
845 2659 911 2701 86.
1304 2649 1306 2651 ‚

291 2728 353 2771 De
401 2734 575 2784 quatuor
621 2729 699 2770 viis
748 2734 788 2771 et
836 2730 919 2772 vita
957 2730 1148 2773 hominis.
1211 2730 1359 2773 Melius
1397 2729 1441 2771 in
1479 2730 1646 2773 civitate
1685 2742 1857 2772 romana

291 2801 492 2852 regnavit.
542 2800 692 2852 (Kreuz
726 2800 803 2842 mit
832 2801 1105 2853 insehriften.)
1156 2802 1227 2844 lat.
1253 2801 1320 2843 65.

293 2870 355 2912 De
386 2872 504 2925 nigro
538 2885 641 2927 equo
675 2874 715 2913 et
747 2885 845 2913 cane
879 2876 918 2914 et
938 2872 1110 2915 falcone.
1160 2872 1394 2929 Tymaehus
1416 2872 1459 2914 in
1481 2871 1648 2915 civitate
1670 2885 1854 2915 romana.

294 2942 550 2994 (Aemicius.)
598 2942 839 2994 (Schwarz.)
887 2957 1014 2997 germ.
1040 2945 1107 2986 35.
