1949 3162
993 99 1078 141 654

201 205 380 246 animam
414 205 455 245 in
488 204 667 259 peccatis
700 204 970 246 dormientem
1005 204 1202 257 inveniat,
1237 203 1435 258 puellam,
1468 204 1493 245 i.
1518 217 1551 246 e.
1585 215 1743 246 sacram
1776 202 1870 245 doc-

199 276 364 328 trinam,
397 276 438 316 in
472 288 519 316 ea
550 274 710 316 occidit.
744 274 920 317 Ducissa
951 288 1061 328 vero,
1093 275 1119 316 i.
1145 288 1177 316 e.
1212 275 1480 328 consciencia,
1514 288 1585 330 per
1607 274 1745 316 lumen
1765 273 1869 316 lam-

200 346 338 402 padis,
371 346 396 387 i.
422 359 455 388 e.
479 346 614 399 gracie
647 345 796 398 divine,
830 359 919 387 cum
954 345 1029 387 hoc
1062 346 1212 387 viderit
1244 346 1396 387 excitat
1427 346 1584 399 ducem,
1617 346 1642 387 i.
1671 359 1702 387 e.
1739 345 1869 387 racio-

199 431 305 471 nem,
338 421 384 458 ut
414 417 594 458 animam
629 430 652 458 a
684 417 861 471 peccatis
894 417 1060 469 excitat,
1097 417 1202 471 quod
1225 417 1336 470 facit,
1371 421 1410 458 et
1436 416 1485 458 ad
1509 417 1614 458 viam
1640 417 1869 472 penitencie

198 488 358 542 dirigit,
395 489 436 529 in
469 501 548 542 qua
581 488 646 529 via
678 487 780 529 vidit
811 491 967 543 septem
1001 488 1210 541 homines,
1244 488 1268 529 i.
1294 500 1327 529 e.
1363 491 1521 541 septem
1553 490 1721 542 peccata
1754 500 1861 529 mor-

198 560 317 613 talia,
355 560 487 615 parati
528 572 619 601 eum
663 559 713 600 ad
752 558 981 614 patibulum
1020 559 1169 600 inferni
1210 559 1377 611 ducere,
1417 561 1515 599 tunc
1554 557 1676 600 debes
1711 558 1862 613 precio,

198 631 222 672 i.
248 644 280 673 e.
315 630 431 672 bonis
465 631 656 686 operibus
689 630 876 672 liberare.
920 628 1093 670 Demum
1130 630 1266 684 pergit
1298 629 1349 670 ad
1380 629 1602 682 civitatem,
1634 629 1660 670 i.
1685 642 1718 670 e.
1752 642 1869 670 mun-

198 702 308 755 dum,
341 706 437 743 tunc
468 702 580 744 venit
610 702 739 754 navis,
773 701 798 742 i.
824 714 856 742 e.
880 701 1041 742 vanitas
1076 700 1230 753 mundi,
1265 700 1306 741 in
1331 712 1410 753 qua
1442 704 1537 741 sunt
1567 699 1730 741 diversa
1761 713 1866 741 mer-

198 774 375 816 cimonia
413 774 438 814 i.
474 786 507 814 e.
549 772 856 814 delectaciones.
920 771 1116 824 Magister
1154 771 1270 813 navis
1313 775 1375 812 est
1412 770 1532 812 homo
1572 775 1761 826 peccator
1799 771 1868 826 qui

196 845 346 887 invitat
367 848 406 886 te
429 857 502 899 per
525 857 700 897 servum,
734 843 760 884 i.
785 857 818 885 e.
846 843 1141 897 adulacionem,
1176 847 1216 885 et
1247 842 1379 884 elevat
1411 841 1607 883 vexillum
1639 843 1868 896 iniquitatis

198 920 238 958 et
269 915 380 957 ducit
411 919 450 956 te
482 915 521 956 in
555 929 681 968 mare,
713 914 738 955 i.
763 927 796 956 e.
830 915 871 955 in
904 918 1117 969 peccatum
1149 918 1189 955 te
1220 913 1397 955 intendit
1419 913 1630 968 projicere.
1668 913 1699 955 F
1704 927 1750 956 ac
1772 927 1867 967 ergo

197 988 302 1029 sicut
330 986 428 1028 fecit
459 986 643 1038 domina,
678 998 783 1041 pone
813 989 854 1027 te
886 985 937 1026 ad
969 985 1213 1038 oracionem,
1250 988 1348 1027 tunc
1380 985 1492 1026 venit
1523 989 1746 1039 tempestas
1779 985 1804 1026 i.
1828 998 1862 1026 e.

197 1059 392 1101 contricio
426 1058 474 1099 de
506 1057 704 1112 peccatis,
738 1060 778 1098 et
810 1057 948 1098 omnia
979 1057 1287 1111 subjurguntur.
1343 1055 1457 1098 Tunc
1489 1056 1539 1097 ad
1572 1056 1867 1097 monasterium

196 1131 221 1171 i.
246 1143 278 1172 e.
321 1129 470 1171 bonam
511 1129 636 1171 vitam
675 1128 890 1183 pervenias
929 1131 970 1169 et
1008 1141 1148 1169 omnes
1188 1127 1392 1181 infirmos,
1433 1127 1459 1168 i.
1492 1141 1526 1169 e.
1561 1140 1705 1169 sensus
1745 1140 1866 1169 sanas

197 1215 270 1257 per
300 1200 427 1242 bonas
460 1200 605 1242 herbas
637 1199 663 1241 i.
689 1213 721 1241 e.
757 1199 948 1252 virtutes,
988 1203 1028 1241 et
1068 1212 1141 1254 per
1180 1199 1392 1240 continens
1435 1198 1730 1254 Imperatorem
1769 1198 1794 1240 i.
1829 1211 1863 1240 e.

196 1272 405 1314 dominum
440 1274 624 1312 nostrum
657 1270 815 1313 ihesum
849 1269 1030 1312 Cristum
1063 1270 1246 1312 invenies
1280 1273 1354 1312 etc.

866 1525 973 1579 ⁶250,
1005 1537 1107 1579 app.
1131 1523 1202 1567 54.

313 1627 530 1669 Heinricus
561 1627 603 1668 in
625 1627 792 1669 civitate
812 1625 997 1668 Romana
1028 1626 1229 1679 regnavit,
1264 1626 1332 1680 qui
1366 1625 1511 1667 statuit
1543 1639 1616 1680 pro
1647 1624 1736 1679 lege
1760 1624 1868 1679 quod

197 1699 232 1740 si
265 1699 354 1753 quis
387 1702 494 1741 esset
524 1701 668 1753 captus
700 1711 773 1753 pro
807 1698 945 1752 aliqua
976 1697 1304 1751 transgressione
1337 1701 1377 1739 et
1407 1697 1450 1738 in
1482 1710 1687 1739 carcerem
1709 1697 1867 1752 positus

198 1770 231 1811 si
263 1783 466 1812 carcerem
501 1769 673 1811 evadere
705 1773 844 1824 posset
875 1773 915 1811 et
947 1768 998 1810 ad
1020 1768 1239 1824 pallacium
1273 1772 1456 1810 curreret
1487 1782 1535 1811 ac
1566 1768 1721 1810 intrare
1752 1772 1867 1810 ante-

198 1855 319 1896 quam
366 1842 554 1883 detentus
601 1844 727 1894 esset,
775 1844 1135 1895 quantumcunque
1174 1839 1306 1882 malus
1346 1840 1548 1894 refugium
1589 1839 1758 1882 haberet
1797 1839 1866 1881 sed

197 1918 332 1955 custos
364 1913 537 1955 carceris
569 1912 750 1966 graviter
782 1911 1010 1967 puniretur.
1063 1911 1227 1954 Accidit
1258 1925 1375 1954 casus
1410 1911 1516 1966 quod
1551 1911 1715 1966 quidam
1748 1910 1866 1952 miles

197 1988 339 2026 contra
369 1984 578 2026 dominum
610 1997 748 2036 regem
783 1983 938 2038 aliquid
977 1982 1150 2037 deliquit
1191 1987 1230 2024 et
1269 1987 1438 2038 propter
1476 1983 1552 2025 hoc
1590 1983 1865 2024 incarceratus

198 2060 238 2098 et
276 2056 318 2097 in
350 2056 493 2097 eodem
525 2068 687 2097 carcere
727 2055 1011 2110 multipliciter
1050 2053 1221 2107 singulis
1262 2053 1405 2096 diebus
1446 2055 1634 2109 punitus3
1675 2053 1795 2109 panis
1827 2055 1867 2094 et

198 2140 304 2181 aqua
340 2126 509 2168 cottidie
545 2126 622 2168 sibi
662 2126 857 2179 dabatur,
905 2125 1013 2167 unde
1053 2124 1234 2167 totaliter
1281 2129 1343 2167 est
1382 2125 1639 2167 anichilatus.
1703 2124 1867 2166 Accidit

198 2198 304 2252 quod
337 2198 447 2239 omni
478 2197 542 2239 die
580 2210 654 2252 per
693 2197 897 2251 quandam
934 2197 1157 2238 fenestram
1195 2196 1366 2238 intravit
1405 2196 1580 2251 quedam
1619 2195 1867 2251 phylomena

198 2283 275 2324 que
306 2269 410 2311 miro
443 2268 561 2310 modo
595 2268 768 2310 dulciter
799 2268 992 2310 cantavit.
1026 2267 1144 2309 Miles
1177 2267 1254 2309 iste
1288 2281 1359 2323 per
1392 2271 1554 2309 cantum
1581 2267 1667 2322 ejus
1689 2266 1864 2308 multum

198 2344 260 2382 est
290 2340 537 2393 consolatus,
571 2340 620 2381 de
641 2353 746 2395 pane
769 2353 841 2381 suo
875 2339 986 2381 omni
1018 2339 1082 2380 die
1116 2339 1151 2381 ei
1184 2339 1296 2380 dedit
1328 2342 1368 2381 et
1399 2339 1457 2380 sic
1489 2339 1765 2394 philomenam
1790 2351 1864 2379 nu-

197 2412 323 2454 trivit.
377 2411 477 2453 Cum
518 2425 614 2453 vero
654 2410 780 2453 semel
816 2416 923 2452 esset
953 2410 1128 2452 multum
1160 2410 1389 2464 desolatus,
1427 2410 1599 2452 intravit
1630 2409 1865 2465 philomena

198 2487 238 2525 et
267 2483 309 2524 in
341 2483 496 2536 gremio
529 2483 615 2536 ejus
647 2481 820 2523 dulciter
852 2482 961 2537 cepit
992 2485 1169 2524 cantare.
1205 2481 1297 2523 ⁴Ait
1335 2481 1475 2524 miles:
1516 2481 1548 2523 Ο
1588 2481 1695 2523 bona
1735 2480 1865 2536 philo-

197 2568 317 2596 mena
349 2554 446 2608 quid
478 2554 587 2596 valet
618 2557 761 2595 cantus
794 2557 887 2595 tuus
919 2553 961 2594 in
993 2553 1070 2595 hac
1101 2553 1279 2595 miseria.
1335 2552 1377 2594 Si
1417 2556 1560 2594 cantus
1600 2555 1695 2593 tuus
1729 2554 1867 2606 posset

196 2639 262 2668 me
293 2625 467 2667 liberare
500 2639 523 2666 a
554 2637 715 2666 carcere
748 2624 902 2679 optime
933 2624 1009 2666 tibi
1040 2624 1331 2666 ministrarem.
1366 2623 1454 2665 Hiis
1488 2623 1607 2665 dictis
1629 2622 1864 2678 philomena

197 2696 386 2739 evolavit.
450 2696 593 2738 Tereia
633 2695 698 2737 die
737 2694 860 2736 rediit
900 2698 1068 2750 portans
1107 2695 1150 2736 in
1190 2699 1322 2737 rostro
1365 2708 1437 2736 suo
1480 2707 1652 2750 parvum
1684 2693 1863 2748 lapidem

198 2781 318 2823 quem
349 2767 392 2808 in
423 2767 623 2820 gremium
655 2767 741 2820 ejus
774 2766 918 2808 cadere
950 2766 1149 2821 permisit.
1198 2765 1316 2808 Miles
1348 2778 1437 2807 cum
1470 2765 1648 2821 lapidem
1682 2764 1864 2818 vidisset,

199 2838 506 2880 ammirabatur.
561 2837 709 2879 Statim
750 2837 908 2892 accepit
944 2836 1124 2892 lapidem
1163 2840 1203 2879 et
1240 2837 1421 2878 manicas
1461 2836 1614 2878 ferreas
1652 2835 1789 2888 tetigit
1825 2839 1866 2877 et

197 2909 392 2951 dissolute
423 2913 530 2950 sunt.
572 2908 689 2950 Miles
720 2908 885 2961 gavisus
919 2912 991 2950 est.
1036 2907 1183 2950 Statim
1217 2907 1400 2963 perrexit
1432 2907 1484 2949 ad
1505 2907 1656 2948 ostium
1688 2906 1862 2948 carceris

198 2983 238 3022 et
269 2981 416 3022 ostium
451 2984 636 3035 apertum
671 2983 733 3021 est
764 2982 804 3020 et
835 2978 884 3020 ad
917 2979 1137 3033 pallacium
1169 2979 1361 3021 cucurrit.
1403 2977 1549 3020 Custos
1573 2991 1665 3020 vero
1688 2977 1862 3019 carceris
