1954 3137
198 898 265 940 32.

199 1041 266 1083 33.

200 1183 267 1224 34.

202 1324 269 1366 35.

203 1468 270 1509 36.

205 1610 273 1651 37.

207 1752 274 1793 38.

208 1894 275 1936 39.

208 2036 277 2078 40.

209 2179 278 2219 41.

213 2463 282 2503 43.

215 2604 284 2645 44.

218 2746 286 2787 45.

221 2889 290 2930 46.

999 81 1055 123 54

254 223 261 231 .
311 189 372 231 De
403 188 485 231 filio
519 202 639 243 quem
671 188 895 244 imperator
927 186 1110 229 occidere
1141 185 1281 228 voluit.
1330 186 1543 242 Hymbrial
1576 186 1714 229 multis
1743 187 1861 229 annis

310 274 422 313 regn.
472 259 656 311 (Redde.)
700 259 771 302 lat.
797 260 863 301 20.

254 365 263 373 .
312 331 373 374 De
411 330 518 373 dulei
557 330 734 372 melodia
774 334 815 372 et
853 330 1056 385 piscatore
1088 332 1128 371 et
1158 328 1377 371 sibilator-e.
1433 328 1631 384 Tyberius
1662 328 1861 382 regnavit.

312 401 510 453 (Goldene
543 401 691 455 angel.)
736 400 807 442 lat.
835 401 901 441 85.

237 496 264 514 ⁷.
312 472 374 515 De
395 472 566 514 Claudio
588 473 838 528 imperatore
860 472 973 525 cujus
995 470 1121 512 filiam
1145 470 1263 513 duxit
1284 474 1475 513 socrates.
1511 470 1703 513 Claudius
1718 483 1865 525 regna-

312 544 383 585 vit.
434 543 639 593 (Socrates
673 542 905 593 heirathet.)
949 542 1020 583 lat.
1045 543 1112 583 61.

312 614 375 656 De
405 613 624 656 florentina
656 627 733 667 que
765 613 943 655 animam
978 611 1192 666 signifieat.
1242 612 1392 654 Darius
1415 612 1604 666 regnavit
1622 612 1664 654 in
1687 612 1863 654 civitate.

316 684 599 737 (Florentina.)
647 684 717 727 lat.
743 685 810 726 (32.

256 789 264 797 .
312 756 375 798 De
408 756 607 798 adulterio
647 755 763 797 166116
800 767 892 796 oum
930 754 1136 810 leopardo,
1193 753 1365 804 Quidam
1403 767 1476 796 rex
1515 731 1658 796 habuit
1692 753 1864 796 leonem.

314 826 503 878 (Lowin.)
550 826 621 868 lat.
649 826 742 867 181.

313 897 375 939 De
407 897 565 951 virgine
604 910 681 951 que
719 896 816 938 fecit
847 897 1057 939 camisiam
1091 900 1165 937 eto.
1223 895 1427 937 Antonius
1461 895 1656 949 regnavit.
1705 894 1867 949 (Hemd‚

316 968 401 1010 drei
435 968 544 1019 zoll.)
592 967 663 1009 lat.
688 968 755 1009 64.

315 1039 377 1082 De
416 1039 581 1081 domina
621 1042 662 1080 et
691 1038 822 1080 milite
854 1041 894 1080 et
924 1037 1094 1080 falcone.
1152 1037 1382 1092 Pompeyus
1414 1038 1457 1078 in
1488 1037 1653 1079 civitate
1683 1036 1872 1091 regnavit

315 1124 417 1152 rom.
467 1109 640 1162 (Falke.)
685 1109 754 1151 lat.
780 1109 847 1150 84.

316 1182 378 1224 De
399 1181 530 1223 tribus
554 1180 673 1222 sociis
706 1183 746 1222 et
776 1193 856 1221 uno
890 1193 995 1235 pane
1027 1182 1100 1221 616.
1151 1178 1257 1221 Olim
1281 1184 1398 1221 erant
1418 1182 1501 1221 tres
1524 1178 1634 1221 socii.
1683 1179 1870 1229 (Traum-

319 1253 450 1305 brod.)
497 1252 567 1293 lat.
595 1252 688 1292 106.

317 1323 379 1366 De
410 1337 536 1379 puero
569 1322 786 1364 nutriendo
820 1325 860 1364 et
890 1321 986 1377 lupo
1020 1325 1060 1364 et
1090 1324 1268 1377 pastore.
1317 1321 1466 1364 Lucius
1488 1321 1677 1375 regnavit
1699 1321 1768 1376 qui
1790 1324 1872 1363 sta-

319 1395 408 1437 tuit.
457 1394 581 1446 (Kind
614 1396 863 1446 anvertraut,
898 1392 1022 1445 wolf.)
1069 1406 1196 1446 germ.
1221 1394 1288 1434 34.

319 1466 381 1508 De
419 1465 590 1507 muliere
629 1465 888 1519 impregnata
927 1468 966 1506 et
997 1464 1155 1517 virgine
1187 1464 1318 1507 beata.
1375 1464 1582 1506 Adrianus
1613 1463 1801 1517 regnavit
1830 1463 1873 1505 in

319 1537 429 1579 civit.
479 1535 883 1590 (Kerkergespraoh.)
930 1535 1000 1577 lat.
1027 1536 1092 1577 86.

321 1608 384 1651 De
415 1611 589 1662 quatuor
619 1607 697 1648 viis
731 1610 770 1648 et
800 1607 886 1648 vita
916 1606 1105 1648 hominis.
1153 1605 1296 1648 Delius
1327 1606 1516 1660 regnavit
1546 1606 1588 1648 in
1621 1606 1786 1648 civitate
1808 1618 1874 1648 ro-

322 1693 457 1721 mana.
509 1678 658 1730 (Kreuz
692 1679 768 1720 mit
797 1678 1069 1730 insohriften.)
1116 1677 1187 1719 lat.
1213 1677 1280 1718 65.

323 1750 386 1792 De
406 1750 523 1804 nigro
547 1763 645 1792 66116
668 1753 709 1792 61
726 1749 884 1792 falcone
907 1752 946 1791 et
967 1762 1104 1791 6011111.
1146 1747 1372 1803 Symaohus
1394 1748 1593 1802 regnavit.
1635 1747 1875 1800 (SchwarZ.)

324 1835 450 1875 germ.
475 1821 542 1863 35.

323 1893 386 1935 De
431 1892 516 1934 filia
554 1892 660 1945 regis
700 1905 773 1946 pro
814 1905 894 1946 qua
933 1890 1050 1933 miles
1089 1891 1288 1946 pugnavit
1325 1894 1399 1933 616.
1454 1890 1638 1945 Nereyus
1675 1889 1875 1944 regnavit.

325 1962 499 2016 (Waffen
532 1963 795 2016 aufhangen.)
841 1962 911 2004 lat.
937 1963 1003 2003 66.

325 2035 388 2077 De
408 2034 554 2088 milite,
580 2034 696 2076 leone
718 2038 758 2076 et
780 2034 953 2075 dracone
976 2037 1016 2075 et
1036 2033 1152 2074 mari.
1195 2032 1428 2075 Anthonius
1450 2033 1649 2086 regnavit.
1689 2031 1877 2086 (Wiiste.)

326 2120 419 2161 app.
445 2107 482 2147 3.

324 2177 387 2219 De
425 2180 547 2218 cantu
585 2176 722 2217 avium
762 2178 802 2217 61
842 2175 891 2217 de
932 2175 1079 2218 61161116
1118 2178 1190 2217 eto.
1254 2175 1462 2217 Adrianus
1508 2175 1697 2229 regnavit
1735 2178 1878 2230 potens

329 2248 456 2290 valde.
506 2247 698 2299 (Hahne.)
744 2245 813 2287 lat.
839 2247 906 2287 68.

329 2319 391 2361 De
423 2318 681 2374 carpentario
714 2321 754 2359 et
774 2317 942 2358 camisia
974 2321 1014 2359 et
1045 2331 1172 2360 uxore
1204 2330 1277 2358 sua
1308 2320 1420 2359 casta
1450 2320 1524 2359 616.
1573 2315 1714 2359 Gallus
1734 2329 1878 2370 regna-

329 2391 399 2432 vit.
449 2388 887 2439 (Keusohheitshemd.)
934 2388 1003 2430 lat.
1029 2388 1095 2429 69.

330 2461 391 2503 De
423 2461 636 2514 sagittario
670 2463 709 2501 et
739 2459 974 2514 philomena
1006 2467 1080 2501 616.
1132 2459 1378 2513 Sagittarius
1411 2458 1577 2513 quidam
1602 2459 1688 2501 sive
1714 2471 1876 2514 auceps.

333 2532 449 2583 (Drei
480 2531 716 2573 weisheiten
748 2530 919 2581 lehren.)
966 2531 1034 2572 lat.
1062 2531 1155 2572 167.

333 2602 394 2645 De
432 2602 517 2644 filia
553 2602 660 2655 regis
701 2615 777 2655 que
816 2602 947 2643 noluit
984 2601 1116 2642 virum
1149 2601 1296 2643 ducere
1327 2604 1401 2643 616.
1462 2600 1565 2642 Erat
1595 2600 1762 2655 quidam
1792 2613 1878 2643 reX.

335 2673 451 2725 (Drei
482 2674 624 2727 fragen
655 2673 799 2724 losen.)
845 2672 915 2714 lat.
940 2673 1006 2714 ΤΟ.

335 2745 397 2786 De
428 2744 511 2786 filio
544 2745 612 2798 qui
644 2758 667 2785 a
699 2747 816 2799 patre
849 2757 921 2785 suo
953 2743 1167 2785 licenciam
1197 2742 1322 2798 peciit
1352 2746 1424 2784 616.
1472 2741 1575 2784 Erat
1597 2742 1761 2797 quidam
1792 2756 1877 2785 rex.

337 2815 718 2870 (Freundesprobe.)
761 2814 831 2856 lat.
859 2816 951 2856 129.

340 2887 402 2930 Ι)6
434 2900 575 2939 avaro,
607 2886 798 2928 thesauro
831 2889 870 2928 et
900 2885 1026 2928 fabro.
1081 2885 1183 2928 Erat
1214 2884 1378 2940 quidam
1416 2897 1574 2926 avarus.
1628 2883 1793 2936 (Sohatz
1822 2884 1878 2927 im

336 2958 512 3010 haume.)
557 2957 627 2999 lat.
654 2958 747 2998 109.
