1919 3131
91 297 158 339 88.

89 440 156 481 89.

87 511 156 553 90.

86 582 154 624 91.

85 724 153 767 92.

911 63 966 104 33

137 157 160 197 “.
209 156 463 201 Allexander
496 174 669 213 magnus
703 164 797 206 Pori
832 166 1038 210 ludorum.
1089 169 1298 221 (Geschirr
1332 175 1520 228 stehlen.)
1570 191 1665 233 app.
1691 181 1728 222 2.

92 227 159 268 87.

207 226 408 271 Ezechias
442 233 630 285 regnavit
664 235 732 288 qui
766 240 850 280 tres
884 238 988 281 filios
1022 239 1176 284 habuit.
1227 242 1505 298 (Baumerbe.)
1559 262 1685 302 germ.
1710 251 1777 293 81.

207 297 362 342 Marius
402 301 443 343 iu
483 303 650 347 civitate
694 320 864 351 romana
902 312 1101 364 regnavit.
1166 313 1413 370 (Jonathas,
1449 319 1778 375 wunschdinge.)

205 369 276 412 lat.
304 371 425 413 mo·

205 440 456 485 Pavinianus
489 445 715 500 imperator
748 452 946 502 regnavit.
998 454 1291 508 (Jovinianus.)
1341 458 1412 500 lat.
1436 460 1504 502 5¹).

204 511 449 557 Hambribal
484 516 712 572 Imperator
744 524 934 574 regnavit
966 525 1107 567 inultis
1140 529 1272 570 annis.
1324 530 1510 583 (Redde.)
1558 531 1629 574 lat.
1655 534 1722 576 20.

202 582 404 628 Elondius
440 586 669 643 Imperator
702 594 890 645 regnavit
923 596 991 649 qui
1023 596 1168 640 habuit
1191 600 1353 642 unicam
1376 601 1516 644 filiam.
1568 602 1775 655 (Socrates

203 654 438 709 heirathet.)
487 658 556 701 lat.
583 662 650 702 61.

203 725 329 781 Virgo
371 730 546 784 quedam
588 731 771 776 formosa
811 740 851 778 et
889 737 1015 780 dives.
1074 739 1161 791 (Bei
1201 742 1326 785 deren
1358 743 1503 798 gebete
1534 745 1667 789 Maria
1700 748 1776 790 mit

202 798 349 852 engeln
382 800 666 857 herabsteigt.)

424 977 510 1012 vn.
553 978 643 1014 Cod-
671 980 917 1027 Guelferbyt.
943 984 1108 1029 August.
1134 986 1199 1034 41,
1226 989 1267 1035 1,
1298 991 1432 1034 quart.

464 1049 517 1084 Bl.
537 1052 699 1097 1-6303
726 1052 772 1088 bl.
792 1054 836 1088 (54
862 1056 1025 1100 register.
1062 1059 1142 1094 xv.
1156 1059 1210 1105 jn.
1247 1062 1291 1096 93
1310 1072 1390 1107 cap.

197 1141 370 1186 Enthalt
401 1158 480 1187 nur
512 1147 773 1199 geschichten
807 1163 880 1193 aus
904 1151 938 1192 V
968 1154 1065 1196 oder
1097 1155 1244 1198 dessen
1278 1158 1464 1213 vorlage;
1498 1159 1566 1202 fiir
1587 1161 1770 1214 gemein-

79 1211 319 1256 schaftliche
351 1215 644 1274 abstammung
675 1222 835 1276 spricht
865 1224 967 1266 auch
990 1225 1056 1268 die
1079 1240 1152 1269 aus
1177 1227 1260 1281 VH,
1280 1230 1334 1271 72
1356 1243 1626 1284 genommene
1649 1232 1769 1275 iiber—

78 1282 224 1326 schrift
248 1284 351 1328 ‘Hec
381 1288 516 1332 forma
549 1297 610 1333 est
639 1290 724 1334 etc?
750 1293 814 1336 bei
837 1307 925 1350 cap.
946 1297 1014 1350 (57,
1048 1297 1243 1341 wahrend
1268 1300 1340 1344 das
1363 1303 1538 1357 register
1560 1303 1638 1345 den
1659 1303 1768 1345 rich-

72 1354 185 1409 tigen
209 1356 298 1399 titel
321 1357 393 1400 hat
417 1359 495 1402 ‘De
518 1361 725 1418 leporario
749 1363 835 1408 etc.²
859 1367 942 1408 und
965 1367 1058 1410 dem
1081 1373 1193 1412 texte
1216 1371 1282 1414 die
1304 1374 1768 1429 marginalbemerkung

73 1425 285 1482 beigeftigt
316 1429 388 1472 ist:
416 1430 729 1490 ‘Condependct
760 1438 1021 1480 antecedenti
1054 1440 1259 1496 capitulo?

104 1511 140 1551 1.

99 1653 138 1695 2.

98 1797 136 1839 3.

95 2012 135 2197 5⁴5²&
96 1869 136 1910 ἐὺ

93 2297 131 2340 90

64 2583 130 2626 10.

62 2725 128 2767 11.

61 2866 127 2908 12.

188 1510 252 1554 ΒΘ
293 1513 424 1556 milite
464 1517 531 1570 qui
573 1518 624 1559 ad
662 1520 1012 1574 peregrinandum
1051 1524 1260 1578 profectus
1292 1530 1366 1568 est.
1423 1527 1657 1572 Dorotheus
1688 1528 1766 1571 im-

187 1588 354 1638 perator
386 1587 544 1629 statuit.
595 1589 740 1641 (Vater
771 1591 869 1634 oder
901 1597 1055 1636 mutter
1087 1594 1256 1649 folgen.)
1302 1597 1372 1640 lat.
1400 1599 1465 1641 14.

186 1654 249 1697 ΒΘ
271 1654 478 1710 Gorgonio
511 1660 581 1714 qui
613 1675 785 1704 uxorem
819 1663 1034 1718 pulchram
1065 1672 1293 1723 acceperat.
1343 1669 1576 1725 Gorgonius
1598 1671 1640 1713 in
1664 1671 1763 1714 civi-

186 1730 284 1769 tate.
333 1727 476 1779 (Vater
507 1730 657 1786 heilen,
690 1737 845 1777 mutter
876 1735 1021 1787 nicht.)
1068 1737 1139 1780 lat.
1168 1740 1262 1781 112.

185 1797 247 1841 ΒΘ
263 1801 540 1844 torniamento
559 1807 599 1846 et
615 1803 852 1848 hastiludio.
877 1807 1075 1864 Adonyas
1093 1811 1295 1863 regnavit.
1328 1812 1551 1865 (Turnier.)
1579 1813 1650 1856 lat.
1666 1815 1759 1857 113.

184 1868 248 1913 ΒΘ
279 1884 374 1926 rege
407 1874 476 1928 qui
505 1873 589 1917 filio
614 1876 787 1931 pigriori
808 1891 980 1932 regnum
1006 1879 1131 1922 dedit.
1181 1880 1406 1938 Polymius.
1455 1883 1556 1936 (Der
1577 1885 1758 1939 faulste.)

186 1940 256 1984 lat.
281 1943 349 1985 91.

182 2012 245 2056 De
277 2013 468 2058 basilisco
498 2020 538 2059 et
560 2018 738 2073 speculo.
779 2020 1033 2065 Allexander
1056 2025 1256 2078 regnavit.
1299 2025 1527 2079 (Basilisk.)
1567 2026 1637 2070 lat.
1661 2028 1754 2070 139.

182 2083 244 2127 De
277 2086 435 2130 ciconia
466 2088 709 2132 adulterata.
759 2090 934 2141 Quidam
967 2094 1086 2138 miles
1118 2096 1208 2138 fuit.
1259 2096 1499 2150 (Storchin.)
1546 2098 1616 2141 lat.
1643 2099 1709 2141 82.

182 2155 246 2199 ΒΘ
286 2159 499 2213 sarcofago
538 2160 717 2203 invento.
770 2161 942 2218 Legitur
975 2165 1024 2209 de
1057 2167 1233 2221 quodam
1267 2168 1518 2225 imperatore
1549 2169 1754 2213 Romano-

182 2241 287 2270 rum.
337 2228 629 2286 (Sarkophag.)
677 2231 747 2274 lat.
776 2235 841 2276 16.

179 2298 242 2342 ΒΘ
263 2299 452 2357 principe
476 2302 545 2357 qui
567 2303 757 2347 inimicos
778 2305 1034 2350 intoxicavit.
1083 2308 1147 2352 De
1169 2309 1346 2365 quodam
1370 2310 1569 2367 principe.
1616 2310 1752 2364 (Wein

180 2371 412 2425 vergiften.)
459 2372 530 2415 lat.
556 2374 623 2416 88.

178 2441 243 2484 ΒΘ
273 2444 569 2488 consuetudine
602 2449 643 2488 et
673 2447 758 2490 vita
790 2452 942 2492 nostra.
991 2450 1080 2493 Rex
1113 2451 1279 2506 quidam
1313 2456 1413 2496 erat.
1464 2452 1580 2506 (Drei
1601 2453 1748 2508 ringe.)

177 2512 249 2555 lat.
275 2514 342 2556 89.

178 2583 240 2627 ΒΘ
273 2584 441 2629 obtenta
471 2587 757 2631 misericordia
787 2603 861 2645 per
893 2591 1056 2635 beatam
1090 2593 1306 2648 virginem.
1355 2594 1509 2637 Narrat
1528 2594 1745 2639 Eusebius.

178 2655 419 2710 (Coriolan.)
466 2657 538 2700 lat.
567 2660 662 2701 137.

177 2725 240 2769 De
262 2728 478 2783 peregrino
502 2734 713 2785 pugnante
735 2743 828 2774 cum
850 2735 1039 2787 tyranno.
1081 2734 1263 2786 Quedam
1286 2735 1436 2778 nobilis
1458 2736 1593 2779 vidua.
1628 2735 1746 2790 (Stab

175 2798 258 2840 und
290 2799 461 2851 tasche.)
509 2800 581 2843 lat.
607 2802 675 2844 ⁶25.

175 2867 238 2911 ΒΘ
269 2883 364 2924 rege
397 2875 438 2913 et
468 2873 701 2915 senescalco
735 2878 775 2916 et
807 2875 949 2917 amicis
982 2877 1081 2930 ejus.
1130 2876 1304 2927 Quidam
1331 2878 1479 2921 nobilis
1502 2879 1739 2935 imperator.

175 2939 512 2996 (Kaisertochter‚
547 2943 758 2986 seneschal
791 2959 828 2987 u.
855 2947 881 2987 3
912 2946 1115 3000 freunde.)
1163 2962 1291 3002 germ.
1320 2951 1384 2991 11.

119 3017 336 3060 Oesterley.
361 3022 452 3051 Gesta
473 3023 684 3053 Romanorum.
1441 3024 1462 3057 3
