1929 3157
63 542 131 583 74.

63 683 131 724 75.

62 824 130 866 76.

61 967 129 1008 77.

62 1109 114 1150 77
127 1125 165 1151 α.

60 1251 128 1293 78.

876 85 953 126 151

125 220 134 230 .
182 187 325 231 Refert
357 187 562 231 Saturnus
603 189 711 244 quod
751 189 960 245 dyogenes
999 190 1058 232 ita
1096 195 1186 232 erat
1227 191 1267 232 in
1308 195 1555 246 paupertate
1588 193 1761 247 positus.

182 258 407 313 (Diogenes
440 259 520 301 und
554 259 825 311 Alexander.)
874 274 1002 315 germ.
1035 260 1096 301 15.

180 329 322 372 Refert
353 330 534 372 valerius
568 331 672 373 libro
706 332 834 374 tercio
858 332 965 386 quod
990 345 1093 386 puer
1115 331 1278 373 nobilis.
1321 332 1500 385 (Kohle.)
1543 347 1671 387 germ.
1696 336 1761 377 16.

182 399 299 442 Sicut
337 401 439 442 dicit
476 401 630 456 plinius
665 403 771 456 quod
807 407 869 445 est
901 402 1077 457 quedam
1112 402 1234 444 arbor
1268 403 1309 444 in
1336 404 1476 457 judea.
1533 405 1762 457 (Theriak.)

179 484 308 524 germ.
338 472 402 513 17.

181 541 356 591 Quidam
399 555 503 597 puer
545 546 607 584 est
648 547 769 585 natus
809 545 858 586 ab
899 544 1094 586 umbilico
1129 547 1169 586 et
1201 557 1365 585 sursum
1400 545 1442 586 in
1475 545 1556 586 duo
1589 546 1760 588 divisus.

179 612 301 662 (vom
334 612 455 655 nabe]
487 613 735 668 gespalten.)
784 615 854 657 lat.
883 617 978 657 176.

179 682 284 725 Erat
322 684 489 738 quidam
532 685 761 740 imperator
794 687 862 740 qui
897 686 1076 729 habebat
1109 689 1204 728 ante
1237 690 1358 741 porta
1390 685 1570 741 pallacii.
1629 686 1762 738 (Stor-

179 754 291 809 chin,
325 755 479 797 bereits
509 756 596 806 26.)
644 756 714 797 lat.
740 757 808 798 82.

178 824 383 879 Regnavit
403 826 644 868 Alexander
675 827 745 881 qui
769 828 1030 870 Aristotilem
1064 827 1106 869 in
1131 827 1375 881 magistrum
1408 827 1600 870 habebat.
1649 829 1762 880 (Ari-

179 896 348 939 stoteles
379 896 554 948 lehren.)
602 897 672 940 lat.
698 899 766 939 34.

177 965 350 1020 Legitur
389 968 439 1010 de
481 968 642 1010 volture
683 982 761 1023 que
802 982 894 1011 cum
934 969 1045 1025 cepit
1083 969 1256 1024 predam
1295 983 1411 1012 suam
1446 970 1607 1025 probat.
1665 970 1761 1022 (Ge-

176 1038 464 1094 wichtprobe.)
513 1053 608 1095 app.
634 1041 703 1082 52.

215 1108 342 1152 Miser
374 1110 495 1152 homo
530 1115 604 1153 est.
650 1110 753 1153 Vide
786 1111 1037 1166 principium
1071 1115 1188 1153 tuum
1212 1111 1395 1154 medium
1419 1115 1460 1154 et
1480 1111 1623 1164 finem.
1669 1113 1760 1166 (Als

177 1179 364 1223 reductio
396 1181 468 1224 des
501 1182 704 1236 vorigen.)
751 1181 823 1223 lat.
849 1183 917 1223 36.

177 1250 320 1294 Refert
357 1252 513 1308 plinius
552 1253 659 1307 quod
694 1252 834 1306 aquila
866 1253 908 1294 in
942 1253 1071 1295 altum
1105 1253 1218 1295 volat
1249 1256 1290 1296 et
1321 1253 1520 1296 nidificat.
1578 1254 1760 1308 (Achat.)

144 1322 149 1326 ’
176 1321 248 1364 lat.
273 1323 341 1364 37.

60 1393 128 1435 79.

59 1537 128 1579 80.

58 1679 126 1720 81.

58 1822 126 1863 82.

57 1964 126 2006 83.

57 2105 125 2147 84.

56 2247 125 2288 85.

55 2389 124 2431 86.

55 2531 123 2572 87.

54 2601 123 2643 88.

54 2743 122 2785 89.

28 2915 31 2918 »
53 2885 122 2927 90.

176 1392 349 1447 Legitur
381 1394 421 1436 in
456 1395 583 1447 gestis
616 1393 896 1436 Romanorum
931 1395 1040 1449 quod
1066 1398 1156 1437 erat
1179 1395 1346 1450 quidam
1371 1399 1588 1452 tyrannus.
1637 1396 1761 1449 (Con-

176 1466 386 1508 stantinus
418 1465 502 1507 und
535 1466 770 1520 tyrannus.)
818 1466 888 1508 lat.
914 1466 983 1508 95.

176 1535 349 1590 Legitur
389 1537 431 1578 in
472 1537 650 1578 cronicis
684 1537 793 1590 quod
827 1537 1006 1592 populus
1039 1551 1236 1580 romanus
1270 1538 1445 1580 solidam
1478 1538 1756 1595 columpnam.

176 1606 368 1656 (Caesars
401 1607 722 1660 todeszeichen.)
770 1607 842 1650 lat.
867 1609 936 1650 97.

175 1677 348 1731 Legitur
386 1679 494 1733 quod
535 1682 722 1734 tempore
763 1679 940 1721 hainrici
978 1679 1246 1735 imperatoris
1283 1680 1414 1722 tercii.
1470 1680 1758 1735 (Brieftaube.)

173 1749 246 1792 lat.
271 1749 340 1791 38.

174 1820 317 1863 Refert
347 1819 588 1862 Alexander
619 1821 669 1863 de
702 1821 862 1863 naturis
894 1834 1033 1863 rerum
1068 1821 1175 1875 quod
1209 1821 1410 1875 virgilius.
1460 1822 1633 1877 (Virgils
1656 1824 1756 1879 hild,

176 1891 316 1948 apsel.)
362 1905 492 1946 germ.
518 1892 585 1932 18.

173 1963 315 2006 Refert
335 1962 583 2004 Ambrosius
617 1962 724 2017 quod
759 1966 822 2005 est
853 1963 1022 2017 quidam
1055 1964 1182 2018 piscis
1213 1963 1256 2004 in
1289 1962 1416 2006 mare.
1467 1964 1606 2016 (Fisch
1631 1965 1755 2009 Echi-

173 2036 282 2085 nus.)
330 2047 426 2089 app.
450 2034 519 2075 68.

173 2105 279 2147 Erat
310 2105 477 2159 quidam
502 2105 731 2159 imperator
754 2104 823 2158 qui
846 2105 994 2146 statuit
1016 2119 1090 2160 pro
1112 2105 1203 2159 lege
1226 2106 1335 2160 quod
1358 2107 1393 2149 si
1416 2107 1577 2150 mulier.
1623 2108 1753 2160 (Sohn

172 2175 308 2219 todtet
337 2179 493 2217 mutter
524 2175 669 2227 nicht.)
717 2175 788 2217 lat.
816 2176 912 2217 100.

173 2246 315 2289 Refert
347 2246 506 2289 Seneca
545 2246 594 2288 de
636 2246 813 2300 quodam
848 2246 976 2288 divite
1009 2247 1078 2300 qui
1110 2246 1290 2290 habebat
1321 2248 1424 2291 duos
1455 2248 1575 2291 filios
1630 2249 1753 2295 (Erb-

172 2317 374 2371 theilung,
408 2317 535 2359 schon
568 2317 654 2365 28.)
702 2317 773 2359 lat.
798 2317 867 2359 90.

172 2387 344 2442 Legitur
384 2389 425 2430 in
466 2388 594 2442 gestis
625 2388 907 2430 Romanorum
942 2388 1051 2443 quod
1084 2388 1193 2431 inter
1224 2389 1327 2432 duos
1359 2390 1523 2434 fratres.
1583 2391 1751 2443 (Feind-

171 2459 278 2502 liche
309 2459 493 2509 briider.)
539 2458 610 2501 lat.
635 2459 703 2500 39.

171 2529 344 2584 Legitur
366 2533 411 2572 ut
432 2530 533 2572 dicit
554 2529 789 2571 Macrobius
813 2530 922 2583 quod
945 2533 1035 2572 erat
1056 2530 1221 2585 quidam
1241 2531 1374 2574 miles.
1409 2532 1555 2586 (Puls.)
1590 2533 1662 2575 lat.
1677 2535 1748 2576 40.

169 2600 343 2655 Legitur
381 2601 425 2643 in
462 2601 590 2654 gestis
622 2600 731 2654 quod
763 2604 950 2655 tempore
982 2601 1157 2643 hainrici
1189 2603 1466 2658 imperatoris.
1523 2603 1749 2656 (Kalendas

170 2685 267 2728 may
298 2676 425 2728 caput
456 2673 658 2721 aureum.)
707 2684 802 2726 app.
828 2673 903 2724 693
938 2671 988 2713 cf.
1015 2672 1086 2714 lat.
1114 2674 1210 2715 107.

171 2742 350 2786 Cosdras
388 2743 618 2799 imperator
650 2755 723 2785 rex
757 2742 1059 2786 atheniensium
1093 2747 1240 2787 contra
1270 2745 1480 2788 dorenses.
1539 2745 1747 2800 (Codrus.)

169 2813 242 2856 lat.
264 2815 334 2856 41.

170 2884 312 2928 Refert
358 2885 516 2928 Seneca
563 2885 672 2940 quod
720 2884 894 2939 quedam
935 2886 1086 2929 mulier
1124 2887 1299 2943 pulchra
1336 2886 1422 2929 filia
1460 2887 1582 2942 regis.
1647 2888 1748 2941 (Mit

171 2955 394 2998 schwamm
428 2956 683 3008 schneiden.)
731 2970 826 3012 app.
852 2957 920 2998 70.
