1919 3157
893 71 973 112 481

93 176 144 219 ab
183 190 251 229 eo,
293 177 326 218 si
367 177 599 218 oracionem
641 177 888 218 dominicam
932 177 1076 229 sciret,
1125 180 1165 218 et
1211 176 1309 218 fecit
1356 190 1447 218 eum
1488 190 1625 219 coram
1665 191 1711 219 eo
1756 191 1779 219 a

92 247 297 303 principio
330 261 457 302 usque
491 248 541 289 ad
564 247 685 290 finem
721 248 868 290 dicere.
916 247 1004 297 Qua
1033 247 1143 289 dicta
1173 247 1271 289 fecit
1302 247 1415 289 illum
1450 248 1546 303 poni
1580 248 1620 289 in
1644 247 1778 290 locum

93 331 292 360 seorsum.
342 318 502 360 Deinde
529 319 655 372 jussit
686 319 908 361 secundum
944 318 1112 370 adduci,
1155 322 1195 360 et
1227 318 1285 359 ait
1317 319 1374 360 ei:
1409 318 1651 372 Carissime,
1685 323 1780 361 ante

91 393 132 432 te
163 390 298 431 socius
321 393 415 431 tuus
448 394 536 431 erat
569 390 646 442 hic,
681 392 749 444 qui
783 389 907 431 michi
939 390 1046 431 dixit
1077 390 1135 431 ita
1168 403 1309 431 verum
1344 390 1450 432 sicut
1479 396 1596 446 pater
1618 395 1778 442 noster;

91 460 182 502 ideo
221 460 301 502 nisi
340 464 384 502 tu
417 461 530 502 dicas
571 461 695 502 michi
729 461 944 502 veritatem
979 473 1099 515 quam
1134 473 1158 501 a
1189 463 1228 502 te
1269 461 1477 515 quesiero,
1520 463 1561 503 in
1594 461 1779 517 patibulo
1805 471 1826 505 5

90 535 132 573 te
163 531 360 587 suspendi
393 532 555 573 faciam.
606 532 676 574 llle
709 532 924 586 cogitavit:
962 530 1104 573 Socius
1137 545 1252 573 meus
1284 536 1413 573 totum
1448 533 1646 586 narravit,
1681 546 1780 586 quo-

90 602 212 644 modo
245 602 363 645 miles
396 603 586 658 pollicem
620 604 802 645 defuncti
835 603 994 657 accepit
1025 606 1065 644 et
1097 602 1183 656 ejus
1207 602 1386 656 sigillum
1421 607 1461 646 et
1483 609 1635 646 cartam
1663 617 1779 645 suam

91 673 309 727 sigillavit;
350 674 429 716 nisi
469 675 685 716 veritatem
730 675 894 726 dixero,
933 673 1041 714 filius
1081 674 1225 715 mortis
1267 687 1348 716 ero.
1411 673 1487 724 Qui
1528 675 1667 716 omnia
1709 688 1780 729 per

91 744 275 786 ordinem
310 746 509 787 narravit.
564 745 666 788 Cum
701 745 776 787 hoc
808 744 993 787 audisset
1018 744 1168 799 judex,
1211 745 1308 787 fecit
1339 758 1430 787 eum
1464 759 1648 787 seorsum
1681 746 1779 801 poni

91 819 132 858 et
170 816 342 858 tercium
383 817 542 858 adduci.
606 816 680 859 Cui
721 817 797 858 ait:
838 815 1083 869 Carissime,
1125 816 1258 857 socius
1300 820 1434 858 vester
1474 817 1634 872 primus
1675 817 1781 858 dixit
1808 824 1850 859 10

90 887 215 929 michi
248 888 306 929 ita
337 901 478 930 verum
513 888 620 930 sicut
651 892 768 943 pater
800 891 961 940 noster,
999 890 1039 928 et
1070 887 1272 929 secundus
1306 888 1454 940 eciam3
1498 888 1588 930 ideo
1621 889 1702 930 nisi
1734 892 1780 931 tu

90 958 216 1000 michi
258 959 474 1001 veritatem
517 960 691 1012 dixeris,
732 963 863 1001 morte
905 958 1149 1013 turpissima
1188 959 1390 1000 morieris.
1453 958 1525 1001 llle
1563 960 1779 1013 cogitavit:

91 1028 200 1072 Socii
232 1030 312 1072 mei
346 1031 484 1072 omnia
516 1035 675 1073 secreta
706 1030 850 1072 militis
882 1033 1177 1082 narraverunt3
1214 1030 1306 1072 ideo
1339 1030 1491 1072 bonum
1525 1035 1599 1084 est,
1632 1034 1678 1073 ut
1710 1044 1779 1073 ve-

89 1101 257 1144 ritatem
298 1102 445 1144 dicam.
503 1101 580 1152 Qui
621 1102 670 1144 de
702 1102 825 1144 verbo
866 1101 916 1143 ad
949 1101 1118 1143 verbum
1152 1101 1283 1155 judici
1325 1101 1533 1154 narravit,
1575 1102 1778 1156 quomodo

90 1172 167 1214 hoc
185 1172 342 1215 factum
374 1174 465 1215 fuit.
515 1173 643 1224 Quem
671 1173 800 1227 judex
834 1186 1015 1214 seorsum
1051 1173 1148 1228 poni
1180 1172 1290 1226 fecit,
1325 1177 1364 1215 et
1396 1173 1558 1215 vocavit
1589 1173 1778 1227 militem,
1807 1182 1850 1216 15

92 1257 211 1298 quem
251 1248 368 1286 torvo
407 1244 524 1286 vultu
563 1245 749 1300 respexit
787 1244 948 1286 dicens:
1000 1243 1032 1286 Ο
1074 1243 1312 1297 maledicte,
1353 1244 1558 1299 cupiditas
1597 1248 1670 1286 tua
1708 1258 1779 1286 ex-

90 1315 248 1358 cecavit
269 1317 329 1358 te!
364 1315 441 1358 Dic
463 1315 602 1369 michi,
634 1315 836 1371 quomodo
859 1314 978 1357 miles
1001 1315 1217 1357 defunctus
1239 1319 1407 1368 terram,
1442 1328 1565 1369 quam
1588 1329 1778 1375 occupas⁷

90 1386 166 1429 tibi
214 1387 421 1430 vendidit!
470 1387 542 1429 Ille
589 1401 685 1429 vero
723 1387 919 1440 ignorans
966 1386 1015 1428 de
1053 1386 1309 1429 confessione
1355 1387 1525 1428 testium
1571 1387 1778 1442 allegavit,

91 1458 199 1513 quod
238 1458 351 1512 juste
391 1462 624 1514 occuparet.
687 1457 763 1500 Cui
803 1471 897 1500 rex:
946 1457 1186 1508 Maledicte,
1234 1460 1360 1499 testes
1405 1457 1623 1512 perhibent
1661 1458 1778 1500 testi-

91 1529 275 1571 monium
307 1533 452 1572 contra
483 1534 536 1582 te,
570 1529 774 1584 quomodo
806 1532 902 1584 post
921 1533 1096 1571 mortem
1130 1527 1320 1584 pollicem
1355 1527 1508 1583 [109b]
1545 1529 1631 1583 ejus
1664 1542 1778 1571 acce·
1804 1536 1849 1571 20

89 1601 189 1656 pisti
221 1605 262 1643 et
292 1601 475 1655 sigillum
506 1601 607 1655 ejus,
640 1605 681 1643 et
712 1605 867 1642 cartam
900 1604 1014 1642 tuam
1048 1600 1253 1654 sigillasti.
1305 1599 1422 1650 Quod
1454 1600 1626 1643 audiens
1658 1600 1777 1643 miles

91 1671 142 1714 ad
163 1675 318 1715 terram
350 1672 498 1715 cecidit
526 1676 568 1714 et
587 1672 914 1714 misericordiam
947 1671 1106 1727 petivit.
1149 1671 1223 1713 Ait
1254 1671 1291 1713 ei
1324 1684 1417 1713 rex:
1450 1670 1776 1714 Misericordiam

90 1756 212 1798 quam
244 1744 434 1786 meruisti
466 1743 684 1786 obtinebis.
718 1743 772 1785 Et
801 1743 900 1785 fecit
920 1746 1005 1785 tres
1027 1746 1154 1785 testes
1177 1742 1286 1785 trahi
1308 1756 1382 1798 per
1404 1743 1555 1785 caudas
1578 1757 1775 1798 equorum

89 1827 219 1868 usque
251 1815 302 1857 ad
334 1815 587 1871 patibulum,
631 1818 671 1857 et
708 1814 766 1857 ibi
802 1815 1020 1870 suspendi;
1061 1814 1252 1857 similiter
1285 1818 1325 1857 et
1355 1814 1544 1856 militem.
1601 1813 1777 1870 Satrape

89 1887 206 1941 regni
237 1887 439 1941 judicium
480 1891 521 1929 et
558 1887 812 1942 sapienciam
850 1886 959 1940 regis
997 1885 1244 1940 laudabant,
1293 1886 1402 1941 quod
1441 1890 1528 1928 tam
1567 1886 1777 1941 sapienter
1802 1892 1847 1926 25

89 1958 306 2000 veritatem
344 1958 656 2011 investigasset,
696 1961 736 2000 et
774 1958 913 2000 omnia
953 1970 1031 2012 que
1071 1957 1140 1999 ille
1179 1957 1297 1999 miles
1336 1956 1515 1999 habebat
1546 1957 1660 2000 dedit
1690 1956 1774 1999 filio

89 2028 272 2071 defuncti
302 2029 460 2082 militis,
493 2029 562 2084 qui
595 2029 755 2082 gracias
787 2029 874 2083 regi
907 2029 991 2083 egit
1023 2028 1132 2083 quod
1162 2028 1434 2071 hereditatem
1467 2028 1546 2071 sibi
1578 2029 1772 2071 restituit.

207 2099 436 2152 Carissimi,
469 2113 544 2155 per
574 2100 675 2142 istos
707 2100 810 2142 duos
842 2099 994 2142 milites
1026 2099 1314 2153 intelliguntur
1335 2099 1523 2142 diabolus
1552 2103 1593 2142 et
1617 2100 1775 2155 primus

91 2185 260 2227 parens;
299 2170 409 2214 filius
449 2172 535 2225 ejus
575 2175 663 2214 erat
699 2175 831 2214 totum
871 2184 1000 2225 genus
1036 2171 1263 2213 humanum
1304 2171 1354 2214 ab
1395 2184 1441 2213 eo
1479 2174 1774 2227 propagatum3

89 2242 296 2286 hereditas
329 2243 561 2299 paradisus,
595 2256 717 2297 quam
750 2243 850 2285 deus
882 2242 962 2285 sibi
993 2242 1120 2285 dedit.
1162 2241 1251 2284 Hoc
1282 2242 1425 2284 videns
1458 2242 1576 2284 miles
1602 2241 1775 2297 cupidus
1800 2248 1846 2283 30

89 2313 247 2357 scilicet
277 2314 464 2356 diabolus
498 2314 671 2356 accessit
703 2313 754 2355 ad
786 2326 879 2356 eum
912 2313 1169 2367 suggerendo
1202 2317 1242 2355 et
1274 2313 1538 2368 temptando,
1577 2317 1623 2355 ut
1654 2326 1776 2368 para-

90 2385 225 2427 disum
256 2398 330 2441 per
361 2388 575 2441 peccatum
609 2385 838 2437 amitteret3
885 2383 955 2427 ille
995 2398 1113 2438 vero,
1159 2385 1355 2439 quamdiu
1386 2384 1586 2427 remansit
1615 2384 1658 2426 in
1690 2384 1776 2426 vita

90 2456 248 2499 scilicet
277 2456 319 2498 in
342 2457 524 2512 puritate
556 2456 652 2509 vite,
685 2455 955 2498 hereditatem
989 2454 1146 2497 scilicet
1169 2456 1408 2511 paradisum
1442 2455 1670 2511 occupavit,
1704 2454 1775 2498 sed

91 2540 138 2569 eo
168 2541 243 2584 per
272 2531 486 2583 peccatum
520 2532 702 2581 mortuo,
743 2526 851 2582 quod
882 2526 1091 2568 commisit
1122 2530 1266 2568 contra
1301 2527 1484 2569 divinum
1518 2529 1773 2582 preceptum,

90 2597 361 2641 hereditatem
394 2598 590 2654 perdidit,
623 2602 664 2640 et
694 2602 824 2640 totum
857 2610 986 2651 genus
1017 2597 1242 2640 humanum
1276 2603 1372 2654 post
1402 2612 1508 2640 eum.
1562 2596 1774 2647 Quomodo
1798 2604 1844 2639 35

90 2669 296 2725 perdidit?
335 2668 458 2711 Dico:
499 2669 625 2711 Carta
656 2673 745 2711 erat
782 2669 960 2724 scripta,
1002 2668 1165 2722 quando
1196 2668 1286 2711 Eva
1318 2682 1563 2711 consensum
1595 2668 1773 2723 prebuit,

89 2744 136 2782 ut
166 2741 216 2783 de
248 2740 358 2795 ligno
390 2741 474 2782 vite
505 2744 649 2782 contra
680 2740 864 2782 divinum
893 2743 1132 2795 preceptum
1166 2741 1411 2783 comederet.
1459 2739 1561 2781 Erat
1593 2739 1775 2792 sigillata

89 2824 163 2867 per
184 2811 334 2866 Adam,
357 2811 427 2867 qui
449 2816 539 2854 erat
559 2815 683 2866 caput
702 2811 893 2865 racionis,
917 2814 957 2852 et
977 2810 1043 2852 cui
1065 2810 1240 2853 dabatur
1261 2811 1496 2867 specialiter
1518 2814 1773 2866 preceptum,

90 2882 270 2925 comedit
300 2887 341 2925 et
371 2883 491 2924 uxori
523 2882 654 2936 magis
688 2882 869 2936 adhesit,
903 2895 1025 2936 quam
1059 2881 1147 2924 deo.
1211 2881 1423 2936 Sigillum,
1456 2886 1503 2923 ut
1534 2881 1662 2935 scitis,
1695 2881 1773 2923 im-

39 2982 42 2985 *
89 2953 235 3008 primit
264 2967 380 2996 suam
414 2954 729 3010 impressionem
759 2954 801 2995 in
824 2966 938 3005 cera3
972 2953 1031 2994 sic
1052 2953 1151 2995 deus
1173 2953 1386 3009 impressit
1408 2965 1526 2994 suam
1547 2952 1771 3006 imaginem
1796 2960 1842 2994 40

150 3034 175 3062 Ο
186 3035 372 3073 esterley.
396 3035 488 3064 Gesta
508 3034 716 3063 Romanorum.
1446 3027 1490 3062 31
