1954 3137
186 162 254 204 50.

186 303 254 345 51.

185 445 253 488 52.

185 588 252 630 53.

185 659 253 701 54.

186 801 254 844 55.

186 944 254 986 56.

186 1088 255 1130 57.

185 1230 253 1272 58.

186 1372 253 1415 59.

186 1515 254 1557 60.

188 1658 255 1700 61.

188 1801 256 1842 62.

189 1943 255 1985 63.

188 2086 256 2127 64.

189 2229 256 2271 65.

189 2372 257 2414 66.

190 2514 258 2556 67.

191 2656 258 2698 68.

192 2728 258 2769 69.

984 57 1067 99 144

302 162 364 204 ΒΘ
395 162 512 215 nigro
544 174 644 204 cane
675 175 777 217 equo
810 166 850 204 et
879 161 1049 205 falcone.
1104 162 1329 218 Symachus
1362 163 1561 217 regnavit.
1610 162 1852 219 (Schwarz.)

302 246 429 286 germ.
455 232 522 274 35.

302 303 363 346 De
402 302 487 345 filia
527 303 635 357 regis
675 317 749 359 pro
790 317 870 359 qua
911 304 1026 347 miles
1069 305 1268 361 pugnavit
1308 308 1381 348 etc.
1447 305 1621 348 Severus
1652 305 1852 360 regnavit.

303 373 479 427 (Waffen
511 374 777 429 aufhangen.)
823 376 893 417 lat.
919 376 985 418 66.

301 445 364 488 De
401 445 739 489 tribulacionibus
778 447 898 502 hujus
938 446 1093 489 muudi.
1147 447 1354 489 Antonius
1395 448 1594 502 regnavit.
1649 446 1853 502 (Wiiste.)

306 531 399 573 app.
425 518 464 559 3.

300 588 363 631 De
384 588 515 630 tribus
538 588 669 641 gallis.
703 588 911 631 Adrianus
933 590 1121 643 regnavit
1142 592 1286 644 potens
1310 589 1439 631 valde.
1473 588 1666 644 (Hahne.)
1697 589 1767 633 lat.
1786 590 1852 632 68.

302 659 364 702 ΒΘ
410 660 587 702 camisea
634 661 893 715 carpentarii.
963 659 1104 703 Gallus
1150 661 1338 715 regnavit
1383 660 1563 716 prudens
1611 664 1651 704 et
1694 666 1853 718 potens.

303 730 748 785 (Keuschheitshemd.)
795 731 865 774 lat.
891 732 958 773 69.

302 801 364 844 ΒΘ
411 803 624 856 sagittario
673 806 713 845 et
750 803 1010 859 phylomena.
1075 802 1320 857 Sagittarius
1361 803 1527 858 quidam
1568 804 1654 847 sive
1691 816 1853 860 auceps.

303 873 421 926 (Drei
454 873 693 916 weisheiten
724 873 896 928 lehren.)
943 874 1014 916 lat.
1044 875 1136 916 167.

302 944 365 987 De
405 945 536 987 tribus
576 946 731 988 amicis.
787 945 960 996 Quidam
998 959 1072 989 rex
1104 948 1193 988 erat
1224 946 1292 1001 qui
1323 949 1484 988 tantum
1515 946 1680 989 unicum
1711 945 1854 988 filium.

303 1015 693 1072 (Freundesprobe.)
739 1016 810 1059 lat.
838 1018 931 1059 129.

303 1087 365 1130 ΒΘ
400 1089 548 1130 avaris.
594 1087 698 1130 Erat
730 1089 897 1143 quidam
930 1102 1077 1131 avarus
1110 1088 1255 1132 sedens
1281 1088 1402 1144 juxta
1432 1102 1558 1131 mare.
1608 1087 1775 1143 (Schatz
1799 1088 1856 1130 im

303 1158 483 1213 baume.)
531 1159 602 1201 lat.
631 1160 724 1201 109.

302 1230 364 1273 ΒΘ
397 1230 481 1272 vita
513 1234 553 1273 et
583 1234 727 1273 morte.
777 1230 949 1281 Quidam
973 1244 1045 1274 rex
1069 1234 1158 1274 erat
1179 1231 1247 1286 qui
1269 1231 1427 1273 statuit.
1468 1228 1857 1287 (Todestrompete.)

301 1301 371 1344 lat.
400 1302 494 1343 143.

301 1372 364 1415 ΒΘ
386 1373 503 1415 cecis.
548 1372 769 1424 Quintillus
792 1373 981 1428 regnavit
1003 1373 1072 1429 qui
1095 1373 1240 1416 statuit
1260 1386 1335 1428 pro
1356 1372 1458 1428 lege.
1501 1371 1606 1429 (100
1627 1370 1858 1428 groschen.)

301 1444 371 1486 lat.
397 1444 464 1485 73.

303 1514 366 1557 ΒΘ
398 1528 520 1558 aureo
552 1529 688 1571 pomo.
736 1515 985 1558 Aurelianus
1009 1515 1198 1570 regnavit
1221 1515 1262 1558 in
1285 1515 1452 1559 civitate
1472 1514 1614 1558 Roma.
1661 1513 1858 1571 (Narren-

305 1584 447 1642 apsel.)
492 1587 563 1629 lat.
589 1588 656 1629 74.

304 1657 366 1700 ΒΘ
399 1658 555 1700 duobus
587 1658 770 1701 medicis.
817 1657 991 1709 Quidam
1020 1671 1094 1701 rex
1123 1661 1211 1701 erat
1233 1658 1367 1714 quiin
1387 1671 1514 1712 regno
1537 1671 1623 1701 suo.
1671 1655 1859 1713 (Ziegen—

304 1727 438 1783 auge.)
483 1729 554 1771 lat.
579 1730 646 1771 76.

303 1800 365 1842 De
404 1801 579 1843 dracone
612 1804 651 1843 et
681 1801 812 1843 leona.
869 1800 1050 1851 Quedam
1082 1800 1227 1843 civitas
1260 1805 1321 1843 est
1345 1801 1467 1855 juxta
1497 1814 1623 1844 mare.
1678 1799 1859 1856 (Drache

306 1872 431 1914 durch
465 1872 598 1914 lbwen
630 1870 841 1926 entfernt.)
887 1886 981 1928 app.
1005 1873 1046 1914 4.

304 1943 366 1985 ΒΘ
412 1943 543 1986 milite
587 1947 627 1986 et
664 1943 818 1986 famulo
857 1944 922 1986 cui
962 1944 1138 1987 abscidit
1174 1944 1333 2000 pedem.
1395 1943 1513 1987 Miles
1552 1944 1718 1999 quidam
1757 1945 1857 1986 erat.

306 2013 420 2067 (Fuss
454 2014 536 2067 ab.)
582 2015 653 2057 lat.
680 2016 775 2057 127.

303 2085 366 2127 ΒΘ
413 2090 569 2141 septem
609 2086 876 2141 sapientibus.
940 2086 1169 2129 Poncianus
1206 2087 1250 2129 in
1287 2087 1452 2129 civitate
1489 2085 1619 2128 Roma
1656 2085 1857 2140 regnavit.

303 2155 396 2211 (VII
428 2171 530 2213 sap.7
563 2156 768 2211 rahmen.)
815 2171 940 2211 germ.
965 2159 1034 2200 40.

303 2228 366 2271 ΒΘ
406 2228 535 2271 milite
575 2229 644 2283 qui
684 2242 858 2284 puerum
901 2242 1016 2271 suum
1058 2229 1189 2272 tribus
1226 2228 1455 2271 nutricibus
1488 2227 1704 2271 commisit.
1757 2226 1862 2269 Erat

306 2300 473 2354 quidam
503 2299 635 2342 miles.
684 2300 838 2354 (Hund‚
868 2300 941 2343 VH
972 2300 1078 2356 sap.)
1125 2314 1251 2354 germ.
1275 2301 1344 2342 41.

304 2371 367 2413 ΒΘ
414 2384 513 2426 apro
559 2371 726 2414 crudeli.
790 2371 893 2414 Erat
939 2372 1105 2427 quidam
1150 2373 1374 2427 imperator
1412 2371 1482 2426 qui
1517 2370 1663 2413 habuit
1698 2383 1856 2413 nemus.

305 2441 445 2497 (Eber⁷
476 2442 550 2484 VII
582 2440 689 2498 sap.)

305 2513 369 2556 De
399 2513 530 2555 milite
555 2516 595 2555 et
609 2513 841 2567 juvencula.
884 2514 1059 2565 Quidam
1080 2514 1198 2557 miles
1221 2518 1309 2556 erat
1329 2527 1454 2556 senex
1475 2513 1666 2556 moriens.
1708 2510 1860 2568 (Haus-

307 2584 512 2638 schliil'sel,
544 2582 682 2639 kurz.)

305 2656 368 2698 De
397 2669 513 2712 pyca.
555 2655 665 2697 Civis
689 2656 852 2710 quidam
878 2660 966 2698 erat
987 2656 1029 2698 in
1051 2656 1216 2698 civitate
1237 2655 1434 2698 Romana.
1473 2654 1641 2710 (Elster,
1658 2653 1732 2697 VII
1753 2651 1860 2709 sap.)

306 2727 368 2770 ΒΘ
390 2727 495 2769 turri
517 2726 682 2780 virgilii.
718 2727 965 2770 Octavianus
988 2728 1176 2782 regnavit
1198 2727 1311 2770 dives
1333 2727 1465 2769 valde.
1497 2724 1668 2781 (Virgils
1690 2722 1860 2780 thurm.)

307 2812 434 2852 germ.
458 2799 528 2840 43.

306 2868 368 2911 ΒΘ
401 2873 557 2924 septem
590 2868 857 2924 sapientibus.
906 2868 1080 2920 Quidam
1111 2870 1338 2926 imperator
1363 2868 1491 2911 Rome
1521 2868 1721 2923 regnavit.
1768 2866 1860 2923 (VII

307 2953 411 2996 sap.⁷
439 2940 514 2982 VII
546 2938 652 2996 sap.)
697 2954 824 2994 germ.
849 2941 918 2982 48.
