1919 3157
885 31 969 72 609

92 140 198 182 facto
231 139 336 180 dixit
369 153 438 180 rex
472 138 552 179 illis
585 137 714 179 tribus
754 136 969 178 fratribus:
1016 135 1089 177 [bi
1129 140 1191 176 est
1232 140 1347 190 pater
1381 138 1514 175 vester
1555 133 1765 188 sepultus?

92 211 152 253 Ac
183 209 241 252 illi
274 209 502 252 indicantes
542 209 674 251 locum
715 222 786 250 rex
820 221 914 250 vero
956 207 1053 248 fecit
1086 210 1243 262 patrem
1279 204 1536 247 extumulare
1568 209 1609 246 et
1640 216 1764 245 unum

91 295 136 324 os
168 281 217 324 de
248 294 419 336 corpore
452 282 538 334 ejus
572 279 788 321 extrahere
821 282 859 319 et
892 278 1040 319 iterato
1073 290 1163 318 eum
1199 276 1385 332 sepelire.
1441 274 1525 316 1100
1558 275 1665 316 facto
1698 288 1767 315 vo-

90 353 200 396 cavit
231 366 370 394 servos
403 366 498 394 suos
531 356 570 393 et
603 354 692 406 ayt:
736 350 922 405 Accipite
965 363 1008 390 os
1049 348 1159 390 illius
1198 348 1306 400 regis
1345 347 1495 388 mortui
1530 351 1569 388 et
1600 347 1641 387 in
1674 359 1767 387 san-

90 424 254 478 guinem
288 423 551 485 primogeniti
587 421 742 463 intluite
782 424 826 461 ut
857 424 992 461 sumat
1023 419 1072 461 de
1105 419 1303 472 sanguine
1343 418 1583 472 inquantum
1619 421 1766 472 potest.

90 493 178 536 Hoc
209 493 318 535 facto
350 491 450 533 illud
483 508 526 535 os
560 493 608 535 ad
643 491 768 534 solem
803 495 1028 546 posuerunt
1059 494 1103 531 ut
1135 489 1301 543 sanguis
1333 489 1506 530 tirmiter
1539 493 1578 530 et
1608 489 1769 530 fortiter

93 564 309 608 adhereret
341 565 435 606 ossi.
476 565 577 606 Cum
613 568 749 605 autem
783 576 826 603 os
860 562 1109 604 exsiccatum
1142 566 1250 603 esset
1282 565 1321 602 et
1352 563 1609 602 cruentatum
1644 572 1771 614 appa—

92 633 262 690 re[re]t,
309 640 405 677 tunc
454 636 637 691 precepit
675 648 745 676 rex
789 638 831 675 ut
870 633 1098 684 lavaretur3
1145 632 1285 674 statim
1327 645 1417 674 cum
1457 631 1584 673 lotum
1626 631 1772 672 fuisset

92 707 260 761 sanguis
293 706 460 748 evanuit
492 711 530 748 et
564 720 608 748 os
640 707 680 748 in
713 719 786 747 suo
819 704 952 746 colore
979 704 1218 759 permansit.
1266 703 1379 744 Tunc
1402 703 1459 745 ait
1488 716 1560 744 rex
1594 701 1771 744 secundo

92 777 175 820 filio
210 782 254 820 ut
286 779 433 833 primo,
468 778 537 832 qui
570 777 697 819 eciam
732 777 931 830 sanguine
962 776 1158 818 minutus·
1179 779 1259 827 est,
1293 778 1333 816 et
1365 788 1408 816 os
1442 774 1572 829 patris
1604 773 1646 815 in
1678 786 1771 815 san-

91 850 213 903 guine
250 849 477 891 involutum
521 855 583 891 est
623 854 663 891 et
704 848 750 890 in
788 847 872 889 sole
913 847 1092 903 positum
1134 851 1175 889 et
1213 846 1461 888 desiccatum
1507 848 1548 887 et
1587 858 1631 887 os
1671 844 1772 886 illud

90 919 301 963 lavaretur
339 920 506 974 sanguis
545 920 692 962 iterum
735 918 903 961 evanuit
941 922 981 960 et
1020 932 1063 960 os
1104 919 1145 960 in
1184 931 1256 959 suo
1296 917 1431 959 colore
1470 916 1698 972 permansit
1729 919 1774 957 ut

92 992 218 1048 prius.
267 991 354 1034 Hoc
387 991 556 1033 audiens
589 1004 661 1032 rex
695 990 753 1032 ait
778 990 933 1044 juniori
966 989 1069 1031 filio:
1105 989 1278 1044 Oportet
1309 992 1348 1030 te
1381 989 1565 1030 minuere
1597 988 1703 1030 sicut
1734 990 1774 1029 et

90 1063 240 1105 fratres
271 1063 352 1116 tui,
393 1062 499 1117 quod
531 1062 684 1103 factum
718 1066 798 1113 est;
839 1066 879 1103 et
918 1075 1009 1103 cum
1048 1075 1091 1102 os
1124 1061 1255 1116 patris
1287 1060 1329 1102 in
1362 1060 1561 1113 sanguine
1593 1059 1772 1114 positum

90 1134 236 1176 fuisset
268 1138 308 1176 et
338 1135 379 1176 in
413 1133 497 1175 sole
529 1133 799 1186 desiccatum,
841 1138 880 1174 et
919 1146 1009 1175 cum
1053 1146 1096 1174 os
1135 1131 1235 1173 illud
1266 1131 1475 1173 lavaretur
1507 1131 1613 1173 sicut
1643 1130 1772 1186 prius,

91 1209 230 1248 tamen
276 1210 446 1261 propter
490 1204 689 1259 locionem
737 1210 777 1246 et
822 1204 1084 1246 fricacionem
1133 1216 1214 1245 non
1261 1206 1486 1258 potuerunt
1531 1202 1774 1255 sanguinem

91 1276 266 1319 evellere
298 1290 430 1331 neque
463 1289 655 1331 separare
688 1276 786 1330 quin
819 1290 862 1318 os
896 1279 1004 1318 esset
1034 1278 1308 1317 cruentatum.
1352 1274 1438 1324 Quo
1471 1273 1558 1315 viso
1592 1273 1650 1315 ait
1679 1286 1772 1315 rex:

92 1347 161 1390 Tu.
185 1361 227 1390 es
260 1361 355 1390 vere
387 1348 473 1402 ejus
505 1347 746 1401 legittimus,
779 1360 873 1389 nam
908 1346 1074 1400 sanguis
1107 1349 1201 1387 tuus
1235 1359 1284 1387 ex
1317 1358 1409 1387 osse
1441 1345 1519 1387 isto
1551 1344 1774 1400 processit3

90 1419 240 1462 fratres
273 1422 409 1461 autem
441 1419 501 1460 tui
534 1422 629 1460 sunt
660 1431 742 1460 non
774 1418 967 1472 legittimi
999 1417 1070 1459 sed
1103 1431 1152 1459 ex
1186 1416 1387 1458 adulterio
1428 1416 1528 1458 nati.
1581 1416 1645 1458 Do
1679 1428 1774 1469 ergo

90 1490 168 1533 tibi
206 1490 435 1546 predictam
479 1489 665 1532 arborem
708 1490 748 1531 in
789 1489 1059 1531 hereditatem
1099 1488 1150 1530 ad
1193 1487 1508 1543 possidendum3
1556 1491 1597 1529 et
1643 1487 1776 1529 omnis

92 1561 268 1617 populus
299 1561 495 1604 laudabat
527 1561 777 1616 sapienciam
813 1561 936 1614 regis,
969 1560 1038 1615 qui
1065 1561 1292 1601 intantum
1315 1560 1524 1614 sapienter
1549 1558 1778 1613 judicasset

91 1633 192 1675 istos
223 1636 307 1675 tres
338 1633 501 1674 fratres.

210 1706 384 1747 Mistz'ce.
428 1704 506 1746 iste
537 1704 764 1759 imperator
798 1707 860 1745 est
892 1703 1082 1745 dominus
1114 1706 1254 1744 noster
1286 1701 1427 1744 Ihesus
1461 1701 1673 1755 Christus,
1706 1701 1777 1756 qui

91 1777 292 1832 pugnavit
323 1779 466 1817 contra
495 1788 632 1828 regem
665 1774 807 1830 Egipti
840 1775 865 1816 i.
892 1788 925 1816 e.
952 1778 1096 1816 contra
1128 1774 1264 1830 ipsum
1298 1773 1534 1829 dyabolum,
1568 1777 1608 1815 et
1640 1772 1778 1815 omnia

92 1847 135 1889 in
167 1861 316 1902 guerra
348 1847 601 1903 expendidit.
656 1846 772 1888 Unde
811 1845 911 1888 dicit
952 1846 1180 1901 scriptura:
1222 1844 1419 1886 Volucres
1460 1844 1579 1886 nidos
1611 1844 1776 1898 habent,

93 1919 237 1974 vulpes
276 1919 438 1971 foveas,
480 1917 589 1960 filius
623 1921 758 1960 autem
792 1917 970 1959 hominis
1002 1917 1027 1958 i.
1053 1930 1086 1959 e.
1110 1916 1239 1958 Marie
1278 1930 1360 1958 non
1397 1915 1521 1958 habet
1551 1915 1622 1958 ubi
1654 1919 1778 1971 caput

94 2004 213 2032 suum
246 1990 436 2043 reclinet,
479 1990 574 2044 quia
607 1990 683 2032 iste
714 1989 941 2045 imperator
972 1987 1098 2030 nichil
1131 1988 1313 2030 retinuit«
1342 1988 1423 2029 nisi
1461 1987 1648 2029 arborem
1680 1986 1707 2028 i.
1742 1999 1775 2028 e.

94 2065 278 2104 sanctam
312 2074 487 2115 crucem,
521 2064 562 2103 et
594 2060 823 2115 quicunque
856 2059 1085 2114 gustaverit
1117 2059 1166 2101 de
1198 2059 1333 2101 fructu
1365 2058 1475 2100 illius
1499 2057 1658 2100 arboris
1690 2058 1716 2099 i.
1741 2071 1775 2099 e.

95 2133 326 2188 quicunque
357 2132 593 2188 passionem
625 2131 749 2174 Cristi
792 2132 834 2173 in
866 2131 1066 2173 memoria
1099 2134 1139 2172 et
1169 2130 1211 2172 in
1251 2134 1388 2172 mente
1426 2129 1636 2182 habuerit,
1678 2142 1777 2183 quo-

94 2217 253 2259 cunque
283 2204 426 2247 morbo
460 2203 709 2258 egrotaverit
747 2202 966 2245 sanitatem
1009 2201 1183 2257 recipiat
1223 2215 1297 2257 per
1330 2214 1468 2243 veram
1501 2201 1776 2256 penitenciam

95 2280 136 2319 et
167 2275 463 2318 confessionem
498 2279 538 2318 et
559 2275 851 2318 contricionem
875 2273 1010 2315 cordis
1033 2277 1206 2328 excepta
1226 2273 1344 2328 lepra
1375 2272 1401 2314 i.
1426 2285 1459 2314 e.
1484 2272 1777 2327 desperacione

95 2346 145 2389 de
175 2346 461 2389 misericordia
492 2346 558 2388 dei
590 2360 667 2401 que
699 2346 850 2388 dicitur
888 2358 977 2388 esse
1009 2348 1223 2400 peccatum
1261 2345 1303 2386 in
1337 2343 1529 2400 spiritum
1562 2346 1774 2393 sanctum3

96 2431 192 2472 ergo
224 2431 306 2460 non
338 2417 565 2460 salvabitur
595 2430 671 2460 nec
702 2416 768 2459 hic
798 2429 873 2459 nec
903 2416 945 2457 in
977 2416 1128 2458 futuro.
1174 2415 1254 2458 Per
1275 2420 1359 2457 tres
1380 2414 1486 2456 filios
1509 2414 1777 2467 designantur

94 2489 178 2532 tria
214 2502 366 2544 genera
403 2488 636 2540 hominum3
687 2501 758 2542 per
797 2487 977 2543 primum
1019 2487 1105 2529 scil.
1147 2487 1467 2542 primogenitum
1507 2485 1777 2538 designantur

96 2564 286 2617 potentes
317 2564 358 2602 et
389 2559 537 2602 divites
570 2558 717 2613 quibus
751 2559 871 2600 datur
903 2558 968 2600 hic
999 2558 1073 2599 sub
1115 2562 1156 2600 et
1187 2572 1310 2614 super
1342 2557 1428 2600 scil.
1462 2556 1504 2598 in
1537 2569 1631 2598 aere
1663 2559 1704 2597 et
1733 2555 1776 2597 in

96 2635 221 2686 terra,
254 2632 351 2687 quia
379 2630 517 2673 omnia
538 2630 751 2685 subjacent
782 2630 840 2672 eis
873 2633 1042 2685 propter
1063 2629 1233 2671 divicias
1257 2629 1353 2684 quia
1382 2628 1464 2670 illis
1497 2627 1611 2669 venit
1641 2626 1778 2681 aliqua

97 2702 292 2758 superbia
323 2706 364 2745 et
393 2701 559 2744 luxuria
591 2715 668 2755 que
699 2705 829 2743 totum
864 2699 986 2753 delet,
1026 2701 1085 2741 ita
1117 2700 1225 2754 quod
1265 2700 1394 2741 lotum
1433 2711 1516 2740 non
1548 2697 1672 2740 habet
1701 2708 1777 2739 nec

97 2774 370 2829 penitenciam
395 2774 436 2815 in
460 2772 609 2814 talibus
633 2785 708 2814 nec
731 2771 901 2825 justicia
923 2771 1019 2826 quia
1041 2771 1159 2812 multi
1182 2771 1342 2812 dicunt:
1378 2769 1421 2811 Si
1444 2768 1582 2811 taliter
1613 2780 1776 2823 semper

97 2845 236 2887 vivere
267 2845 412 2887 scirem
449 2844 499 2885 ad
531 2842 725 2897 gaudium
760 2842 870 2884 aliud
902 2855 968 2883 me
999 2855 1082 2883 non
1119 2841 1381 2884 declinarem.
1435 2839 1513 2882 Per
1551 2838 1777 2881 secundum

98 2914 226 2958 filium
260 2915 547 2968 intelliguntur
571 2914 731 2968 judices
763 2920 848 2956 tam
881 2912 1085 2955 seculares
1118 2926 1239 2967 quam
1278 2911 1534 2966 spirituales,
1575 2910 1644 2965 qui
1684 2909 1777 2966 plus

161 2997 381 3034 Oeaterley.
405 2997 496 3024 Gesta
517 2997 726 3023 Romanorum.
1453 2986 1497 3021 39
