1919 3157
830 55 914 97 695

41 161 162 213 Quod
188 162 365 203 mundus
397 164 441 203 in
470 164 652 218 malz'yno
682 164 841 218 positus
872 170 928 203 est
959 170 995 202 et
1025 162 1208 216 und-ique
1238 163 1425 216 anqustie
1460 161 1553 202 101.

38 230 104 273 De
134 233 526 287 transqressionibus
557 236 692 275 anime
723 242 758 274 et
788 232 1024 274 vul-neribus
1055 231 1140 284 ejus
1175 230 1268 271 102.

36 301 104 344 De
135 302 319 343 omnibus
349 304 468 344 rebus
500 321 590 345 cum
621 319 814 345 consensu
847 312 882 344 et
914 303 1181 358 procidentia
1211 316 1368 356 semper
1399 303 1568 357 ayendis
1611 301 1706 342 103.

36 372 104 415 De
134 372 415 426 beneficiorum
448 377 642 416 memoria
677 374 769 415 104.

32 432 105 486 ‘De
133 445 414 485 vicissitudine
445 445 657 497 cujuslibet
687 444 785 485 boni
815 452 850 485 et
876 444 1092 499 presertim
1123 450 1226 483 recte
1246 441 1529 494 judicantium
1563 440 1657 482 105.

40 513 163 566 Quod
193 522 249 555 est
278 515 537 569 viqilandum
570 524 710 556 contra
732 515 913 569 fraudes
946 513 1105 554 diaboli
1131 527 1182 553 ne
1212 527 1286 553 nos
1317 513 1496 567 decipiat
1530 512 1623 553 106.

37 584 104 626 De
133 587 331 626 ‘inertior-ia
361 587 504 626 mortis
536 594 572 626 et
602 600 682 627 non
716 585 949 626 delectando
981 586 1026 625 in
1058 582 1349 638 temporalibus
1385 582 1478 623 107.

37 654 104 696 De
128 657 419 711 promissionis
439 656 561 708 fideli
589 657 818 697 constantia
853 654 945 695 108.

39 724 162 777 Quod
182 727 287 767 ditat
318 725 508 767 diabolus
534 741 614 781 per
644 727 886 776 avariciam,
918 727 964 765 in
983 724 1070 778 fine
1101 723 1253 777 decipit
1283 723 1339 763 ad
1362 722 1586 777 qeliennam
1610 722 1705 763 109.

36 795 103 838 De
161 799 388 838 errantium
450 796 634 837 mirabili
680 797 942 838 rei-oracione
1000 803 1035 835 et
1092 794 1340 848 afflictorum
1390 794 1469 848 pia
1519 793 1706 834 consola-

124 869 238 908 cione
262 867 355 907 110.

36 936 104 979 De
135 938 322 979 custodia
351 945 388 978 et
418 939 776 991 circumspectione
813 936 999 977 habenda
1037 936 1093 976 ad
1121 949 1284 990 yreyem
1315 935 1572 975 commissum
1611 933 1705 974 111.

40 1004 156 1061 [161]
197 1008 263 1049 De
304 1010 519 1049 curacione
557 1010 692 1048 anime
728 1022 804 1063 per
832 1008 1077 1048 medicinam
1109 1005 1386 1061 supercelestis
1416 1005 1585 1056 medici,
1625 1018 1708 1059 qua

125 1080 295 1134 quidam
326 1087 524 1120 curantur
555 1086 591 1119 et
622 1079 791 1133 quidam
822 1093 903 1119 non
940 1077 1032 1118 112.

36 1147 105 1190 De
133 1150 350 1204 spirituali
375 1165 518 1204 puqna
550 1157 586 1190 et
614 1151 947 1190 remuneracione
974 1163 1053 1203 pro
1086 1148 1260 1188 victoria
1293 1145 1386 1186 113.

37 1219 104 1261 De
135 1219 379 1261 liberacione
409 1220 581 1260 humani
608 1222 767 1274 yeneris
800 1236 825 1260 a
844 1219 976 1274 fovea
1007 1218 1169 1259 baratri
1197 1216 1418 1271 infernalis
1452 1215 1546 1257 114.

36 1289 104 1331 De
133 1298 261 1332 morte
291 1289 443 1332 Christi
470 1306 547 1346 pro
578 1299 719 1331 nostra
751 1291 1087 1331 reconciliacione
1120 1287 1214 1329 115.

37 1360 104 1403 De
135 1361 348 1402 dilectione
378 1362 463 1413 dei,
506 1363 706 1416 quomodo
747 1376 881 1402 omnes
920 1375 992 1402 nos
1024 1359 1223 1415 equaliter
1253 1358 1413 1413 diliqit‚
1452 1371 1581 1413 usque
1610 1357 1708 1398 dum

122 1433 261 1487 ipsum
286 1447 365 1488 per
389 1440 561 1488 peccata
592 1433 838 1487 despicimus
874 1432 968 1472 116.

37 1501 105 1544 De
136 1502 348 1544 obstinatis
379 1512 416 1545 et
445 1505 626 1544 concerti
653 1518 737 1544 non
767 1502 994 1544 volentibus
1027 1509 1063 1543 et
1093 1515 1231 1542 eorum
1255 1500 1390 1555 playa
1418 1513 1494 1554 per
1514 1498 1707 1552 diffiniti-

123 1589 218 1614 vam
247 1576 486 1615 sententiam
520 1574 613 1614 117.

37 1643 105 1686 De
122 1644 307 1698 fallacia
339 1653 375 1686 et
405 1646 498 1686 dolo
535 1644 628 1685 118.

40 1713 163 1767 Quod
200 1718 379 1757 omnium
419 1717 640 1756 viventium
678 1717 723 1756 in
753 1715 905 1755 mundo
945 1714 993 1754 de
1024 1712 1223 1765 beneficiis
1263 1712 1438 1767 acceptis
1477 1718 1536 1752 est
1563 1711 1736 1766 ingyra-⁸

125 1787 305 1827 tissimus
336 1787 452 1828 homo
488 1786 582 1827 119.

37 1855 105 1898 De
133 1857 350 1898 mulierum
381 1857 524 1898 subtili
552 1858 784 1912 deceptione
817 1855 911 1896 120.

38 1926 105 1968 De
132 1927 272 1982 yloria
301 1929 448 1968 mundi
477 1936 513 1968 et
550 1928 719 1968 luxuria
757 1941 833 1981 que
869 1925 1016 1966 multos
1054 1925 1205 1978 decipit
1241 1931 1278 1964 et
1313 1924 1370 1964 ad
1397 1923 1609 1964 interitum
1639 1922 1707 1963 de-

125 1999 239 2039 ducit
271 1997 364 2039 121.

37 2067 106 2110 De
135 2069 333 2110 adulteris
364 2069 602 2110 mulieribus
634 2077 670 2110 et
700 2068 957 2109 eaececacione
989 2065 1250 2121 quorundam
1278 2064 1532 2120 prelatorum
1566 2062 1659 2104 122.

42 2138 164 2190 Quod
191 2139 410 2192 juvencule
447 2148 541 2180 sunt
574 2154 654 2195 per
678 2146 873 2194 parentes
911 2154 937 2178 a
969 2137 1193 2177 luxuriosis
1225 2135 1468 2177 coliercende
1499 2141 1536 2175 et
1562 2133 1705 2175 volun-

126 2211 204 2250 tati
226 2211 402 2265 proprie
431 2225 514 2251 non
544 2210 808 2264 relinquende
847 2207 940 2249 123.

42 2278 164 2331 Quod
200 2280 439 2321 mulieribus
476 2295 559 2321 non
599 2288 656 2321 est
693 2280 937 2321 credendum
975 2293 1104 2333 neque
1141 2277 1324 2318 archana
1362 2274 1703 2326 committendum,

129 2352 325 2406 quoniam
356 2342 532 2406 tempore
564 2351 777 2391 iracundie
809 2351 938 2391 celare
967 2363 1051 2390 non
1075 2355 1252 2404 possunt
1284 2347 1378 2387 124.

39 2420 236 2462 Mulieres
266 2435 350 2462 non
380 2421 511 2462 solum
530 2422 721 2476 pandunt
741 2428 908 2472 secreta,
937 2420 1006 2460 sed
1033 2420 1088 2460 ad
1108 2419 1178 2460 liec
1197 2420 1448 2459 mentiuntur
1465 2416 1591 2472 plura
1609 2412 1702 2455 125.

43 2491 164 2542 Quod
192 2491 430 2532 mulieribus
469 2493 514 2532 in
551 2492 665 2533 nullo
704 2499 760 2532 est
791 2491 1033 2531 credendum
1066 2498 1102 2531 et
1126 2490 1345 2545 presertim
1376 2489 1424 2529 de
1453 2488 1614 2528 secretis
1645 2500 1706 2527 ce·-

129 2561 265 2602 landis
302 2561 395 2614 126,
429 2563 656 2617 eccemplum
675 2562 1034 2616 jucundissimum.

39 2632 108 2675 De
117 2632 291 2686 justicia
317 2640 352 2672 et
376 2634 550 2687 equitate
567 2634 827 2674 disertissimi
836 2631 994 2685 judicis
1008 2628 1160 2671 Christi
1168 2645 1245 2685 per
1261 2629 1415 2671 occulta
1422 2628 1588 2682 judicia
1611 2626 1704 2668 127.

41 2703 108 2745 De
145 2702 295 2757 injuste
340 2703 477 2744 aliena
516 2703 622 2744 bona
660 2702 951 2758 occupantibus
961 2717 973 2749 ‚·
1015 2703 1158 2756 qravis
1205 2702 1281 2741 erit
1317 2702 1362 2741 in
1400 2700 1585 2741 extremis
1623 2699 1707 2739 dis-

127 2775 300 2830 ceptatio
335 2773 430 2814 128.

40 2843 109 2886 De
138 2845 322 2885 amicicie
351 2859 448 2885 vera
473 2843 726 2899 probacione
760 2842 852 2883 129.

8 2950 13 2955 .
44 2913 167 2967 Quod
194 2916 260 2955 vir
289 2916 454 2970 sapiens
482 2915 579 2969 plus
609 2915 715 2955 valet
743 2915 833 2954 viro
852 2913 967 2967 forti
1000 2912 1092 2953 130.
