1919 3157
887 49 971 90 289

832 170 934 211 CM».
964 172 1026 211 12.

781 256 852 301 Dp
888 256 1084 301 lvtmtre'a.

208 364 303 407 Otto
344 364 551 418 regnavit,
596 364 636 405 in
675 365 790 418 cujus
824 365 997 420 imperio
1031 368 1118 407 erat
1151 364 1315 418 quidam
1351 365 1540 408 sacerdos
1573 366 1768 420 lubricus,

91 436 159 490 qui
191 439 361 492 propter
395 434 466 477 hoc
500 434 684 477 subditos
718 449 812 477 suos
845 435 1089 478 multociens
1120 435 1377 491 perturbavit
1399 440 1438 478 et
1460 450 1532 492 per
1556 437 1631 479 hoc
1653 451 1769 480 scan-

90 506 258 549 dalizati
290 505 465 548 multum
498 510 625 548 erant.
674 506 777 548 Erat
803 520 906 549 uuus
931 506 1227 562 parochialium
1251 521 1432 561 suorum,
1467 508 1536 562 qui
1558 522 1767 563 nunquam

90 578 288 621 interesse
328 576 456 619 voluit
494 577 617 619 misse
659 578 809 633 ipsius,
850 578 944 620 dum
986 578 1220 621 celebravit.
1283 579 1447 620 Accidit
1487 579 1664 632 quodam
1705 579 1770 622 die

90 649 250 703 festivo,
285 648 391 704 quod
422 653 607 704 tempore
640 650 763 692 misse
797 650 882 704 ejus
916 650 1025 691 solus
1060 650 1100 691 in
1130 663 1274 705 campo
1298 649 1581 692 deambularet
1604 654 1643 692 et
1666 650 1769 692 miro

89 721 210 764 modo
250 719 440 773 siciebat,
480 720 685 763 intantum
726 721 833 775 quod
874 721 1089 764 videbatur
1130 722 1188 774 ei,
1231 721 1310 762 nisi
1351 721 1461 763 sitim
1496 721 1769 775 extingueret,

89 796 330 835 moreretur.
378 791 554 845 Accidit,
588 792 683 833 dum
718 792 960 846 ambularet,
993 793 1105 834 venit
1134 792 1184 834 ad
1208 791 1410 846 quendam
1434 792 1612 834 rivulum
1636 793 1770 848 puris-

89 864 184 906 simi
222 864 369 917 fontis,
408 863 449 905 in
483 877 561 917 quo
595 864 681 905 viso
714 863 868 919 incepit
898 864 1062 906 haurire
1096 867 1135 906 et
1165 863 1327 905 fortiter
1359 863 1508 906 bibere.
1565 862 1645 906 Sed
1677 878 1768 906 cum

89 939 308 989 gustasset,
341 938 493 989 quanto
526 934 618 990 plus
651 935 766 989 bibit,
800 939 914 977 tanto
942 936 1032 991 plus
1056 934 1238 977 siciebat.
1288 935 1400 977 Intra
1422 948 1465 977 se
1488 934 1771 978 admirabatur

89 1006 250 1049 dicens:
284 1005 456 1048 Fontem
487 1005 608 1061 hujus
640 1006 763 1048 rivuli
797 1021 966 1061 querere
1000 1006 1112 1059 vole,
1145 1009 1190 1048 ut
1221 1006 1270 1048 de
1301 1006 1412 1049 fonte
1444 1006 1596 1048 bibam.
1660 1005 1770 1048 Dum

89 1081 225 1120 autem
259 1077 522 1131 ambulasset,
560 1077 743 1120 obviavit
774 1078 810 1120 ei
843 1079 1008 1133 quidam
1041 1091 1166 1120 senex
1199 1077 1368 1133 pulcher
1402 1077 1518 1119 valde
1551 1081 1592 1119 et
1623 1077 1681 1119 ait
1712 1078 1768 1120 ei:

89 1148 331 1203 Carissime,
364 1162 442 1203 quo
476 1149 639 1192 tendis?
693 1149 771 1199 Qui
803 1150 879 1192 ait:
920 1149 1038 1192 Ultra
1070 1163 1193 1204 quam
1226 1149 1338 1191 credi
1370 1153 1508 1204 potest
1539 1149 1651 1191 sicio.
1704 1148 1770 1190 In-

89 1220 183 1262 veni
215 1234 339 1263 unum
373 1220 551 1262 rivulum
586 1234 703 1275 aque,
736 1221 786 1263 de
818 1235 897 1276 quo
927 1221 1024 1275 bibi,
1057 1224 1098 1263 et
1121 1224 1271 1276 quanto
1293 1221 1385 1276 plus
1409 1220 1506 1274 bibi,
1538 1223 1653 1263 tanto
1677 1219 1770 1275 plus

89 1291 297 1334 siciebam.
346 1291 440 1335 Ideo
472 1292 626 1334 fontem
661 1292 780 1346 hujus
813 1292 935 1334 rivuli
968 1306 1107 1347 quero,
1141 1296 1186 1334 ut
1208 1292 1256 1334 de
1278 1292 1390 1335 fonte
1413 1292 1564 1346 bibam,
1599 1292 1634 1334 si
1657 1291 1769 1334 sitim

89 1363 328 1417 extinguere
358 1364 528 1419 possim.
578 1364 652 1406 Ait
683 1377 829 1406 senex:
862 1363 969 1406 Ecce
1001 1363 1066 1406 hic
1099 1367 1161 1406 est
1191 1364 1296 1418 fons,
1330 1363 1379 1406 de
1412 1377 1489 1418 quo
1519 1363 1677 1405 rivulus
1699 1362 1770 1406 ille

88 1434 294 1490 procedit,
335 1435 407 1477 sed
447 1434 513 1477 dic
554 1434 696 1489 michi,
735 1449 861 1490 quare
900 1448 991 1477 cum
1030 1435 1123 1477 aliis
1164 1435 1400 1477 christianis
1438 1434 1489 1476 ad
1522 1434 1769 1477 audiendam

87 1506 256 1548 missam
290 1505 503 1549 ecclesiam
537 1520 619 1548 non
651 1506 842 1549 intrasti?
894 1506 971 1556 Qui
1005 1507 1239 1562 respondit:
1273 1506 1392 1559 Vere,
1425 1506 1602 1560 domine,
1635 1519 1770 1548 sacer-

88 1577 161 1619 dos
193 1581 332 1620 noster
364 1577 635 1620 execrabilem
669 1578 795 1620 vitam
829 1578 954 1632 ducit,
989 1578 1046 1620 sie
1079 1578 1185 1633 quod
1216 1579 1350 1633 ipsum
1374 1591 1456 1619 non
1479 1577 1599 1619 credo
1622 1577 1769 1619 missas

87 1649 262 1691 mundas
294 1648 501 1691 celebrare
534 1653 573 1692 et
604 1649 679 1692 deo
713 1649 898 1704 placitas.
955 1650 1021 1691 Ad
1054 1639 1174 1704 quem
1207 1663 1355 1692 senex:
1399 1648 1443 1691 Si
1475 1662 1570 1702 ergo
1603 1652 1647 1690 tu
1679 1649 1769 1691 sitis

92 1718 184 1775 [96]
221 1725 266 1762 ut
296 1720 421 1774 dicis,
455 1733 546 1763 ecce
578 1720 684 1774 fons,
717 1721 766 1763 de
799 1735 878 1776 quo
912 1725 997 1763 tam
1031 1721 1161 1763 dulcis
1196 1734 1301 1775 aqua
1332 1720 1456 1762 rivuli
1487 1720 1687 1775 procedit,
1720 1719 1769 1762 de

88 1792 202 1846 cujus
234 1791 366 1835 rivulo
399 1791 551 1834 bibisti.
599 1791 799 1848 Respexit
829 1792 898 1835 ille
931 1792 1157 1847 vidensque
1189 1805 1330 1834 canem
1358 1791 1665 1846 fetidissimum,
1697 1791 1769 1834 ha-

87 1863 251 1906 bentem
290 1877 334 1906 os
374 1867 583 1919 apertum,
625 1877 697 1919 per
737 1864 852 1918 cujus
892 1877 936 1906 os
979 1867 1019 1906 et
1055 1863 1197 1906 dentes
1230 1864 1360 1906 tocius
1393 1863 1518 1905 fontis
1552 1863 1768 1906 scaturicio

89 1934 308 1978 emanabat
337 1935 595 1978 mirabiliter.
651 1935 767 1986 Quod
799 1935 896 1977 dum
927 1935 997 1978 ille
1030 1935 1310 1991 perspicacius
1343 1935 1600 1989 agnovisset,
1632 1938 1769 1977 mente

87 2006 280 2048 confusus
312 2007 481 2062 expavit
510 2010 596 2049 toto
623 2020 793 2062 corpore
816 2007 1132 2062 pertremiscens
1154 2010 1324 2062 propter
1344 2006 1517 2048 fetorem
1541 2019 1622 2048 non
1646 2005 1768 2048 aude-

88 2077 158 2120 bat
195 2081 360 2132 gustare
400 2082 440 2120 et
478 2082 615 2120 tamen
655 2078 759 2120 miro
800 2078 919 2121 modo
957 2078 1140 2121 siciebat.
1197 2077 1326 2128 Quem
1358 2091 1484 2120 senex
1516 2077 1680 2120 intuens
1713 2078 1771 2120 ait

87 2148 167 2191 illi:
199 2148 294 2191 Noli
325 2150 471 2192 timere
503 2149 600 2204 quia
631 2150 785 2205 potasti
807 2150 856 2192 de
879 2149 1011 2192 rivulo
1035 2150 1154 2203 hujus
1177 2149 1322 2191 fontis!
1357 2149 1511 2191 nullam
1536 2148 1767 2191 molestiam

87 2219 163 2262 tibi
198 2220 423 2274 generabit.
488 2220 560 2263 Ille
601 2221 676 2263 hoc
714 2221 884 2263 audiens
917 2221 1119 2275 gustavit,
1160 2220 1271 2262 sitim
1306 2220 1511 2274 extinguit
1542 2225 1583 2262 et
1613 2220 1693 2262 ait:
1735 2219 1768 2262 O

88 2291 274 2346 domine,
314 2295 398 2334 tam
439 2291 598 2334 dulcem
633 2306 780 2347 aquam
813 2292 934 2334 homo
967 2305 1177 2347 nunquam
1209 2291 1324 2334 bibit.
1381 2292 1454 2333 Ait
1486 2305 1630 2334 senex:
1667 2290 1769 2333 Vide

87 2363 231 2417 modo,
271 2363 617 2418 quemadmodum
657 2363 730 2406 hec
770 2364 901 2406 dulcis
938 2377 1044 2418 aqua
1075 2377 1148 2419 per
1181 2376 1225 2405 os
1258 2362 1369 2405 canis
1402 2362 1520 2405 fetidi
1552 2362 1768 2405 observato

87 2434 223 2478 colore
260 2435 429 2491 proprio
470 2438 510 2477 et
549 2448 695 2490 sapore
735 2449 809 2478 nec
840 2435 1039 2491 polluitur
1069 2448 1144 2477 nec
1175 2437 1371 2476 mutatur.
1426 2434 1670 2487 Carissime,
1710 2433 1769 2476 sie

88 2509 152 2549 est
189 2505 239 2548 de
276 2506 404 2548 missa
443 2519 514 2561 per
553 2505 767 2560 indignum
800 2506 1055 2549 sacerdotem
1088 2505 1313 2559 celebrata,
1355 2509 1396 2548 et
1425 2505 1538 2559 ideo,
1579 2504 1767 2560 quamvis

87 2576 163 2620 tibi
201 2576 416 2633 displiceat
458 2577 543 2619 vita
581 2577 726 2619 talium
767 2577 1046 2631 sacerdotum,
1088 2581 1227 2620 tamen
1267 2577 1414 2619 missas
1446 2576 1611 2618 illorum
1644 2575 1766 2618 debes

1798 872 1840 906 10

1798 1230 1840 1264 15

1796 1585 1840 1620 20

1796 1942 1840 1977 25

1795 2300 1840 2335 30

89 2647 243 2691 audire.
298 2647 388 2689 Hiis
426 2647 546 2690 dietis
579 2661 704 2691 senex
736 2649 904 2691 evanuit
936 2647 985 2690 ab
1018 2661 1084 2701 eo,
1125 2651 1166 2690 et
1197 2648 1306 2702 quod
1339 2647 1497 2690 viderat
1528 2646 1619 2689 aliis
1650 2659 1766 2689 reve·
1793 2656 1838 2690 35

88 2718 201 2761 lavit.
249 2718 304 2760 Et
335 2721 429 2773 post
459 2719 532 2762 hec
565 2719 709 2762 devote
741 2720 889 2762 missas
923 2719 1081 2761 audivit
1111 2719 1225 2761 etin
1257 2732 1356 2773 pace
1390 2720 1513 2761 vitam
1546 2717 1691 2759 finivit.

203 2790 491 2832 Mor-alizacio.
540 2790 767 2843 Carissimi,
800 2791 877 2832 iste
909 2790 1134 2845 imperator
1167 2795 1229 2833 est
1252 2790 1441 2832 dominus
1463 2792 1603 2830 noster
1625 2787 1766 2831 Ihesus

88 2859 289 2915 Christus,
321 2860 361 2902 in
395 2861 510 2916 cujus
543 2861 717 2917 imperio
750 2861 776 2903 i.
800 2875 834 2903 e.
858 2862 899 2903 in
933 2860 1084 2903 mundo
1121 2866 1183 2904 est
1214 2861 1403 2904 sacerdos
1435 2860 1617 2902 lubricus
1641 2859 1683 2902 id
1706 2863 1767 2902 est

181 2942 224 2976 21
250 2941 414 2986 mundas]
445 2948 530 2989 oriy.
550 2942 714 2977 mundus.

150 3011 174 3039 Ο
185 3022 199 3040 e
208 3015 263 3040 ste
273 3013 326 3041 rle
335 3023 353 3050 y
364 3033 371 3044 .
395 3013 485 3042 Gesta
506 3013 713 3041 Romanorum.
1444 3006 1488 3041 19
