1929 3162
109 454 130 488 5

85 809 128 844 10

84 1168 127 1203 15

83 1528 127 1563 20

82 2063 127 2098 25

82 2456 127 2490 30

83 2813 126 2846 35

954 55 1038 97 284

150 161 336 216 judicum
371 165 577 202 excecant.
634 160 676 203 Si
711 175 805 204 vero
847 161 1007 203 dicatur
1040 162 1171 215 judici
1211 162 1273 205 vel
1316 163 1400 205 suis
1433 163 1657 206 ministris:
1698 164 1832 215 Quare

158 246 182 275 a
212 245 394 288 paupere
426 232 649 287 accepisti?
682 233 819 275 statim
852 233 1093 288 respondet:
1126 233 1272 277 Nonne
1301 238 1443 290 potero
1475 248 1566 277 cum
1599 235 1707 278 bona
1737 249 1833 278 con-

158 304 336 346 sciencia
372 304 575 359 recipere,
616 304 723 359 quod
763 304 864 346 mihi
902 304 1030 358 gratis
1073 304 1267 347 offertur?
1319 305 1495 348 Curialis
1535 310 1624 348 erat
1661 307 1704 348 in
1736 306 1832 349 offe-

156 375 297 429 rendo,
331 378 371 418 et
403 376 437 417 si
470 388 618 417 munus
652 389 770 418 suum
803 388 883 417 non
918 376 1181 431 accepissem,
1214 377 1338 419 michi
1366 391 1441 433 pro
1463 377 1693 420 rusticitate
1725 372 1850 420 esset

155 447 459 502 imputandum,
498 450 538 489 et
568 447 673 500 ideo,
706 461 757 489 ne
790 446 890 488 talia
921 447 971 489 de
1003 461 1068 489 me
1100 447 1346 501 dicerentur,
1380 462 1528 491 munus
1560 449 1646 503 ejus
1679 449 1829 504 accepi.

155 517 235 560 Per
266 518 488 560 secundam
519 518 741 572 imaginem
774 518 1003 572 intelligere
1042 518 1236 561 debemus
1274 520 1418 561 mundi
1449 520 1618 574 diviteS,
1659 520 1728 574 qui
1759 533 1833 576 per

155 589 337 643 graciam
371 589 436 631 dei
469 589 518 631 ad
552 590 721 632 divicias
748 593 843 631 sunt
865 589 1047 631 exaltati.
1094 589 1211 632 Unde
1232 591 1435 646 psalmus:
1468 591 1530 633 De
1553 595 1732 634 stercore
1754 591 1832 633 eri-

155 674 254 714 gens
286 674 532 716 pauperem3
567 665 607 703 et
638 662 775 703 statim
810 661 859 703 ab
893 661 1038 703 emulis
1064 662 1294 715 judicatur:
1327 662 1434 705 Ecce
1455 662 1533 705 iste
1554 663 1679 705 miser
1710 662 1834 705 habet

155 732 327 774 barbam
360 746 525 775 auream
557 733 583 774 i.
605 746 637 774 e.
661 732 799 788 plures
832 732 1015 786 divicias,
1050 747 1172 788 quam
1205 734 1348 776 habuit
1378 737 1498 790 pater
1529 734 1629 788 ejus.
1683 733 1832 790 Oppri-

155 817 316 846 mamus
349 806 463 846 eum!
529 803 623 846 Sive
661 818 734 859 per
765 804 826 846 fas
860 805 945 846 sive
977 818 1051 860 per
1089 804 1204 846 nefas
1238 806 1397 859 justum
1433 805 1558 848 talem
1591 806 1834 861 opprimunt

156 878 196 917 et
228 875 426 931 spoliant,
467 875 669 918 dicentes:
709 875 792 917 Nos
833 889 973 918 sumus
1012 875 1117 918 calvi
1156 877 1182 918 i.
1207 889 1240 918 e.
1275 877 1434 919 diviciis
1466 877 1639 932 privati3
1679 876 1831 919 bonum

155 950 230 1000 est,
262 950 308 988 ut
338 948 516 989 rusticus
548 948 626 990 iste
659 947 771 989 dives
799 948 917 990 nobis
941 948 1111 990 divicias
1134 961 1229 990 suas
1251 948 1484 1004 participet.
1533 947 1661 990 Immo
1693 948 1832 1004 sepius

153 1017 270 1060 illum
298 1018 510 1073 jugulant,
550 1022 596 1061 ut
626 1019 734 1062 bona
765 1033 840 1061 sua
871 1019 1080 1072 auferant,
1121 1020 1172 1062 ad
1205 1020 1330 1062 Tim.:
1372 1019 1588 1075 Cupiditas
1621 1023 1683 1062 est
1712 1019 1832 1062 radix

154 1089 337 1132 omnium
370 1090 586 1132 malorum.
638 1090 717 1133 Per
748 1091 920 1133 terciam
951 1091 1173 1145 imaginem
1207 1104 1297 1134 cum
1331 1091 1518 1148 clamyde
1557 1105 1681 1135 aurea
1712 1091 1832 1134 debe-

152 1175 245 1204 mus
277 1161 507 1216 intelligere
548 1162 734 1204 homines
774 1163 817 1204 in
859 1163 1059 1217 dignitate
1097 1163 1363 1217 constitutos,
1405 1164 1510 1206 sicut
1549 1166 1646 1205 sunt
1683 1162 1832 1219 prelati

154 1233 324 1276 ecclesie
357 1238 397 1276 et
421 1234 582 1287 judices
614 1234 786 1289 terreni,
820 1235 888 1289 qui
920 1235 1071 1277 habent
1101 1234 1234 1288 legem
1267 1235 1486 1289 custodire,
1518 1235 1691 1277 virtutes
1723 1234 1832 1278 inse-

152 1319 242 1348 rere
283 1309 324 1348 et
365 1305 464 1347 vitia
512 1306 732 1362 extirpare.
794 1305 913 1349 Unde
959 1306 1265 1360 malefactores,
1310 1307 1380 1362 qui
1426 1306 1647 1349 noluerunt
1687 1306 1832 1361 subjici

153 1376 372 1432 discipline
403 1380 546 1420 contra
577 1378 758 1433 prelatos
798 1392 892 1420 suos
926 1382 966 1421 et
997 1378 1202 1432 seniores,
1244 1392 1288 1420 se
1320 1378 1484 1432 erigunt
1514 1391 1561 1420 ac
1592 1378 1832 1434 conspirant

154 1449 357 1491 dicentes:
406 1448 606 1491 Nolumus
644 1449 753 1491 hunc
791 1463 964 1504 regnare
1004 1464 1128 1506 super
1167 1463 1254 1492 nos.
1318 1449 1437 1492 Luc.:
1484 1449 1606 1492 Judei
1645 1450 1830 1492 videntes

153 1520 363 1563 Christum
395 1520 595 1563 miracula
625 1521 841 1564 facientem
875 1525 917 1564 et
948 1535 1015 1564 eos
1040 1535 1223 1576 arguere,
1257 1522 1364 1576 quod
1393 1525 1536 1564 contra
1556 1521 1689 1575 legem
1721 1534 1830 1563 com-

153 1592 379 1646 mitterent,
413 1593 552 1635 statim
587 1592 636 1635 de
668 1596 800 1635 morte
828 1593 914 1647 ejus
943 1593 1248 1649 conspirabant.
1297 1593 1415 1636 Tales
1438 1594 1739 1649 conspiratores
1761 1593 1830 1648 qui

153 1664 212 1706 sic
243 1664 451 1706 hominem
490 1664 598 1706 bona
635 1664 745 1706 fama
785 1671 824 1707 et
864 1665 1087 1708 virtutibus
1128 1665 1308 1721 spoliant
1345 1664 1455 1707 mala
1492 1668 1624 1707 morte
1661 1664 1728 1707 hic
1765 1663 1830 1707 vel

154 1735 251 1778 alibi
285 1735 526 1778 morientur.
577 1734 824 1778 Studeamus
857 1750 952 1790 ergo
984 1737 1110 1779 vitam
1144 1743 1328 1779 nostram
1361 1740 1436 1779 etc.

902 1967 1004 2009 CAP.
1029 1969 1068 2010 9.

309 2054 384 2099 De
418 2053 622 2099 naturali
657 2054 829 2100 malitia
859 2070 946 2115 per
981 2057 1364 2102 mansuetudinem
1400 2056 1671 2115 superanda.

270 2161 508 2205 Alexander
540 2163 729 2217 regnavit
760 2163 940 2218 prudens
974 2163 1106 2218 valde,
1140 2165 1208 2219 qui
1241 2164 1368 2206 filiam
1391 2165 1500 2217 regis
1524 2163 1643 2220 Syrie
1664 2164 1707 2205 in
1731 2177 1829 2206 uxo-

152 2247 239 2276 rem
281 2234 458 2290 accepit,
499 2247 576 2288 que
619 2233 746 2276 filium
785 2235 1107 2290 pulcherrimum
1149 2237 1185 2278 ei
1223 2236 1396 2291 peperit.
1450 2234 1590 2278 Crevit
1626 2248 1749 2291 puer,
1789 2238 1830 2278 et

152 2319 245 2348 cum
277 2306 329 2347 ad
361 2309 510 2348 etatem
543 2305 769 2359 legitimam
803 2308 1071 2362 pervenisset,
1104 2307 1214 2363 patri
1244 2321 1316 2349 suo
1347 2320 1510 2363 semper
1530 2307 1702 2349 insidias
1732 2307 1830 2349 fecit

153 2380 195 2418 et
226 2390 299 2432 per
338 2376 476 2419 omnia
513 2381 689 2419 mortem
728 2378 814 2432 ejus
850 2377 910 2433 [7]
955 2379 1143 2434 quesivit.
1197 2378 1424 2434 Imperator
1462 2378 1512 2421 de
1544 2378 1619 2420 hoc
1650 2378 1828 2420 admira-

153 2448 293 2502 batur,
333 2448 446 2490 venit
485 2448 536 2490 ad
574 2449 878 2504 imperatricem
922 2454 962 2492 et
1000 2451 1076 2493 ait:
1124 2449 1368 2504 Carissima,
1409 2450 1520 2493 dicas
1559 2463 1701 2492 secure
1741 2450 1828 2492 sine

153 2520 301 2561 timore
334 2523 534 2563 secretum
569 2521 702 2562 cordis
734 2521 794 2562 tui
826 2521 964 2575 michi,
997 2525 1132 2564 utrum
1167 2522 1217 2564 de
1247 2522 1383 2576 aliquo
1405 2525 1543 2577 preter
1574 2535 1640 2564 me
1671 2520 1829 2577 polluta
1881 2562 1886 2565 ,

152 2591 294 2633 fuisti?
345 2591 403 2633 At
434 2591 524 2634 illa:
558 2592 590 2633 O
624 2592 798 2646 domine,
833 2607 959 2647 quare
992 2607 1014 2636 a
1045 2607 1110 2636 me
1141 2593 1243 2636 talia
1274 2593 1436 2649 queris?
1483 2593 1560 2644 Qui
1591 2593 1826 2649 respondit:

153 2662 282 2705 Filius
314 2666 408 2705 tuus
441 2677 603 2718 semper
634 2668 808 2706 mortem
842 2678 975 2708 meam
1010 2665 1144 2720 querit
1175 2669 1215 2708 et
1234 2665 1326 2708 ideo
1348 2666 1488 2719 miror,
1521 2665 1631 2720 quia,
1664 2665 1698 2707 si
1720 2668 1828 2707 esset

153 2733 259 2775 filius
292 2748 430 2789 meus,
469 2734 571 2777 talia
609 2749 690 2776 non
733 2739 1011 2792 attemptaret.
1065 2737 1122 2779 At
1151 2736 1242 2779 illa:
1282 2737 1406 2779 Novit
1437 2736 1550 2791 deus,
1584 2736 1691 2791 quod
1723 2750 1826 2778 nun—

154 2818 276 2858 quam
309 2806 358 2848 ab
392 2806 471 2848 alio
503 2809 641 2862 preter
679 2810 718 2848 te
752 2821 841 2849 sum
874 2808 1044 2864 polluta,
1083 2812 1123 2850 et
1153 2809 1230 2851 hoc
1259 2812 1405 2864 parata
1435 2822 1525 2850 sum
1557 2822 1632 2864 per
1662 2821 1825 2850 omnem

153 2876 262 2918 viam
295 2877 483 2932 probare.
536 2878 617 2921 Iste
649 2882 711 2921 est
741 2893 860 2921 verus
899 2879 1007 2921 filius
1047 2883 1162 2932 tuus3
1201 2880 1272 2922 sed
1311 2893 1436 2934 quare
1472 2884 1513 2922 te
1550 2880 1824 2935 persequitur,

243 2958 284 2992 31
313 2959 443 3003 aliquo]
472 2965 555 3006 oriy.
574 2959 691 3004 aliquo
717 2970 834 3004 quam.
