1949 3162
115 793 156 826 10

114 1146 155 1180 15

117 2215 161 2248 30

118 2567 163 2601 35

980 40 1066 81 408

181 145 316 187 nullus
356 145 481 186 alium
522 146 733 197 cognovit,
774 146 844 187 sed
889 159 1000 201 papa
1032 158 1122 187 cum
1157 145 1453 187 confessionem
1490 146 1638 187 matris
1671 145 1865 198 audisset,

181 217 377 258 noticiam
410 216 498 270 ejus
531 229 604 271 per
645 217 782 258 omnia
827 216 1005 258 habebat
1044 221 1084 258 et
1117 216 1193 257 ait:
1243 215 1275 258 O
1310 220 1441 258 mater
1473 216 1731 268 dulcissima,
1764 229 1868 257 uxor

183 293 223 329 et
255 288 408 339 amica,
445 285 534 341 [70]
571 286 757 329 diabolus
790 287 983 329 credebat
1024 301 1097 328 nos
1137 287 1284 329 ducere
1324 287 1373 328 ad
1405 287 1566 329 inferna
1598 292 1638 329 et
1669 300 1742 328 nos
1775 300 1867 329 eva-

183 359 310 400 simus
344 358 409 399 dei
441 358 591 411 gracia.
644 358 717 399 {lla
749 358 822 400 hec
855 358 1039 411 audiens,
1074 358 1124 399 ad
1159 358 1282 412 pedes
1316 359 1401 412 ejus
1435 359 1582 400 cecidit
1613 362 1653 399 et
1673 371 1747 412 pre
1768 371 1866 410 gau-

182 430 248 471 dio
283 442 421 470 amare
452 427 585 482 flevit,
630 442 740 484 papa
773 443 867 471 vero
901 430 950 471 de
984 434 1093 471 terra
1127 443 1215 470 eam
1249 429 1402 471 levavit
1441 434 1481 470 et
1512 430 1554 470 in
1586 430 1672 483 ejus
1703 429 1869 471 nomine

182 501 478 542 monasterium
513 501 750 553 constituit,
797 502 837 542 in
872 514 951 554 quo
985 515 1072 542 eam
1109 501 1359 542 abbatissam
1394 501 1491 542 fecit
1530 505 1570 542 et
1602 501 1706 541 infra
1739 513 1869 555 pauca

182 575 371 626 tempora
404 571 523 613 ambo
557 572 716 612 animas
750 571 823 613 deo
857 572 1137 613 reddiderunt.

302 643 589 684 Moralizacio.
640 641 868 696 Carissimi,
903 644 980 685 iste
1013 644 1239 698 imperator
1272 647 1333 684 est
1354 643 1543 684 dominus
1565 646 1705 684 noster
1727 642 1867 683 ihesus

182 712 394 766 Christus,
430 714 498 767 qui
531 727 713 755 sororem
748 728 862 756 suam
897 716 922 756 i.
947 728 980 756 e.
1006 715 1186 756 animam
1220 714 1339 755 fratri
1376 714 1400 755 i.
1426 727 1458 755 e.
1483 713 1659 766 homini,
1693 714 1763 767 qui
1796 713 1867 754 ho-

182 785 314 826 mines
346 784 499 826 Christi
539 784 679 827 fideles
719 799 860 827 sumus
900 786 986 839 ejus
1025 786 1196 838 fratres,
1246 790 1286 826 et
1319 785 1458 826 anima
1489 788 1552 826 est
1583 798 1699 826 soror
1732 788 1772 826 et
1804 784 1867 826 dei

181 854 287 906 filia3
321 855 392 897 sed
425 856 466 896 in
500 860 699 910 quantum
735 857 873 897 anima
906 856 1061 897 homini
1096 856 1370 909 conjungitur,
1404 868 1498 897 caro
1531 856 1680 897 dicitur
1702 856 1869 911 proprie

183 926 268 979 ejus
302 939 429 967 soror.
480 926 523 967 In
564 927 768 982 principio
811 940 905 968 caro
950 927 1073 969 habet
1112 928 1292 968 animam
1334 928 1376 968 in
1410 928 1518 968 omni
1554 927 1729 977 honore;
1772 927 1867 968 dum

183 1002 326 1039 contra
358 1011 446 1039 eam
481 998 621 1051 nichil,
655 999 762 1053 quod
797 998 1016 1053 displiceat
1048 999 1137 1051 dec,
1173 999 1269 1051 agit,
1304 1002 1465 1040 tenetur
1490 1012 1578 1040 eam
1604 1012 1652 1040 ex
1677 1002 1870 1054 precepto

182 1068 320 1110 divino
354 1068 482 1110 nobili
523 1069 609 1110 viro
653 1070 840 1111 maritari
882 1070 1038 1111 scilicet
1070 1070 1145 1111 deo
1187 1083 1258 1124 per
1291 1083 1417 1124 opera
1456 1070 1749 1111 misericordie.
1798 1069 1867 1111 [sti

182 1139 281 1192 duo,
322 1152 470 1194 corpus
511 1144 551 1181 et
590 1140 748 1193 anima,
790 1145 931 1182 mutuo
973 1155 1016 1183 se
1058 1141 1235 1193 diligunt
1275 1142 1535 1194 intantum,
1575 1141 1682 1195 quod
1714 1141 1757 1182 in
1788 1154 1871 1182 una

182 1223 346 1252 camera
371 1211 524 1264 jacent,
557 1211 633 1252 hoc
667 1216 728 1253 est
762 1212 800 1253 in
834 1225 913 1253 uno
947 1212 1082 1263 corde,
1118 1213 1157 1253 in
1182 1226 1262 1253 una
1286 1217 1436 1264 mente,
1471 1212 1667 1267 quamdiu
1690 1212 1754 1254 dei
1778 1226 1870 1268 pre-

186 1285 305 1336 cepta
337 1286 591 1337 perpetrant,
627 1287 666 1324 et
697 1284 737 1324 in
772 1296 853 1326 una
884 1283 1057 1325 scutella
1090 1284 1322 1336 comedunt,
1358 1284 1432 1324 hoc
1465 1288 1528 1325 est
1560 1285 1600 1324 in
1624 1297 1704 1325 una
1727 1283 1869 1325 volun-

182 1356 267 1394 tate
300 1367 342 1394 se
375 1353 621 1408 disponunt,
663 1354 826 1408 quando
872 1355 1122 1410 baptismum
1166 1359 1408 1410 receperunt
1451 1359 1491 1396 et
1523 1355 1687 1410 pompis
1719 1355 1869 1397 diaboli

183 1425 490 1466 renunciabant.
545 1424 623 1466 Sed
657 1425 733 1467 heu
768 1430 808 1467 et
840 1426 941 1480 proh
977 1426 1092 1467 dolor
1124 1426 1245 1467 homo
1281 1439 1377 1481 sepe
1410 1440 1458 1467 ex
1479 1426 1751 1479 instigacione
1783 1426 1869 1467 dia-

111 1510 119 1519 ·
182 1495 263 1538 boli
304 1509 485 1538 sororem
527 1497 674 1550 violat,
718 1497 793 1538 hoc
832 1502 894 1539 est
933 1498 1113 1539 animam
1155 1511 1245 1538 cum
1288 1498 1402 1539 viciis
1444 1501 1484 1539 et
1522 1497 1870 1552 concupiscenciis

182 1567 412 1622 corrumpit
451 1568 509 1609 ita
549 1568 656 1622 quod
696 1569 982 1624 impregnatur
1035 1574 1075 1610 et
1113 1570 1224 1623 parit
1265 1568 1406 1610 filium.
1462 1568 1540 1610 Per
1577 1568 1705 1610 filium
1744 1569 1869 1610 istum

183 1638 412 1691 intelligere
453 1639 648 1680 debemus
689 1644 818 1681 totum
865 1654 993 1693 genus
1034 1641 1280 1693 humanum,
1321 1641 1427 1695 quod
1471 1654 1494 1681 a
1534 1641 1666 1695 primo
1699 1643 1870 1695 parente

184 1709 452 1764 procedebat3
496 1710 630 1751 Adam
674 1712 782 1752 enim
818 1717 907 1753 erat
939 1711 1046 1753 filius
1080 1712 1143 1753 dei
1191 1712 1508 1766 primogenitus,
1550 1712 1614 1752 cui
1646 1711 1872 1753 debebatur

183 1793 355 1833 regnum
394 1781 515 1822 istius
556 1782 721 1834 mundi,
768 1783 890 1836 juxta
933 1783 1033 1824 illud
1075 1783 1308 1838 psalmiste:
1357 1782 1506 1824 Omnia
1547 1782 1757 1836 subjecisti
1796 1782 1870 1824 sub

113 1863 121 1874 ⁵
184 1851 356 1906 pedibus
391 1852 477 1905 ejus
521 1857 598 1893 etc.
648 1851 729 1894 Sed
773 1854 850 1895 iste
892 1854 930 1894 in
965 1854 1172 1895 mandatis
1212 1853 1356 1895 habuit
1392 1853 1520 1895 filiam
1559 1854 1646 1907 dei,
1688 1867 1869 1895 sororem

185 1924 286 1977 ejus,
320 1923 476 1965 scilicet
509 1925 688 1965 animam
724 1925 764 1966 in
799 1926 908 1966 omni
945 1925 1096 1966 honore
1128 1925 1297 1973 habere;
1332 1925 1400 1967 ille
1434 1939 1529 1967 vero
1561 1939 1635 1980 per
1664 1924 1871 1967 diabolum

186 1994 380 2049 deceptus
419 1996 605 2050 corrupit
637 2009 724 2036 eam
761 1997 922 2050 quando
964 1997 1013 2038 de
1046 2010 1166 2051 pomo
1199 1997 1397 2050 comedit,
1438 1997 1545 2038 unde
1576 1996 1684 2038 filius
1716 1996 1873 2038 scilicet

186 2069 316 2107 totum
352 2079 480 2119 genus
514 2066 737 2108 humanum
773 2067 822 2109 ab
857 2081 902 2109 eo
938 2069 1138 2122 processit
1171 2068 1272 2109 etin
1297 2067 1404 2109 dolio
1431 2082 1479 2110 ex
1504 2082 1704 2110 consensu
1727 2067 1871 2110 militis

186 2136 343 2178 scilicet
381 2137 552 2192 spiritus
592 2140 725 2179 sancti
766 2140 916 2180 missus
956 2140 980 2180 i.
1013 2153 1046 2180 e.
1079 2141 1117 2179 in
1158 2139 1368 2180 miseriam
1411 2140 1530 2193 hujus
1562 2140 1705 2181 mundi
1745 2140 1871 2181 maris

187 2207 343 2249 scilicet
375 2208 593 2262 projectus,
628 2209 696 2250 ubi
731 2211 904 2251 natabat
939 2224 1010 2265 per
1042 2210 1172 2251 multa
1194 2214 1394 2265 tempora.
1438 2210 1601 2253 Primus
1624 2215 1741 2266 pater
1763 2224 1871 2253 mor-

186 2282 279 2319 tuus
313 2283 402 2320 erat
435 2284 475 2320 et
508 2281 558 2320 ad
592 2281 798 2322 infernum
832 2282 1057 2334 descendit,
1091 2281 1287 2322 derelicta
1319 2286 1381 2323 est
1404 2283 1540 2323 anima
1561 2282 1684 2336 nuda,
1718 2287 1758 2324 et
1779 2283 1870 2324 ideo

187 2350 283 2403 dux,
318 2350 474 2391 scilicet
505 2351 715 2405 diabolus,
749 2366 837 2394 ean]
872 2354 1037 2405 invasit,
1071 2366 1281 2407 quousque
1314 2352 1421 2394 tilius
1454 2353 1520 2394 dei
1553 2354 1683 2407 venit,
1716 2353 1872 2396 scilicet

187 2421 286 2462 deus
319 2425 359 2463 et
391 2421 525 2474 homo,
559 2426 598 2463 et
628 2422 821 2465 liberavit
852 2438 932 2465 non
967 2424 1097 2465 solum
1133 2429 1320 2476 matrem,
1360 2425 1429 2466 sed
1463 2429 1504 2466 et
1534 2428 1663 2466 totum
1697 2438 1867 2478 regnum

188 2498 227 2533 et
258 2506 385 2545 genus
420 2493 642 2533 humanum
676 2508 749 2548 per
781 2509 897 2536 suam
931 2495 1178 2550 passionem,
1213 2496 1309 2548 quia
1340 2499 1484 2537 contra
1509 2496 1652 2538 ducem
1676 2497 1701 2537 i.
1723 2510 1755 2537 e.
1781 2496 1869 2537 dia·
1898 2532 1905 2535 t

189 2563 325 2605 bolum
362 2564 561 2618 pugnavit
593 2568 633 2605 et
665 2565 875 2607 victoriam
911 2567 1088 2608 obtinuit
1126 2570 1167 2608 et
1198 2571 1350 2608 terram
1384 2567 1575 2608 amissam
1611 2566 1767 2610 scilicet
1797 2581 1870 2622 pa-

189 2635 372 2676 radisum
406 2635 525 2676 nobis
556 2638 829 2690 recuperavit.
867 2636 986 2691 [706]
1024 2637 1122 2678 Post
1143 2637 1217 2679 hee
1239 2644 1411 2680 matrem
1436 2651 1552 2679 suam
1576 2639 1600 2679 i.
1627 2652 1659 2680 e.
1685 2643 1868 2680 sanctam

190 2705 403 2747 ecclesiam
437 2705 714 2760 desponsavit,
747 2721 820 2762 per
853 2722 973 2761 quam
1008 2708 1156 2751 tabelle
1186 2713 1303 2751 erant
1324 2709 1476 2764 scripte
1507 2709 1532 2750 i.
1558 2723 1591 2751 e.
1615 2710 1755 2751 decem
1779 2724 1870 2765 pre-

191 2780 322 2831 cepta,
356 2789 434 2831 que
466 2775 628 2832 Moyses
662 2791 685 2818 a
716 2778 791 2819 deo
823 2780 991 2834 recepit.
1040 2779 1114 2821 Illa
1144 2780 1317 2834 singulis
1348 2779 1490 2822 diebus
1513 2781 1707 2823 debemus
1731 2781 1870 2824 videre

192 2850 232 2887 et
277 2847 319 2888 in
361 2848 552 2890 cordibus
592 2849 744 2890 nostris
793 2849 1035 2905 imprimere
1081 2855 1122 2892 et
1160 2864 1319 2893 sacram
1363 2851 1610 2906 scripturam
1649 2853 1868 2907 respicere,

286 2928 304 2963 7
331 2929 505 2973 tempora]
534 2935 618 2976 orz'y.
645 2934 815 2973 tempera.
913 2932 955 2965 21
983 2931 1091 2975 quod]
1119 2938 1203 2978 arsy.
1222 2932 1293 2976 qui.
1390 2932 1434 2966 36
1459 2932 1574 2976 suam]
1601 2939 1686 2980 oriq.
1705 2937 1814 2968 tuam.
