1919 3157
895 90 979 131 345

769 219 1099 270 CAP.47.(46)

706 306 777 350 De
813 306 953 351 tribus
988 305 1177 365 reyibus.

210 412 294 454 Rex
337 412 548 454 Danorum
591 413 640 454 ad
682 419 764 455 tres
805 428 935 467 reges,
969 415 1037 468 qui
1070 413 1188 455 stella
1229 414 1331 456 duce
1364 413 1413 454 ab
1447 415 1602 456 oriente
1636 414 1770 455 lhero—

93 483 282 526 solimam
330 489 529 526 venerunt
568 489 607 526 et
646 484 809 526 Christo
855 489 951 526 nato
999 498 1172 526 munera
1209 484 1465 537 obtulerunt,
1505 485 1767 527 devocionem

94 554 271 597 habebat
309 568 456 609 eosque
496 555 535 595 in
577 568 693 596 suum
735 556 961 611 hospicium
1006 556 1233 597 invocabat.
1298 554 1510 597 Profectus
1551 569 1645 609 ergo
1678 570 1770 611 pre-

93 626 224 668 dictus
265 639 336 667 rex
376 624 587 667 Coloniam
629 640 720 667 cum
761 631 962 681 apparatu
1004 640 1167 681 magno,
1206 626 1275 668 ubi
1308 630 1568 667 sacrosancta
1599 639 1772 682 corpora

93 709 232 739 eorum
265 709 355 738 cum
390 697 542 739 honore
575 697 710 739 debito
743 702 1052 751 conservantur,
1092 702 1176 739 tres
1215 710 1386 739 coronas
1420 710 1564 739 aureas
1605 698 1771 740 mirabi-

93 767 188 810 liter
220 780 265 809 ac
297 768 491 821 regaliter
513 768 759 811 fabrefactas
793 770 850 810 eis
883 769 1043 821 obtulit,
1077 770 1246 823 insuper
1278 768 1370 823 plus
1403 781 1525 822 quam
1558 782 1629 810 sex
1662 782 1771 810 mar-

92 852 231 881 carum
264 839 378 880 milia
408 852 498 881 cum
534 840 689 892 ingenti
722 840 941 882 devocione
974 839 1156 881 ecclesiis
1195 844 1235 881 et
1267 839 1518 894 pauperibus
1550 840 1771 893 distribuit,

92 923 164 952 sue
195 908 289 952 fidei
323 910 556 965 exemplum
590 911 739 953 ibidem
774 911 883 952 fideli
918 911 1069 966 populo
1113 911 1360 964 relinquens.
1410 909 1593 960 Quadam
1635 914 1768 952 autem

91 981 157 1024 die
188 994 278 1023 cum
313 981 363 1022 ad
396 982 565 1036 propria
597 985 799 1024 remearet
832 987 872 1024 et
903 983 1089 1024 membra
1121 982 1258 1036 sopori
1292 981 1493 1034 dedisset,
1537 994 1628 1024 ecce
1670 982 1772 1023 vidit

90 1053 132 1094 in
173 1053 357 1108 sompnis
397 1056 479 1094 tres
521 1067 635 1107 reges
675 1067 766 1095 cum
806 1054 982 1106 coronis,
1024 1066 1125 1107 quas
1168 1056 1436 1108 portaverant
1475 1053 1516 1094 in
1552 1053 1770 1108 capitibus,

90 1123 343 1180 preferentes
384 1137 474 1165 cum
515 1125 671 1179 ingenti
712 1125 867 1166 lumine
906 1124 958 1166 ad
999 1138 1040 1165 se
1073 1125 1242 1179 propius
1277 1124 1502 1177 accederet,
1543 1128 1583 1166 et
1615 1124 1773 1166 audivit

91 1195 273 1249 singulos
307 1196 571 1249 singulariter
603 1197 738 1238 dicere
771 1196 882 1237 talia.
931 1195 1094 1237 Primus
1127 1198 1167 1237 et
1199 1195 1336 1237 senior
1366 1195 1490 1237 dixit:
1523 1194 1669 1237 Frater
1700 1196 1771 1249 mi,

89 1266 264 1309 feliciter
296 1268 458 1320 venisti,
492 1267 561 1309 sed
590 1267 749 1309 felicius
784 1267 833 1309 ad
867 1267 1036 1322 propria
1067 1266 1282 1308 remeabis.
1336 1266 1454 1308 Alter
1486 1266 1610 1308 dixit:
1644 1266 1774 1309 Multa

89 1338 284 1391 tribuisti,
324 1338 392 1380 sed
433 1342 566 1380 tecum
612 1338 789 1393 plurima
834 1338 1079 1393 reportabis.
1136 1337 1304 1379 Tercius
1344 1338 1468 1379 dixit:
1517 1337 1662 1380 Frater
1701 1339 1772 1392 mi,

89 1404 210 1452 fidem
243 1409 473 1463 ostendisti,
506 1409 576 1451 sed
609 1409 785 1465 expletis
818 1422 932 1450 xxm
965 1410 1083 1450 annis
1110 1409 1266 1462 jugiter
1304 1409 1345 1450 in
1386 1408 1603 1451 celestibus
1635 1409 1773 1451 nobis—

90 1494 180 1522 cum
214 1480 418 1534 regnabis.
467 1480 630 1522 Primus
670 1494 765 1533 ergo
798 1480 916 1533 dixit,
957 1479 1130 1522 offerens
1172 1481 1208 1522 ei
1240 1480 1421 1534 pixidem
1457 1480 1620 1535 plenam
1653 1493 1773 1522 auro:

89 1552 257 1608 Accipe,
289 1552 437 1606 inquit,
466 1552 704 1594 thesaurum
729 1551 949 1606 sapiencie,
984 1565 1056 1606 per
1079 1564 1198 1606 quem
1222 1552 1297 1593 tibi
1320 1552 1548 1605 subjectum
1573 1551 1771 1607 populum

84 1624 195 1677 juste
228 1623 456 1677 judicabis,
501 1621 588 1678 [38]
632 1624 729 1677 quia
766 1623 896 1665 honor
943 1623 1050 1676 regis
1092 1623 1293 1676 judicium
1344 1622 1490 1676 diligit.
1560 1622 1771 1665 Secundus

89 1695 272 1750 pixidem
304 1708 394 1736 cum
430 1695 557 1736 mirra
589 1696 625 1736 ei
659 1694 808 1736 obtulit
839 1694 1000 1736 dicens:
1034 1694 1189 1749 Accipe
1221 1694 1391 1735 mirram
1415 1694 1664 1749 penitencie,
1699 1708 1772 1749 per

91 1779 214 1820 quam
253 1766 382 1807 eciam
423 1766 558 1807 carnis
597 1770 732 1807 motus
771 1765 984 1807 illecebros
1025 1764 1255 1818 effrenabiS,
1298 1765 1393 1819 quia
1426 1765 1581 1820 optime
1612 1768 1771 1819 regnat,

91 1837 159 1891 qui
192 1849 234 1878 se
266 1837 400 1892 ipsum
436 1837 538 1879 bene
570 1838 687 1891 regit.
737 1837 904 1879 Tercius
934 1836 1124 1878 similiter
1152 1836 1300 1879 obtulit
1328 1837 1363 1878 ei
1395 1836 1576 1891 pixidem
1607 1836 1772 1891 plenam

90 1907 209 1950 thure
241 1907 381 1950 dicens
414 1909 469 1950 ei:
503 1909 657 1964 Accipe
689 1908 783 1950 thus
816 1908 1049 1950 devocionis
1072 1911 1112 1950 et
1134 1907 1279 1950 devote
1302 1907 1536 1961 clemencie,
1569 1921 1643 1962 per
1665 1907 1773 1962 quod

91 1979 263 2021 miseros
295 1979 511 2032 relevabis,
545 1980 641 2033 quia
673 1979 778 2021 sicut
809 1993 875 2021 ros
909 1979 1077 2021 herbam
1111 1979 1257 2032 irrigat
1286 1983 1331 2021 ut
1359 1982 1529 2032 crescat,
1563 1979 1621 2020 sic
1642 1978 1772 2020 dulcis

90 2049 313 2092 clemencia
343 2051 451 2104 regis
484 2064 613 2104 usque
645 2049 693 2092 ad
728 2051 863 2093 sidera
895 2050 1085 2106 provehit
1116 2054 1157 2092 et
1188 2050 1356 2092 exaltat.
1405 2049 1590 2104 Cumque
1618 2063 1688 2091 rex
1724 2049 1772 2091 de

89 2121 374 2176 magnitudine
412 2122 582 2163 visionis
622 2122 855 2175 miraretur,
895 2122 1030 2164 subito
1070 2120 1259 2175 vigilavit
1297 2125 1336 2163 et
1373 2121 1535 2177 pixides
1569 2121 1692 2175 juxta
1729 2134 1772 2163 se

90 2192 311 2235 collocatas
342 2193 540 2248 repperit,
582 2193 649 2246 qui
691 2193 842 2235 donum
883 2193 947 2236 dei
987 2193 1093 2235 letus
1126 2193 1299 2248 accepit,
1341 2196 1381 2235 et
1413 2193 1464 2234 ad
1500 2193 1670 2248 propria
1708 2205 1772 2234 re—

90 2263 220 2318 diens,
261 2277 339 2318 que
377 2264 419 2306 in
459 2277 632 2318 sompno
666 2265 836 2318 viderat,
878 2264 1143 2308 devotissime
1176 2263 1430 2319 adimplevit.
1480 2262 1657 2319 Expleto
1690 2266 1772 2305 ter-

89 2336 201 2377 mino
233 2335 470 2391 supradicto
501 2348 630 2388 regna
660 2335 827 2377 celestia
858 2337 1010 2378 meruit
1041 2335 1264 2391 possidere.

207 2405 440 2459 Carissimi,
483 2406 560 2447 iste
597 2418 669 2447 rex
711 2410 844 2460 potest
881 2407 961 2449 dici
999 2407 1172 2461 quilibet
1207 2405 1467 2448 Christianus
1506 2405 1656 2458 bonus,
1704 2404 1772 2458 qui

90 2481 253 2520 tenetur
298 2482 380 2520 tres
427 2490 599 2518 coronas
647 2476 792 2519 offerre
838 2478 969 2520 tribus
1015 2478 1195 2531 regibus,
1244 2477 1401 2519 scilicet
1437 2477 1566 2531 patri,
1609 2476 1693 2517 filio
1734 2479 1774 2517 et

91 2549 255 2604 spiritui
287 2552 442 2590 sancto.
490 2548 604 2589 Patri
636 2549 789 2590 teneris
822 2549 993 2591 reddere
1025 2562 1217 2590 coronam
1251 2548 1418 2589 honoris
1452 2551 1492 2589 et
1522 2546 1636 2600 fidei,
1677 2547 1773 2601 quia

91 2623 237 2675 potens
269 2623 342 2662 est.
390 2619 482 2661 Non
516 2620 665 2661 bonum
700 2624 763 2662 est
793 2619 998 2662 offendere
1032 2623 1253 2675 potentem,
1297 2620 1394 2674 quia
1427 2622 1562 2674 potest
1592 2618 1772 2672 primere

91 2695 132 2733 et
163 2691 429 2733 annichilare.
476 2690 599 2733 Istam
634 2704 823 2732 coronam
859 2691 953 2733 fidei
982 2691 1022 2732 in
1053 2691 1259 2745 baptismo
1289 2690 1464 2732 fideliter
1486 2689 1656 2731 reddere
1678 2702 1771 2744 pro-

91 2762 254 2816 misisti,
297 2762 459 2816 quando
492 2762 654 2804 diabolo
687 2766 728 2804 et
759 2762 921 2818 pompis
954 2762 1040 2816 ejus
1074 2762 1391 2804 abrenunciasti.
1442 2759 1670 2802 Secundam
1704 2772 1771 2801 co-

91 2846 234 2876 ronam
258 2833 466 2888 sapiencie
490 2847 537 2875 ac
569 2834 657 2888 spei
690 2833 771 2874 filio
804 2834 956 2875 teneris
989 2833 1172 2886 reddere,
1206 2833 1302 2888 quia
1330 2832 1494 2888 sapiens
1532 2835 1594 2873 est
1625 2835 1666 2873 et
1696 2844 1769 2887 pro

183 2915 205 2948 4
230 2913 448 2958 obtulerunt]
476 2920 561 2960 oriy.
587 2913 785 2948 obtuleunt.
886 2915 928 2948 12
953 2915 1196 2958 portaverant]
1224 2919 1310 2958 orig).
1337 2916 1554 2957 portaverat.

185 2985 229 3020 22
253 2984 452 3029 illecebros]
480 2990 563 3031 oriy.
590 2984 788 3020 illecebras.
886 2985 930 3019 32
955 2985 1095 3029 offerre]
1123 2991 1208 3031 orz'q.
1235 2984 1373 3019 afferre.

1796 564 1817 597 ιἾ

1800 917 1842 951 10

1802 1275 1842 1309 15

1799 1630 1844 1663 20

1799 1985 1843 2019 25

1799 2341 1844 2375 30

1797 2696 1842 2729 35
