1949 3162
1004 86 1089 126 614

204 192 324 246 regis.
358 191 413 233 Et
444 204 536 232 cum
570 190 790 245 pallacium
823 192 999 232 intraret
1031 195 1070 233 et
1091 191 1250 233 videret
1275 192 1483 245 juvenem,
1516 191 1585 233 ille
1617 192 1698 234 cito
1730 191 1886 248 incepit

204 277 296 306 eum
330 262 500 316 diligere
541 275 679 303 amore
719 266 904 317 paterno.
957 262 1012 304 Et
1048 263 1307 316 interrogans
1340 276 1432 305 eum
1465 262 1515 316 de
1546 266 1657 305 statu
1689 275 1761 304 suo
1794 263 1885 317 quis

204 338 311 376 esset
342 333 406 375 vel
440 333 547 375 unde
580 337 707 386 esset,
750 333 814 375 vel
847 333 937 387 quis
977 337 1094 387 pater
1135 347 1231 376 suus
1270 333 1334 376 vel
1373 337 1506 375 mater
1544 347 1619 376 sua
1657 337 1776 376 esset.
1828 333 1886 376 At

202 405 270 446 ille
302 404 441 446 omnia
474 417 551 458 que
583 404 770 446 audierat
801 404 987 446 narravit
1010 405 1096 458 regi
1121 409 1161 448 et
1187 406 1263 447 ait:
1298 404 1501 447 ostendite
1533 404 1633 446 mihi
1664 404 1782 446 illum
1816 405 1885 459 qui

203 476 302 517 dicit
334 488 376 516 se
407 474 537 516 filium
570 478 752 517 vestrum
787 489 887 528 esse,
922 479 962 517 et
995 489 1059 517 me
1091 476 1131 517 in
1164 480 1282 518 tanta
1312 476 1481 518 miseria
1513 476 1662 531 posuit.
1701 475 1886 531 Cumque

202 549 512 602 presentaretur
544 559 681 588 coram
714 546 923 588 laurencio
957 546 1064 588 dixit
1100 547 1150 588 ad
1189 547 1438 602 dyabolum:
1481 547 1660 602 precipio
1693 547 1768 589 tibi
1798 560 1885 589 ma-

202 617 312 671 ligne
345 617 515 672 spiritus
547 631 621 672 per
654 618 849 659 virtutem
882 623 1022 660 sancte
1054 619 1254 660 trinitatis
1293 622 1338 660 ut
1369 618 1480 659 dicas
1513 618 1716 672 quomodo
1748 622 1885 660 actum

203 689 276 742 sit⁷
319 692 359 730 et
402 688 493 743 quis
533 689 587 730 sit
617 687 725 730 filius
757 690 878 742 regis.
932 689 989 731 At
1022 688 1090 730 ille
1131 689 1255 730 dixit:
1298 688 1534 731 Invidebam
1575 689 1684 744 quod
1720 702 1795 731 rex
1834 689 1886 731 ad

202 759 324 802 fidem
363 759 601 801 cristianam
640 759 718 801 fuit
756 773 976 802 conversus
1020 765 1060 802 et
1101 774 1124 802 a
1162 760 1279 801 nobis
1325 760 1496 802 recessit
1541 764 1582 802 et
1618 760 1709 802 ideo
1755 759 1887 803 multa

202 830 462 873 incommoda
491 831 570 872 feci
600 831 675 872 tibi
707 833 752 872 ut
784 844 852 873 eos
876 845 899 873 a
919 831 998 874 fide
1030 835 1287 873 avverterem
1321 835 1361 873 et
1391 831 1432 872 in
1458 831 1676 873 servicium
1698 835 1887 874 nostrum

203 902 421 944 traherem.
476 901 574 952 Quis
605 901 714 944 iilius
747 903 855 955 regis
889 903 962 956 sit,
996 917 1077 944 non
1111 906 1174 944 est
1205 902 1309 943 alius
1342 902 1422 943 nisi
1455 903 1524 956 qui
1555 902 1738 957 loquitur
1769 903 1884 945 mihi.

201 973 257 1015 Et
287 986 379 1015 cum
412 986 562 1026 magno
594 973 752 1015 ululatu
775 974 945 1016 recessit
977 978 1017 1017 et
1042 973 1263 1029 pallacium
1296 973 1404 1026 regis
1439 987 1488 1015 ex
1511 978 1630 1029 parte
1661 973 1887 1017 combussit

203 1048 243 1087 et
281 1045 461 1086 evanuit.
514 1044 602 1086 Hoc
641 1045 854 1087 audientes
893 1049 1011 1100 pater
1049 1049 1090 1087 et
1127 1048 1260 1086 mater
1298 1049 1564 1087 recurrerunt
1601 1045 1884 1100 amplectendo

202 1130 294 1158 eum
329 1119 369 1157 et
399 1115 586 1158 letantes.
639 1115 727 1158 Rex
765 1115 841 1158 hoc
879 1116 1123 1158 miraculum
1165 1116 1306 1157 videns
1346 1116 1622 1171 penitenciam
1664 1129 1756 1158 cum
1800 1117 1886 1159 suis

203 1201 416 1230 assumens
450 1187 557 1241 quod
596 1186 849 1242 baptismum
882 1187 1116 1241 abnegavit,
1157 1187 1338 1240 graciam
1371 1201 1396 1229 a
1427 1188 1502 1229 deo
1543 1191 1785 1230 consecutus
1824 1192 1887 1231 est

203 1263 243 1301 et
283 1258 559 1314 penitenciam
601 1272 776 1313 sequens
816 1260 1070 1301 monasteria
1109 1263 1149 1301 et
1188 1258 1381 1301 ecclesias
1422 1259 1629 1301 edificavit
1660 1263 1700 1301 et
1729 1259 1886 1316 templa

201 1330 417 1386 ydolorum
450 1329 637 1372 destruit.
690 1329 746 1371 Et
785 1334 878 1386 post
915 1335 1091 1373 mortem
1134 1331 1265 1386 patris
1299 1334 1339 1372 et
1370 1331 1516 1373 matris
1549 1344 1620 1373 sue
1650 1331 1885 1373 laurencius

201 1405 333 1443 totum
366 1401 606 1443 thesaurum
638 1414 779 1443 eorum
812 1402 1064 1457 pauperibus
1088 1403 1285 1455 erogavit.
1321 1401 1463 1444 Sixtus
1486 1417 1595 1458 papa
1617 1402 1692 1445 hoc
1714 1403 1885 1445 audiens

202 1476 243 1515 et
274 1473 323 1515 de
356 1472 431 1514 hoc
462 1472 639 1514 multum
671 1473 853 1526 gaudens
893 1473 1127 1529 hispaniam
1169 1487 1212 1515 se
1243 1474 1401 1529 recepit
1433 1478 1474 1517 et
1504 1474 1760 1516 laurencium
1792 1487 1885 1517 cum

202 1557 274 1586 suo
307 1547 480 1598 cognato
513 1556 567 1586 sc.
591 1544 802 1587 vincencio
840 1544 1013 1587 Romam
1052 1545 1307 1588 sollemniter
1348 1545 1521 1588 adduxit
1557 1545 1673 1588 sicud
1710 1545 1886 1588 habetur

200 1616 243 1658 in
274 1615 458 1670 legendis
492 1628 646 1658 eorum.

886 1833 993 1889 202,
1028 1847 1131 1890 app.
1156 1836 1201 1878 6.

435 1927 703 1987 Exemplum
741 1928 865 1988 quod
901 1928 1105 1974 debemus
1141 1928 1392 1989 relinquere
1427 1930 1656 1975 mundum.

319 2041 492 2092 Quidam
541 2042 657 2084 miles
705 2041 881 2083 multum
923 2042 1069 2085 dilexit
1109 2043 1292 2085 seculum
1331 2047 1372 2085 et
1409 2056 1570 2086 omnem
1608 2043 1885 2085 intencionem

203 2114 253 2155 ad
293 2113 368 2155 hoc
407 2113 603 2155 formavit
641 2117 686 2155 ut
723 2114 876 2155 mundo
924 2114 1218 2170 complaceret,
1265 2114 1375 2156 unde
1414 2128 1529 2156 amor
1568 2114 1711 2156 mundi
1747 2114 1885 2169 ipsum

200 2185 418 2240 impedivit
457 2184 565 2238 quod
603 2184 723 2225 deum
764 2185 879 2239 sequi
918 2199 998 2226 non
1039 2186 1184 2240 potuit.
1240 2185 1425 2236 Quadam
1463 2186 1529 2227 die
1561 2186 1673 2227 venit
1708 2185 1760 2227 ad
1791 2198 1882 2227 eum

202 2256 377 2311 quedam
418 2269 569 2310 sponsa
608 2255 747 2297 dicens
788 2257 851 2297 ei:
900 2256 1073 2312 Respice
1113 2257 1155 2299 in
1204 2271 1268 2299 me
1317 2261 1358 2299 et
1396 2257 1488 2298 vide
1535 2255 1884 2312 pulchritudinem

200 2340 348 2369 meam.
384 2327 452 2381 qui
484 2340 576 2368 cum
608 2326 767 2369 videret
806 2327 919 2369 illam
954 2334 993 2370 et
1025 2328 1200 2370 multum
1233 2328 1506 2370 delectaretur
1544 2341 1633 2370 eam
1666 2327 1882 2383 inspicere,

200 2399 319 2442 Miles
343 2398 448 2440 dixit
482 2398 533 2439 ad
564 2397 700 2439 illam:
735 2398 767 2440 O
801 2398 979 2452 domina,
1014 2399 1077 2441 dic
1108 2399 1232 2441 michi
1266 2413 1343 2454 que
1376 2413 1431 2441 es.
1463 2399 1692 2455 Respondit
1713 2398 1880 2440 mulier:

201 2470 289 2524 Ego
329 2483 416 2511 sum
458 2468 639 2511 seculum
681 2470 787 2523 quod
827 2473 988 2512 tantum
1030 2470 1166 2524 diligis
1214 2474 1254 2512 et
1293 2471 1400 2525 quod
1437 2471 1514 2513 tibi
1551 2470 1715 2512 videtur
1753 2469 1882 2513 eciam

201 2541 415 2597 pulchrum
451 2544 491 2583 et
522 2540 661 2592 dulce,
696 2544 735 2582 et
767 2541 890 2583 dixit:
934 2542 1106 2598 Respice
1139 2555 1204 2584 me
1237 2555 1260 2583 a
1291 2546 1420 2595 tergo.
1474 2541 1576 2583 Cum
1609 2541 1780 2583 vidisset
1810 2537 1904 2596 ap?

201 2613 340 2668 paruit
371 2612 614 2667 turpissima
643 2612 849 2654 vermibus
875 2613 996 2668 plena
1028 2618 1068 2656 et
1088 2615 1219 2656 fetens
1252 2617 1298 2654 ut
1319 2613 1506 2666 cadaver,
1540 2616 1581 2654 et
1603 2612 1709 2653 dixit
1738 2611 1881 2653 militi:

203 2684 316 2726 sicud
356 2684 497 2725 vidisti
537 2696 601 2723 me
641 2695 833 2737 sponsam
877 2684 927 2725 de
959 2698 1094 2726 coram
1128 2685 1232 2726 facie
1265 2688 1305 2726 et
1337 2698 1360 2726 a
1390 2689 1506 2738 tergo
1543 2684 1792 2738 despectam,
1825 2682 1884 2725 sic

203 2755 280 2796 erit
326 2755 400 2796 tibi
441 2754 621 2796 seculum
663 2753 873 2795 horridum
913 2755 1085 2797 fetidum
1129 2759 1169 2797 et
1207 2769 1416 2809 amarum,
1457 2755 1525 2809 qui
1564 2758 1604 2797 te
1642 2767 1723 2795 non
1761 2754 1883 2796 deum

203 2826 317 2880 sequi
355 2826 570 2881 permittit.
623 2825 709 2867 Hec
747 2825 866 2867 miles
907 2839 1157 2879 cognoscens
1190 2826 1326 2869 seculo
1357 2826 1627 2869 renunciavit.
1679 2824 1734 2866 Et
1764 2825 1882 2867 bonis

203 2897 395 2952 operibus
428 2898 469 2939 in
502 2897 667 2939 heremo
701 2895 819 2938 deum
853 2898 969 2951 sequi
1001 2898 1156 2954 incepit
1196 2901 1237 2940 et
1277 2898 1363 2940 dies
1403 2897 1487 2940 vite
1526 2910 1597 2939 sue
1627 2896 1671 2938 in
1702 2895 1767 2938 dei
1798 2909 1883 2938 ser-

200 2968 304 3010 vicio
335 2981 590 3011 consumens.
