1949 3162
1019 58 1103 100 676

217 162 354 216 signat
384 174 602 215 generosos
633 166 833 205 terrentes
868 166 908 205 et
938 162 1146 218 rapientes
1177 163 1401 217 gloriantes
1432 164 1474 205 in
1498 165 1693 220 prosapia
1722 168 1764 207 et
1792 164 1897 208 divi-

217 233 372 275 ciarum
412 231 639 275 affluencia.
698 232 875 283 Quartus
917 247 1013 276 vero
1054 238 1116 275 est
1147 247 1265 276 rocus
1298 235 1365 289 qui
1397 235 1512 276 vadit
1544 236 1733 278 omnibus
1764 236 1896 278 modis

215 304 256 345 in
303 303 469 357 longum
517 304 644 346 latum
694 309 734 346 et
772 304 883 359 capit
921 304 1113 358 quicquid
1153 305 1312 347 invenit
1352 309 1393 347 et
1432 306 1569 359 signat
1608 307 1816 349 usurarios
1857 310 1898 350 et

215 379 463 416 mercatores
485 375 625 428 falsos,
659 376 728 429 qui
761 376 997 417 discurrunt
1028 375 1179 429 ubique
1210 380 1255 417 ut
1286 377 1447 431 possint
1477 376 1627 418 lucrari
1658 391 1732 420 nec
1753 381 1898 420 curant

216 445 418 500 quomodo
455 446 514 488 ita
553 447 587 488 si
626 447 814 489 habeant.
869 446 1042 496 Quintus
1084 450 1146 488 est
1184 447 1327 500 regina
1364 460 1441 501 que
1481 448 1595 490 vadit
1625 448 1674 491 de
1705 450 1822 502 nigro
1854 449 1896 491 in

214 516 377 570 nigrum
419 517 482 558 vel
522 517 571 559 de
604 517 694 559 albo
732 518 772 559 in
808 518 945 560 album
979 522 1019 560 et
1050 518 1217 572 ponitur
1243 518 1364 572 juxta
1396 532 1535 572 regem
1567 524 1608 561 et
1639 520 1801 574 quando
1833 533 1897 562 re-

216 587 325 630 cedit
370 601 394 630 a
431 602 527 642 rege
566 589 738 644 capitur.
800 589 1064 642 Istaregina
1110 589 1246 642 signat
1292 588 1450 644 puellas
1490 590 1691 644 virgines,
1734 590 1896 645 quando

214 658 371 700 vadunt
409 659 458 701 de
490 660 679 702 castitate
720 660 771 702 ad
804 665 1039 715 peccatum,
1083 661 1302 715 capiuntur
1343 673 1366 701 a
1399 660 1560 702 diabolo
1594 664 1762 716 propter
1793 661 1897 703 ciro-

214 729 368 783 thecaS,
392 730 585 783 cinglium
610 735 650 773 et
671 731 917 786 hujusmodi.
961 730 1109 773 Sextus
1133 735 1194 773 est
1216 745 1290 772 rex
1312 731 1377 773 cui
1400 745 1540 774 omnes
1563 732 1712 774 debent
1733 732 1898 775 obedire

215 804 255 843 et
295 801 549 855 ministrare,
599 806 639 844 et
678 802 792 845 vadit
831 806 924 844 ante
967 806 1007 844 et
1044 806 1154 844 retro
1196 806 1236 844 et
1274 816 1297 843 a
1336 802 1464 844 latere
1505 807 1544 844 et
1582 804 1694 858 capit
1732 803 1895 858 ubique.

216 870 295 914 Sed
334 872 393 913 illi
434 872 688 915 descendunt
725 874 767 915 in
800 874 996 915 mundum
1040 878 1079 915 et
1119 873 1346 915 ascendunt
1387 873 1438 915 ad
1471 874 1592 916 deum
1624 878 1785 929 patrem
1825 888 1898 930 per

214 943 457 985 oracionem.
509 943 588 986 Sed
621 945 782 999 quando
815 958 897 986 non
929 948 1046 986 curat
1077 945 1126 986 de
1148 944 1222 986 deo
1255 957 1329 986 nec
1358 944 1558 986 familiam
1582 945 1705 988 habet
1726 945 1772 987 fit
1793 945 1899 988 sicut

213 1013 416 1056 chekmat.
464 1014 688 1057 Videamus
720 1029 829 1070 ergo,
864 1016 971 1070 quod
994 1020 1087 1071 post
1107 1015 1248 1057 ludum
1282 1029 1423 1057 omnes
1447 1020 1651 1071 ponentur
1671 1017 1714 1058 in
1737 1016 1897 1058 sacculo

215 1098 290 1127 nec
321 1085 376 1127 sit
406 1099 504 1128 cura
537 1087 626 1141 quis
659 1087 737 1128 erit
768 1101 893 1142 supra
927 1087 989 1129 vel
1019 1088 1060 1128 in
1095 1087 1386 1142 profunditate.
1444 1086 1512 1129 Sic
1553 1088 1749 1130 concedat
1779 1087 1897 1130 nobis

214 1156 403 1199 omnibus
437 1161 529 1212 post
559 1157 700 1199 ludum
740 1158 859 1200 istius
892 1158 1034 1200 mundi
1069 1172 1197 1212 agnus
1230 1158 1336 1213 quod
1370 1158 1597 1213 poterimus
1630 1159 1682 1201 ad
1714 1163 1896 1202 eternam

213 1227 388 1282 gloriam
422 1229 651 1284 pervenire,
683 1229 736 1272 ad
769 1243 891 1284 quam
924 1243 998 1271 nos
1031 1230 1231 1285 perducat
1263 1233 1337 1272 etc.

887 1483 988 1537 276,
1023 1495 1125 1537 app.
1149 1482 1227 1525 80.

330 1580 593 1623 Andronicus
632 1582 675 1624 in
714 1583 880 1625 civitate
913 1597 1085 1626 romana
1124 1583 1332 1637 regnavit,
1374 1583 1442 1638 qui
1484 1583 1591 1625 inter
1622 1583 1761 1625 omnia
1791 1583 1897 1626 bona

213 1651 357 1693 mundi
396 1652 615 1695 melodiam
655 1654 809 1696 ciconie
847 1655 1004 1697 dilexit.
1060 1655 1141 1697 Iste
1172 1656 1398 1710 imperator
1429 1654 1584 1696 fontem
1618 1655 1821 1709 quendam
1853 1655 1896 1696 in

214 1727 348 1765 castro
382 1737 453 1765 suo
486 1724 662 1766 habebat
694 1726 787 1767 talis
820 1726 1005 1780 virtutis,
1048 1727 1156 1781 quod
1189 1727 1222 1768 si
1256 1726 1345 1780 quis
1378 1725 1605 1767 inebriatus
1638 1730 1746 1768 esset
1777 1729 1817 1768 et
1848 1726 1897 1768 de

215 1807 322 1848 aqua
352 1795 476 1837 fontis
510 1796 636 1838 semel
677 1797 867 1851 bibisset,
908 1798 957 1840 ab
991 1799 1102 1839 omni
1135 1798 1270 1853 specie
1303 1797 1514 1839 ebrietatis
1545 1797 1744 1839 liberatus
1776 1800 1895 1839 esset.

213 1865 260 1907 In
300 1866 457 1921 palacio
500 1866 619 1909 istius
666 1868 928 1923 imperatoris
969 1872 1058 1911 erat
1105 1869 1270 1924 quidam
1317 1868 1435 1910 miles
1482 1868 1648 1910 nomine
1686 1868 1896 1910 Idronicus

215 1950 334 1991 quem
375 1938 601 1992 imperator
632 1939 808 1981 multum
842 1940 998 1982 dilexit.
1056 1940 1135 1982 Sed
1176 1941 1313 1996 sepius
1345 1940 1540 1982 inebriari
1574 1939 1749 1994 solebat,
1789 1939 1896 1994 quod

217 2008 381 2062 quidem
413 2009 564 2050 vicium
596 2010 821 2066 imperator
853 2012 1026 2054 multum
1068 2012 1208 2053 odivit.
1264 2011 1381 2053 Miles
1423 2011 1499 2053 hoc
1534 2011 1766 2067 percipiens
1798 2024 1897 2065 quo-

216 2079 327 2121 ciens
366 2084 473 2121 esset
520 2080 656 2122 ebrius
706 2082 754 2123 ad
793 2083 947 2124 fontem
990 2097 1153 2125 currere
1193 2083 1322 2124 voluit
1361 2087 1401 2125 et
1441 2082 1490 2124 de
1527 2083 1639 2124 fonte
1680 2082 1820 2124 bibere
1857 2085 1898 2124 et

217 2150 356 2191 statim
400 2164 536 2192 coram
569 2152 860 2207 imperatorem
902 2159 1011 2196 stare
1052 2158 1091 2196 et
1124 2154 1172 2196 ad
1207 2154 1346 2195 omnia
1378 2154 1568 2209 apposita
1598 2152 1898 2195 rationabiliter

214 2221 465 2276 respondere
487 2226 528 2264 et
549 2223 696 2277 dicere,
719 2230 889 2280 propter
911 2226 1025 2280 cujus
1047 2226 1357 2280 responsionem
1381 2225 1430 2267 ab
1452 2226 1701 2280 imperatore
1721 2224 1898 2266 multum

217 2296 305 2334 erat
343 2292 529 2335 dilectus.
589 2294 673 2336 Alii
715 2309 810 2337 vero
851 2297 1002 2339 milites
1036 2297 1071 2339 ei
1104 2296 1345 2339 invidebant
1376 2300 1417 2338 et
1446 2296 1557 2338 intra
1589 2310 1632 2338 se
1663 2295 1899 2349 cogitabant

218 2364 420 2417 quomodo
453 2379 634 2407 amorem
666 2367 929 2422 imperatoris
962 2369 1011 2411 ab
1045 2382 1091 2410 eo
1131 2382 1324 2423 separare
1361 2371 1540 2423 possent.
1595 2367 1759 2409 Accidit
1798 2379 1898 2422 qua-

217 2434 310 2476 dam
349 2435 450 2477 hora
489 2437 682 2490 meridia,
726 2438 831 2492 quod
870 2440 1097 2495 imperator
1136 2439 1339 2494 quandam
1381 2439 1577 2481 forestam
1615 2438 1817 2490 intrabat,
1858 2440 1899 2480 et

216 2511 380 2548 cantum
405 2507 559 2549 ciconie
592 2508 749 2551 audivit
781 2515 820 2552 et
852 2511 989 2565 sepius
1022 2514 1192 2566 propter
1215 2510 1471 2552 dulcedinem
1504 2513 1647 2552 cantus
1678 2523 1703 2551 a
1723 2508 1909 2564 prandio*

217 2590 385 2630 surgere
423 2577 600 2631 solebat,
643 2582 683 2621 et
719 2584 881 2622 tantum
912 2581 954 2622 in
987 2586 1151 2623 cantum
1187 2581 1341 2623 ciconie
1373 2580 1653 2623 delectabatur
1684 2580 1792 2635 quod
1824 2593 1898 2635 pa-

215 2661 309 2689 rum
342 2653 411 2690 aut
441 2649 544 2690 nihil
577 2650 625 2691 de
657 2651 843 2705 profectu
874 2656 1013 2693 nostro
1053 2653 1261 2705 cogitavit.
1319 2651 1386 2693 Sic
1426 2665 1521 2705 ergo
1560 2665 1635 2707 per
1666 2650 1745 2692 duo
1783 2664 1897 2692 amor

217 2719 303 2773 ejus
336 2734 358 2761 a
379 2720 496 2762 nobis
529 2721 761 2763 subtractus
795 2726 868 2776 est,
902 2736 975 2777 per
997 2722 1247 2764 Ydronicum
1278 2722 1451 2764 militem
1475 2726 1516 2764 et
1539 2726 1704 2764 cantum
1726 2722 1894 2764 ciconie.

216 2789 289 2831 Ait
326 2804 431 2832 unus
471 2805 596 2833 senex
637 2792 744 2833 inter
776 2806 866 2834 eos:
908 2792 951 2834 Si
991 2794 1173 2836 conciliis
1206 2794 1309 2836 meis
1348 2793 1486 2835 volitis
1526 2793 1807 2847 adquiescere,
1847 2792 1897 2834 de

216 2861 348 2903 milite
394 2862 589 2917 ydronico
638 2866 677 2904 et
715 2863 872 2905 ciconia
911 2864 1026 2906 vobis
1070 2864 1274 2917 liberabo,
1321 2864 1409 2906 sine
1446 2877 1642 2905 manuum
1681 2863 1894 2906 violencia.

217 2930 275 2973 At
294 2932 376 2974 illi:
409 2932 610 2988 Quicquid
632 2933 750 2975 nobis
773 2935 926 2976 dixeris
947 2935 1158 2977 faciemus.
1199 2934 1345 2977 Statim
1370 2948 1495 2977 senex
1517 2934 1634 2976 miles
1656 2947 1748 2977 cum
1771 2932 1896 2976 semel
