1949 3162
965 78 1050 120 684

168 185 272 240 Non,
307 185 485 227 domina.
534 183 620 234 Que
653 185 729 226 ait:
763 184 904 226 Habeo
938 184 1039 226 duos
1072 182 1177 225 filios
1211 197 1282 238 per
1313 197 1383 226 vos
1417 183 1656 226 nutriendos
1688 185 1728 225 et
1758 181 1850 225 illos

168 257 325 299 nutries
359 256 454 310 quia
486 255 549 298 lac
581 260 715 298 tecum
748 255 886 298 habes.
936 255 1010 297 Ait
1041 255 1225 297 domina:
1260 254 1360 297 Mihi
1392 255 1494 297 bene
1526 254 1674 309 placet,
1707 257 1748 295 et
1771 254 1850 296 uti-

167 341 261 369 nam
296 326 346 368 ad
378 327 454 368 hoc
487 340 616 369 essem
653 331 749 382 apta
782 326 832 368 ad
858 326 1122 368 nutriendum
1157 326 1261 367 filios
1287 329 1455 368 vestros.
1498 326 1555 367 At
1585 325 1674 366 illa:
1709 324 1852 380 Spolia.

167 402 206 440 te
239 398 495 440 vestimentis
535 398 617 439 tuis
650 397 880 439 voluntarie
924 410 970 438 eo
1003 397 1110 451 quod
1143 397 1287 439 videbo
1328 396 1432 438 filios
1464 410 1577 438 meos
1609 409 1733 451 super
1765 408 1851 437 ma-

167 468 301 511 millas
334 473 439 510 tuas.
500 469 574 510 Ait
606 468 792 509 domina:
832 467 910 510 Ubi
943 471 1039 509 suut
1069 468 1230 523 parvuli
1263 481 1363 522 quos
1395 467 1553 509 nutrire
1585 466 1737 509 debeo?
1777 466 1852 508 Illa

167 540 203 582 ei
236 540 415 581 ostendit
448 540 548 581 duos
582 543 794 594 serpentes
828 543 867 580 et
899 539 976 580 ait:
1011 538 1113 581 Istos
1146 539 1247 580 duos
1282 539 1381 580 mihi
1414 539 1572 580 nutrire
1604 537 1726 580 debes
1758 550 1849 579 cum

167 611 334 667 proprio
366 610 485 652 lacte.
541 609 613 652 Ait
644 610 829 651 domina:
873 609 952 651 Pro
987 623 1125 651 amore
1158 610 1222 651 dei
1256 610 1508 652 miseremini
1541 609 1621 651 mei
1653 612 1694 650 et
1725 608 1850 651 nolite

166 696 230 723 me
270 682 455 723 occidere
495 681 591 735 quia
628 681 754 722 vitam
795 694 929 722 meam
970 694 992 722 a
1032 685 1071 722 te
1111 681 1325 723 redimam.
1388 681 1461 722 Ait
1499 680 1763 735 imperatrix:
1804 678 1851 721 In

168 766 316 794 vanum
349 752 511 794 laboras
546 753 642 807 quia
673 753 773 793 istos
806 752 906 793 mihi
940 752 1109 794 nutries.
1160 751 1307 793 Statim
1336 752 1387 793 ad
1410 751 1613 793 mamillas
1639 754 1850 805 serpentes

166 824 304 879 posuit
343 828 383 865 et
421 836 513 865 cum
546 823 610 865 lac
641 837 783 865 recens
817 827 856 864 et
888 823 1066 864 calidum
1100 823 1354 875 sencierunt,
1396 822 1519 877 pedes
1555 822 1597 863 in
1630 835 1751 864 carne
1782 820 1851 863 fir-

165 895 286 937 miter
318 894 508 936 fixerunt.
558 894 673 937 Tunc
705 895 763 936 ait
795 894 1058 949 imperatrix:
1092 894 1219 936 Indue
1252 898 1291 936 te
1323 893 1580 935 vestimentis
1613 897 1653 935 et
1683 892 1850 934 domum

165 979 325 1022 pergas.
381 965 561 1007 Domina
593 966 759 1007 domum
794 965 994 1020 perrexit,
1029 965 1094 1007 die
1127 979 1221 1007 vero
1254 965 1383 1007 tercia
1415 978 1488 1020 per
1520 967 1731 1020 serpentes
1764 966 1852 1007 erat

165 1036 346 1079 toxicata
378 1041 418 1078 et
449 1037 563 1078 misit
595 1037 786 1092 spiritum
821 1040 895 1078 etc.
1791 1029 1797 1035 '

282 1109 513 1150 Mor-aliter.
571 1107 810 1160 Karissimi,
851 1107 928 1149 iste
960 1107 1187 1161 imperator
1228 1111 1290 1149 est
1321 1106 1530 1161 diabolus,
1574 1106 1643 1161 qui
1680 1119 1850 1148 uxorem

165 1179 325 1234 aceepit
356 1179 441 1220 scil.
476 1179 734 1233 iniquitatem
779 1178 828 1220 de
869 1192 949 1232 qua
987 1178 1130 1230 genuit
1161 1178 1311 1220 multos
1343 1178 1448 1221 filios
1490 1182 1531 1221 et
1561 1178 1678 1220 filias.
1734 1177 1851 1219 Unde

166 1250 312 1292 statuit
349 1264 422 1306 pro
464 1250 571 1304 lege,
621 1249 728 1304 quod
769 1249 949 1304 quelibet
988 1248 1135 1290 mulier
1175 1249 1200 1290 i.
1230 1262 1263 1291 e.
1305 1262 1421 1303 caro,
1470 1252 1687 1304 postquam
1727 1248 1853 1291 fuerit

167 1335 190 1363 a
221 1325 389 1377 peccato
421 1321 641 1374 mundata,
675 1321 829 1363 scribat
861 1321 902 1362 in
935 1320 1038 1362 ostio
1071 1320 1204 1361 cordis
1238 1320 1300 1362 sui
1334 1320 1499 1375 aliquod
1531 1319 1712 1363 notabile
1744 1319 1852 1375 quod

166 1392 328 1435 diabolo
368 1392 513 1448 placet.
566 1392 621 1434 Et
660 1392 793 1447 qualis
826 1392 1032 1447 scriptura.
1065 1395 1126 1433 est
1157 1391 1262 1433 ista?
1305 1391 1424 1434 Certe
1457 1395 1502 1434 ut
1532 1391 1629 1434 licet
1660 1394 1851 1447 peccator

165 1477 246 1505 non
286 1463 406 1519 plene
445 1463 700 1506 confiteatur.
764 1463 878 1504 Tunc
925 1463 1012 1504 vult
1052 1462 1238 1504 diabolus
1287 1463 1394 1517 quod
1434 1463 1612 1506 retineat
1648 1463 1691 1505 in
1727 1461 1850 1505 corde

165 1548 237 1576 suo
273 1534 525 1577 voluntatem
561 1535 757 1590 peccandi
790 1539 830 1576 et
861 1534 936 1576 hoc
968 1538 1030 1576 est
1061 1538 1204 1576 contra
1226 1548 1389 1576 versum
1422 1535 1554 1577 sancti
1575 1534 1702 1590 petri:
1735 1533 1851 1577 Sicut

165 1606 277 1648 canis
316 1620 506 1649 reversus
547 1607 597 1649 ad
637 1606 838 1648 vomitum
878 1606 936 1648 sic
976 1605 1096 1648 homo
1140 1606 1189 1647 ad
1223 1609 1436 1662 peccatum
1477 1610 1517 1648 et
1553 1609 1744 1662 peccator
1780 1605 1850 1660 qui

164 1677 288 1719 iterat
321 1678 407 1719 vias
440 1691 534 1719 suas
567 1677 710 1719 malas.
767 1677 1014 1732 Imperatrix
1054 1677 1221 1732 scripsit
1258 1678 1301 1719 in
1340 1678 1443 1719 ostio
1482 1677 1666 1719 cordium
1705 1689 1849 1732 pecca.-

162 1751 317 1790 torum:
358 1748 445 1791 Rex
484 1763 572 1791 sum
614 1763 759 1802 regens
801 1749 1005 1802 seculum,
1047 1763 1162 1791 meus
1202 1753 1264 1791 est
1298 1749 1474 1790 mundus
1507 1752 1616 1790 totus
1657 1749 1683 1790 i.
1708 1761 1742 1790 e.
1775 1761 1848 1790 rex

162 1833 252 1861 sum
284 1820 489 1874 superbie,
523 1834 667 1874 regens
701 1834 862 1862 omnem
896 1820 1116 1873 maliciam,
1151 1824 1191 1862 et
1223 1820 1399 1862 mundus
1432 1833 1561 1873 meuS,
1598 1820 1624 1862 i.
1649 1833 1681 1862 e.
1715 1823 1848 1862 totum

162 1904 232 1933 cor
263 1905 398 1933 meum
443 1895 504 1933 est
543 1892 593 1933 ad
625 1892 824 1933 mundum
867 1896 906 1934 et
937 1891 1062 1933 nichil
1096 1891 1147 1933 ad
1179 1891 1312 1933 deum.
1369 1890 1549 1932 Domina
1588 1904 1665 1946 que
1705 1894 1849 1947 postea

163 1962 215 2004 ad
257 1962 471 2005 ecclesiam
512 1964 696 2018 perrexit
738 1976 828 2005 cum
868 1963 1056 2005 melodiis
1101 1966 1163 2005 est
1202 1962 1323 2004 homo
1363 1962 1433 2016 qui
1471 1962 1588 2004 bonis
1627 1962 1847 2005 virtutibus

163 2034 368 2089 pergitur,
411 2048 493 2076 non
534 2038 694 2076 tantum
729 2034 779 2076 ad
811 2033 1112 2089 purificandum
1147 2033 1196 2076 ab
1230 2033 1419 2075 omnibus
1451 2034 1652 2089 peccatiS,
1692 2034 1763 2076 sed
1802 2037 1848 2076 ut

165 2105 277 2146 nullo
311 2105 431 2147 modo
465 2105 516 2147 ad
550 2109 760 2160 peccatum
795 2105 978 2147 reclinet.
1026 2105 1081 2147 Et
1111 2105 1202 2147 ideo
1234 2104 1378 2147 scribit
1407 2105 1449 2146 in
1472 2105 1577 2146 ostio
1606 2105 1740 2147 cordis
1762 2105 1845 2147 sui:

162 2176 303 2218 Infans
344 2190 432 2218 sum
475 2181 515 2218 et
552 2176 626 2218 tibi
660 2180 856 2231 quantun]
899 2176 950 2218 ad
983 2180 1150 2231 peccata
1179 2176 1363 2232 pendens
1396 2176 1446 2218 ad
1477 2175 1604 2218 ubera
1635 2175 1720 2218 scil.
1751 2175 1847 2218 fidei

163 2250 203 2288 et
249 2247 357 2303 spei,
407 2261 484 2301 que
523 2251 618 2289 sunt
659 2247 785 2289 ubera
824 2248 903 2289 duo
944 2247 1161 2301 Cristiani,
1205 2261 1279 2302 per
1319 2261 1395 2302 que
1434 2248 1498 2290 lac
1538 2248 1640 2290 bone
1679 2247 1845 2289 virtutis

162 2318 327 2360 haurire
359 2322 510 2374 posset.
559 2318 696 2361 Unde:
731 2318 828 2361 Sine
851 2318 929 2361 fide
961 2318 1218 2374 impossibile
1251 2322 1312 2360 est
1335 2318 1499 2372 salvari,
1533 2319 1629 2373 quia
1660 2318 1748 2360 sola
1773 2331 1846 2374 spe

162 2389 310 2431 salvati
343 2403 483 2431 sumus
518 2390 740 2431 secundum
775 2390 1019 2445 apostolum.
1069 2389 1149 2432 Sed
1182 2390 1427 2445 imperatrix
1460 2402 1514 2432 sc.
1538 2389 1735 2444 iniquitas
1758 2389 1845 2431 dia-

162 2460 244 2502 boli
283 2461 466 2503 totaliter
506 2461 661 2502 invidet
697 2461 854 2502 homini
894 2465 934 2504 et
972 2462 1089 2504 dicit:
1129 2461 1296 2503 Nutries
1338 2460 1440 2502 mihi
1478 2460 1580 2502 duos
1611 2460 1716 2502 filios
1757 2459 1842 2502 scil.

162 2531 263 2574 duos
296 2536 521 2587 serpentes.
581 2531 659 2574 Per
690 2533 791 2574 istos
824 2536 1035 2588 serpentes
1074 2532 1259 2586 intelligo
1295 2532 1531 2587 superbiam
1564 2532 1646 2574 vite
1678 2535 1719 2573 et
1749 2544 1844 2573 con-
1909 2530 1913 2532 ”

162 2603 461 2657 cupiscenciam
495 2603 642 2656 caruis,
676 2607 845 2659 propter
877 2618 955 2658 que
987 2605 1066 2646 duo
1099 2618 1196 2661 sepe
1228 2603 1402 2646 moritur
1430 2603 1550 2645 homo
1573 2602 1844 2658 spiritualiter

160 2672 377 2727 loquendo.
440 2674 687 2717 Studeamus
720 2688 815 2728 ergo
849 2676 906 2718 sic
939 2676 1013 2719 deo
1047 2675 1228 2730 placere,
1262 2678 1307 2716 ut
1337 2675 1543 2730 possimus
1574 2673 1626 2717 ad
1657 2677 1843 2717 eternum

161 2745 355 2797 gaudium
388 2746 616 2802 pervenire,
650 2745 701 2788 ad
732 2746 839 2801 quod
871 2750 947 2789 etc.
