1949 3162
987 64 1072 105 392

188 171 252 213 die
284 183 451 226 possum
486 169 536 211 ad
569 169 830 224 sepulchrum
865 170 1057 212 accedere
1089 171 1165 211 viri
1198 170 1279 211 11161
1313 174 1353 212 et
1385 170 1440 211 ibi
1473 184 1566 211 ossa
1599 171 1684 223 ejus
1716 169 1869 223 videre,

188 246 399 297 tamquam
447 241 579 282 virum
632 245 884 295 presentem,
935 245 975 282 et
1021 241 1112 283 ideo
1154 241 1278 282 alium
1321 241 1470 283 habere
1509 241 1616 283 nolo.
1673 240 1759 283 Rex
1796 240 1872 283 hoc

190 313 360 355 audiens
394 311 571 367 amplius
604 315 649 354 ut
680 313 814 353 virum
849 313 1085 367 acciperent
1116 325 1195 353 non
1231 312 1466 365 instigabat.

306 382 534 436 Carissimi,
566 397 638 425 rex
673 384 748 425 iste
781 387 843 424 est
874 383 973 425 deus
1006 384 1108 438 ipse,
1141 387 1224 425 tres
1257 375 1338 424 filie
1373 384 1510 425 anima
1541 383 1797 437 intelligitur,
1830 384 1872 425 111

143 463 164 496 5
190 468 272 510 qua
301 454 458 496 relucet
490 455 679 509 operacio
713 458 753 495 et
786 455 920 507 imago
952 454 1151 496 trinitatis
1177 455 1299 507 juxta
1331 454 1431 495 illud
1465 453 1610 496 Genes.
1631 469 1680 496 11:
1730 454 1873 496 Facia-

189 539 280 568 mus
320 525 531 567 hominem
573 525 623 566 ad
657 525 879 577 imaginem
920 529 960 566 et
1000 525 1312 567 similitudinem
1352 528 1549 566 nostram.
1607 526 1744 579 Imago
1778 539 1874 568 vero

189 597 390 639 trinitatis
424 609 497 651 per
528 599 740 650 peccatum
782 597 903 651 primi
940 597 1121 650 parentis
1162 600 1250 638 erat
1282 596 1500 651 deturpata
1541 601 1580 638 et
1611 597 1742 639 tribus
1777 597 1875 638 viris

190 667 358 721 tradita,
392 667 548 709 scilicet
579 666 756 719 diabolo,
790 667 942 708 mundo
973 671 1013 708 et
1034 669 1159 709 carni.
1211 667 1253 708 Si
1278 681 1373 709 vero
1397 672 1582 709 mortuus
1605 671 1667 709 est
1689 667 1875 709 diabolus

191 752 265 794 per
297 738 451 780 Christi
485 738 732 793 passionem,
766 738 850 779 noli
874 738 1052 792 amplius
1081 739 1204 780 talem
1231 739 1362 780 virum
1388 739 1586 793 accipere,
1620 738 1690 780 sed
1713 752 1877 794 semper

124 817 167 850 10
193 810 267 852 sub
291 808 445 851 Christi
468 809 722 864 protectione
745 822 999 864 permanere.
1046 809 1088 851 Si
1113 810 1288 851 mundus
1312 813 1497 850 mortuus
1521 814 1583 852 est
1604 823 1678 865 per
1701 822 1877 865 pauper-

192 885 321 923 tatem
355 880 644 932 voluntariam,
677 879 761 921 noli
795 880 972 936 amplius
996 881 1122 922 alium
1147 882 1278 922 virum
1310 881 1507 935 accipere,
1541 881 1611 922 sed
1634 893 1877 936 permaneas

194 952 269 994 sub
309 951 462 993 Christi
501 951 766 1006 protectione.
821 951 863 993 Si
906 965 1003 993 vero
1045 957 1209 993 mortua
1248 956 1310 993 est
1350 966 1443 993 caro
1486 966 1559 1007 per
1593 952 1797 1006 jejunium
1839 955 1879 993 et

195 1024 330 1066 carnis
368 1023 717 1073 maceracionem,
757 1022 841 1063 noli
882 1023 1058 1078 amplius
1102 1024 1233 1065 virum
1269 1024 1473 1078 accipere,
1515 1024 1584 1065 sed
1619 1024 1693 1065 sub
1726 1022 1878 1065 Christi

197 1095 452 1150 protectione
484 1107 740 1149 permaneas.

127 1171 170 1206 15
314 1165 389 1207 Vel
421 1165 540 1207 aliter
571 1168 709 1220 potest
739 1164 893 1206 reduci.
940 1164 1026 1207 Rex
1060 1166 1138 1207 iste
1171 1169 1233 1207 est
1264 1166 1376 1219 deus,
1410 1169 1493 1207 tres
1516 1165 1599 1207 filie
1627 1166 1708 1207 tria
1729 1178 1881 1218 genera

196 1237 431 1289 hominum,
471 1236 627 1278 scilicet
661 1240 847 1291 potentes
880 1249 926 1277 ac
959 1236 1106 1278 divites
1139 1237 1259 1290 hujus
1292 1238 1457 1290 mundi,
1501 1238 1606 1279 sicut
1638 1240 1734 1278 sunt
1763 1250 1880 1290 reges

198 1321 245 1350 ac
275 1307 420 1349 mundi
452 1310 663 1362 potentes,
697 1307 905 1362 sapientes
938 1307 1057 1361 hujus
1089 1308 1232 1349 mundi
1272 1309 1377 1350 sicut
1410 1313 1505 1350 sunt
1530 1309 1690 1361 judices
1721 1312 1882 1363 tempo-

197 1379 305 1421 rales
339 1382 378 1421 et
410 1379 677 1421 ecclesiastici
716 1379 792 1419 viri
825 1378 1031 1431 religiosi,
1072 1380 1243 1434 perfecti
1275 1380 1509 1432 christiani,
1550 1381 1656 1421 sicut
1687 1383 1782 1420 sunt
1813 1379 1881 1433 qui

199 1452 241 1492 in
276 1450 465 1492 omnibus
508 1449 659 1491 divinis
699 1450 905 1505 preceptis
946 1450 1153 1492 obediunt.
1212 1451 1293 1492 lste
1333 1455 1415 1493 tres
1455 1454 1571 1492 erant
1602 1451 1644 1492 in
1677 1451 1882 1506 baptismo

128 1528 173 1562 20
198 1521 330 1564 tribus
364 1521 535 1563 ducibus
569 1521 725 1563 scilicet
757 1522 865 1576 patri
899 1535 971 1577 per
1004 1522 1251 1577 potenciam,
1283 1522 1366 1563 filio
1400 1536 1473 1577 per
1501 1523 1766 1577 sapienciam,
1800 1522 1884 1577 spi-

197 1594 297 1636 ritui
336 1596 477 1635 sancto
517 1606 591 1648 per
631 1592 895 1634 clemenciam
942 1593 1097 1634 sociati.
1158 1593 1199 1635 Si
1245 1607 1340 1647 ergo
1378 1593 1446 1635 isti
1487 1595 1638 1636 mortui
1671 1597 1767 1636 sunt
1798 1594 1824 1635 i.
1848 1607 1882 1636 e.

200 1664 394 1707 exstincti
427 1667 467 1705 et
498 1664 625 1705 ablati
658 1678 681 1705 a
713 1667 752 1706 te
785 1677 858 1719 per
890 1669 1103 1719 peccatum
1137 1668 1274 1718 tuum,
1315 1678 1541 1719 numquam
1574 1665 1692 1708 alteri
1723 1665 1884 1707 labores

200 1736 405 1792 copulari,
447 1735 517 1776 sed
557 1748 650 1776 cum
690 1736 802 1777 omni
841 1735 1062 1789 diligencia
1100 1736 1164 1776 fac
1206 1750 1330 1790 opera
1363 1737 1662 1790 misericordie,
1701 1750 1776 1792 per
1808 1750 1885 1791 (1116

201 1807 358 1863 poteris
392 1807 428 1848 ei
460 1806 684 1860 conciliari,
719 1807 815 1861 quia
846 1821 1071 1862 numquam
1105 1807 1280 1861 aliquem
1316 1808 1520 1861 invenies,
1554 1809 1622 1862 qui
1653 1812 1693 1850 te
1724 1811 1884 1850 tantum

131 1885 176 1919 25
203 1879 350 1932 diligit.
398 1877 516 1919 Unde
549 1881 611 1919 est
642 1879 883 1932 notandum,
918 1880 1025 1933 quod
1058 1879 1206 1920 mulier
1238 1880 1388 1934 accipit
1419 1879 1552 1920 virum
1586 1883 1755 1934 propter
1787 1893 1886 1934 qua-

203 1954 312 2003 tuor,
346 1950 442 2004 quia
475 1953 546 1990 aut
577 1952 748 2004 propter
781 1950 951 1992 divicias
985 1955 1056 1992 aut
1088 1955 1258 2006 propter
1292 1950 1637 2005 pulchritudinem
1671 1955 1741 1992 aut
1770 1950 1886 1992 forti-

201 2022 387 2064 tudinem
420 2024 491 2062 aut
522 2020 787 2074 sapienciam.
840 2020 881 2062 Si
916 2035 1010 2063 vero
1043 2022 1105 2063 vis
1139 2023 1269 2063 virum
1305 2022 1489 2077 accipere
1513 2026 1680 2077 propter
1701 2021 1886 2075 divicias,

203 2098 314 2135 certe
334 2105 416 2134 non
437 2091 623 2133 invenies
646 2092 704 2132 ita
726 2092 894 2133 divitem
920 2092 1025 2134 sicut
1046 2093 1256 2134 dominum
1277 2097 1461 2134 nostrum
1488 2093 1647 2134 {hesum
1662 2092 1886 2146 Christum,

205 2165 274 2219 qui
317 2163 507 2206 dominns
548 2163 625 2204 celi
666 2167 706 2204 et
737 2167 864 2215 terre3
905 2177 1000 2216 ergo
1041 2178 1133 2206 eum
1166 2168 1308 2206 teneas
1341 2169 1381 2206 et
1412 2178 1492 2205 non
1526 2164 1666 2206 alium.
1716 2163 1758 2206 Si
1791 2177 1886 2206 vero

134 2242 179 2276 30
203 2235 306 2278 velis
338 2235 471 2276 virum
505 2235 690 2290 accipere
723 2239 892 2289 propter
922 2235 1221 2289 fortitudinem,
1254 2249 1371 2278 curre
1395 2235 1444 2277 ad
1468 2235 1678 2277 dominum
1699 2239 1888 2277 nostrum

205 2307 367 2349 Ihesum
401 2305 632 2358 Christum,
674 2306 742 2360 qui
783 2312 845 2347 est
874 2307 1025 2348 forcior
1058 2306 1169 2347 omni
1201 2306 1386 2360 homine,
1425 2307 1544 2348 fortis
1568 2307 1623 2348 <in
1656 2306 1741 2348 celo
1774 2310 1815 2348 et
1844 2307 1887 2348 in

205 2382 337 2429 terra3
375 2378 418 2419 in
450 2377 609 2418 inferno
641 2390 724 2418 non
756 2381 819 2419 est
850 2378 1020 2432 aliquis,
1055 2378 1123 2432 qui
1155 2382 1291 2432 potest
1323 2378 1358 2419 ei
1392 2378 1602 2424 resistere:
1643 2391 1738 2431 ergo
1769 2377 1887 2419 illum

205 2451 247 2492 in
287 2450 422 2491 virum
463 2447 586 2490 debes
627 2448 812 2502 accipere
857 2453 897 2490 et
938 2447 1062 2503 [615]
1105 2462 1187 2490 non
1221 2449 1360 2490 alium.
1412 2448 1456 2491 Si
1487 2463 1583 2491 vero
1617 2449 1793 2503 aliquem
1827 2449 1887 2490 vis

207 2521 392 2576 accipere
423 2522 594 2575 propter
625 2518 994 2573 pulchritudinem,
1028 2533 1145 2562 curre
1177 2520 1228 2561 ad
1261 2520 1473 2561 dominum
1505 2524 1690 2562 nostrum
1724 2520 1913 2568 Ihesum*

137 2596 181 2629 35
207 2592 417 2634 Christum
458 2591 527 2645 qui
559 2594 621 2632 est
652 2590 862 2645 pulchrior
894 2591 1004 2632 omni
1038 2591 1227 2644 homine,
1259 2592 1367 2633 unde
1399 2592 1633 2650 psalmista:
1669 2591 1888 2647 Speciosus

206 2663 341 2704 forma
372 2676 445 2718 pre
476 2661 571 2703 filiis
605 2661 830 2715 hominum,
864 2676 959 2715 ergo
990 2662 1106 2703 illum
1140 2661 1263 2703 debes
1295 2662 1445 2705 habere
1478 2667 1518 2704 et
1547 2676 1629 2704 non
1662 2662 1800 2704 alium.
1844 2661 1887 2703 Si

208 2748 304 2775 vero
345 2734 521 2787 aliquem
563 2733 624 2774 vis
670 2733 856 2787 accipere
904 2737 1074 2788 propter
1115 2733 1386 2788 sapienciam,
1428 2747 1546 2775 curre
1586 2734 1637 2775 ad
1675 2733 1887 2775 dominum

208 2809 395 2847 nostrum
429 2805 589 2846 [hesum
621 2803 845 2857 Christum,
879 2805 975 2858 quia
1005 2804 1095 2859 ipse
1127 2809 1189 2846 est
1220 2804 1451 2859 sapiencior
1482 2805 1594 2846 omni
1626 2805 1803 2858 homine,
1835 2804 1888 2845 ad

207 2876 433 2918 Romanos:
542 2876 713 2918 altitudo
747 2876 989 2917 diviciarum
1022 2875 1230 2930 sapiencie
1270 2880 1310 2917 et
1352 2876 1525 2917 sciencie
1557 2876 1622 2918 dei
1654 2881 1729 2917 etc.
1776 2874 1887 2928 Ergo

138 2955 184 2989 40
208 2946 324 2989 illum
357 2948 490 2990 virum
525 2947 708 3003 accipere
741 2946 863 2989 debes
896 2951 936 2988 et
965 2959 1047 2988 non
1081 2945 1219 2988 alium.
