1949 3162
989 80 1074 120 498

195 188 246 230 ad
267 187 395 240 rethe,
430 186 525 240 quia
556 199 630 240 pei·
651 186 831 228 cautelas
865 198 1003 227 eorum
1026 185 1185 226 faciunt
1216 188 1358 226 contra
1375 185 1599 238 justiciam,
1633 185 1740 227 unde
1771 185 1871 226 dicit

193 258 292 301 Job:
325 257 533 300 Audacter
555 256 674 298 deum
705 260 942 312 provocant,
977 257 1071 309 quia
1095 256 1127 296 si
1152 269 1247 310 pars
1269 269 1351 296 una
1373 255 1430 297 eis
1453 255 1540 297 vult
1571 256 1669 298 dare
1701 255 1868 310 aliquid,

195 330 402 385 accipiunt
433 328 483 370 de
515 331 632 383 parte
665 328 794 370 altera
826 327 990 369 bursam
1033 326 1220 381 plenam,
1263 324 1381 380 [118]
1424 327 1519 368 dum
1558 326 1672 369 illam
1704 326 1871 369 trahant

195 401 246 443 ad
275 414 318 443 se
357 404 398 443 et
435 400 494 441 sic
531 399 687 441 faciunt
725 398 970 440 discordiam
1011 402 1154 439 contra
1194 398 1429 451 veritatem,
1479 398 1586 440 unde
1632 398 1782 441 dicitur
1826 398 1870 440 in

147 478 168 512 5
194 472 382 514 Abacuc:
421 469 621 512 Lacerata
652 473 713 511 est
744 469 830 523 leX,
873 473 1093 524 propterea
1125 468 1357 521 egredietur
1383 469 1584 522 judicium
1616 482 1868 524 perversum.

194 542 311 585 Unde
343 546 485 584 contra
517 540 618 583 tales
651 541 708 582 ait
739 540 979 582 Psalmista:
1011 539 1148 581 Labor
1179 539 1382 581 labiorum
1408 540 1591 594 ipsorum
1623 540 1782 595 operiet
1803 553 1871 581 eos

193 615 219 656 i.
245 628 278 656 e.
312 613 353 655 in
388 612 637 668 profundum
678 611 828 653 inferni
861 611 1064 666 deprimet
1099 623 1187 662 eOS,
1228 611 1269 651 in
1301 611 1478 652 miseriis
1515 624 1595 652 non
1633 611 1869 653 subsistent.

194 684 354 727 Deinde
386 683 559 725 Crismel
600 680 704 724 alter
741 683 853 724 canis
893 682 1072 724 mittitur
1113 681 1222 722 circa
1264 681 1444 736 lepores,
1484 682 1551 736 qui
1591 695 1682 724 cum
1715 681 1872 724 veloces

196 759 304 809 sunt,
338 758 496 796 montes
528 757 744 796 transeunt
776 754 801 795 i.
826 767 858 795 e.
884 753 1061 794 ordinati
1094 753 1135 794 in
1167 752 1352 805 ecclesia,
1386 753 1490 794 sicut
1521 757 1617 795 sunt
1640 752 1872 808 presbiteri,

125 835 170 869 10
195 830 387 880 rectores,
421 824 637 880 capellani,
671 824 861 866 monachi
894 828 934 866 et
963 824 1112 865 fratres
1144 823 1440 877 mendicantes,
1474 824 1542 878 qui
1575 823 1770 866 deberent
1799 836 1873 878 per

194 899 403 940 racionem
434 896 612 938 transire
644 896 693 937 ad
727 900 886 937 montes
919 895 1000 936 alte
1033 896 1134 948 vite,
1167 895 1323 937 scilicet
1354 895 1403 937 de
1435 895 1609 936 terrenis
1642 894 1872 948 exonerari,

195 969 393 1011 mundum
428 968 649 1023 despicere.
701 966 779 1009 Sed
814 967 904 1020 heu,
940 966 1077 1021 plures
1111 971 1206 1008 sunt
1236 970 1396 1008 tantum
1423 966 1614 1021 temptati
1636 979 1709 1021 per
1730 978 1872 1007 canem

194 1041 334 1093 istum,
368 1039 475 1094 quod
507 1039 619 1080 ducit
651 1052 718 1080 eos
752 1051 824 1093 pro
857 1037 1067 1079 voluntate
1100 1050 1173 1078 sua
1205 1036 1256 1077 ad
1287 1037 1402 1079 rethe
1435 1036 1585 1079 diaboli
1617 1037 1660 1078 in
1687 1049 1733 1078 eo
1766 1036 1874 1091 quod

196 1111 406 1155 confidunt
442 1110 485 1151 in
521 1110 664 1163 rebus,
708 1110 749 1150 in
789 1109 936 1163 quibus
978 1108 1257 1163 decipiuntur,
1299 1121 1389 1149 cum
1429 1111 1562 1150 rector
1603 1107 1771 1150 ecclesie
1810 1106 1875 1149 vel

127 1190 171 1225 15
196 1183 396 1240 plebanus
437 1181 633 1223 ducentas
677 1180 741 1222 vel
779 1184 982 1222 trecentas
1022 1192 1183 1220 marcas
1222 1179 1434 1220 annuatim
1473 1179 1630 1233 colligit
1670 1179 1719 1221 de
1756 1178 1873 1221 bonis

197 1254 387 1307 ecclesie,
421 1253 469 1295 de
502 1252 649 1307 quibus
682 1256 776 1307 post
807 1251 1035 1306 simplicem
1069 1264 1185 1292 suam
1218 1251 1504 1292 necessitatem
1540 1250 1707 1292 deberet
1738 1249 1876 1291 omnia

197 1339 274 1381 que
306 1327 528 1380 supersunt
560 1323 656 1364 dare
689 1322 953 1378 pauperibus,
987 1335 1063 1377 que
1094 1335 1203 1363 nunc
1235 1322 1404 1377 exponit
1435 1335 1508 1376 pro
1541 1322 1684 1364 mundi
1714 1322 1875 1363 vanita-

195 1397 304 1439 tibus
342 1400 382 1438 et
420 1408 572 1450 pompa
611 1394 756 1447 seculi,
797 1397 837 1435 et
876 1393 983 1448 quod
1023 1394 1142 1448 pejus
1182 1397 1244 1435 est
1282 1394 1324 1434 in
1363 1393 1528 1434 luxuria
1566 1396 1606 1435 et
1643 1393 1874 1446 gulositate.

196 1467 355 1510 Deinde
402 1466 506 1508 alter
544 1467 657 1507 canis
705 1470 766 1507 est
804 1465 983 1518 solutus,
1032 1465 1100 1518 qui
1142 1468 1310 1506 vocatur
1349 1464 1500 1520 Belyn,
1539 1465 1565 1506 i.
1590 1478 1623 1507 e.
1661 1478 1787 1506 usura
1827 1463 1877 1505 ad

127 1545 172 1579 20
197 1542 460 1590 mercatores,
494 1541 664 1592 propter
688 1550 808 1591 quam
831 1536 970 1591 plures
993 1535 1145 1577 cadunt
1167 1536 1209 1577 in
1232 1535 1346 1577 rethe
1379 1535 1546 1588 diaboli,
1579 1536 1676 1591 quia
1696 1535 1879 1577 vendunt

199 1613 239 1652 et
279 1613 441 1662 emunt,
489 1612 534 1649 ut
572 1608 742 1650 terciam
783 1611 944 1662 partem
983 1606 1194 1648 lucrentur
1234 1606 1298 1648 vel
1345 1606 1451 1661 plus,
1499 1607 1599 1649 dicit
1636 1606 1876 1649 Psalmista:

196 1681 288 1723 Non
321 1680 457 1722 deficit
489 1679 538 1721 de
570 1679 716 1734 plateis
750 1692 889 1720 eorum
923 1691 1048 1720 usura
1082 1681 1121 1719 et
1152 1677 1282 1730 dolus,
1317 1691 1412 1731 ergo
1444 1677 1584 1719 veniat
1613 1691 1722 1720 mors
1755 1691 1879 1733 super

196 1752 289 1794 illos
321 1755 396 1793 etc.
458 1750 617 1792 Deinde
654 1749 757 1791 alter
789 1750 924 1803 canis,
966 1749 1035 1803 qui
1075 1753 1243 1791 vocatur
1274 1748 1437 1791 Beanus
1476 1749 1502 1791 i.
1527 1762 1548 1790 e
1579 1748 1766 1803 luxuria,
1806 1763 1879 1805 per

199 1836 320 1877 quam
355 1821 475 1863 multi
508 1822 644 1864 clerici
679 1825 719 1863 et
748 1821 862 1874 laici,
897 1820 1044 1863 divites
1077 1824 1116 1862 et
1148 1834 1372 1876 pauperes,
1405 1821 1522 1876 parvi
1555 1825 1595 1862 et
1627 1821 1785 1874 magni,
1811 1820 1878 1874 ju-

130 1900 174 1934 25
199 1907 322 1936 venes
355 1898 396 1936 et
426 1906 543 1935 senes
576 1893 617 1934 in
650 1892 765 1934 rethe
798 1891 951 1933 diaboli
983 1896 1090 1933 sunt.
1143 1891 1297 1933 Videns
1331 1905 1425 1945 ergo
1457 1891 1556 1933 deus
1587 1895 1719 1933 totum
1750 1904 1878 1944 genus

199 1965 425 2007 humanum
458 1978 531 2019 per
560 1964 670 2006 recia
703 1963 855 2006 diaboli
887 1963 1041 2005 destrui
1074 1966 1114 2004 et
1135 1966 1301 2018 captum
1323 1962 1453 2004 teneri
1474 1963 1589 2004 misit
1608 1961 1736 2003 filium
1760 1975 1879 2004 suum

199 2037 241 2078 in
282 2040 462 2078 castrum
503 2035 637 2090 puelle
677 2034 832 2090 duplici
871 2038 1082 2076 armatura
1121 2038 1347 2086 armatum,
1389 2033 1545 2076 scilicet
1587 2033 1803 2075 divinitate
1840 2036 1880 2075 et

200 2107 476 2160 humanitate,
519 2110 559 2148 et
596 2110 814 2161 postquam
854 2110 974 2147 natus
1014 2109 1076 2147 est
1113 2105 1177 2147 die
1210 2109 1353 2147 octavo
1388 2104 1595 2146 diabolum
1629 2104 1877 2158 aggreditur,

202 2178 358 2220 scilicet
389 2177 551 2232 quando
584 2181 672 2218 erat
712 2177 997 2230 circumcisus,
1039 2180 1079 2218 et
1117 2180 1261 2231 postea
1293 2176 1405 2217 dedit
1436 2175 1609 2229 bellum,
1651 2175 1807 2217 scilicet
1836 2175 1880 2216 in

132 2257 177 2291 30
203 2262 436 2305 parasceve,
471 2252 510 2290 et
541 2247 719 2289 obtinuit
751 2248 978 2301 victoriam,
1011 2252 1056 2289 ut
1087 2248 1145 2290 sic
1176 2261 1250 2289 nos
1284 2261 1307 2289 a
1327 2246 1444 2289 viciis
1478 2250 1518 2288 et
1548 2247 1704 2289 retibus
1728 2244 1880 2288 diaboli

201 2319 409 2374 liberaret,
442 2322 482 2361 et
513 2319 565 2361 ad
596 2319 724 2361 vitam
757 2323 940 2361 eternam
973 2319 1228 2374 perduceret.

851 2618 953 2660 CAP.
980 2619 1075 2660 143.
1110 2618 1244 2670 (135.)

701 2704 775 2749 De
810 2706 967 2750 timore
1004 2707 1187 2750 extremi
1205 2704 1387 2764 judicii.

325 2812 498 2863 Quidam
531 2825 604 2854 rex
643 2816 751 2865 erat,
793 2813 862 2866 qui
902 2813 1046 2855 statuit
1076 2825 1150 2867 pro
1182 2812 1291 2866 lege,
1331 2812 1439 2866 quod
1471 2811 1715 2866 quicumque
1746 2811 1879 2853 subito

139 2888 184 2922 35
209 2884 313 2925 mori
344 2884 523 2936 deberet,
556 2896 675 2924 mane
708 2886 802 2925 ante
825 2887 957 2924 ortum
982 2883 1079 2924 solis
1102 2888 1195 2925 ante
1217 2884 1383 2925 domum
1406 2883 1492 2936 ejus
1520 2882 1639 2924 tubas
1671 2886 1878 2936 canerent,

211 2958 251 2997 et
282 2955 422 2996 statim
453 2954 546 2996 talis
579 2954 760 2996 vestibus
792 2954 921 3007 nigris
954 2969 997 2996 se
1026 2955 1216 2997 indueret
1247 2959 1287 2997 et
1318 2954 1376 2996 sic
1407 2954 1459 2995 ad
1474 2953 1677 3008 judicium
1707 2954 1878 2996 veniret.
