1929 3162
953 72 1037 114 296

904 196 1005 238 CAP.
1034 196 1098 237 15.

316 284 389 329 De
425 285 514 329 vita
552 286 698 329 sancti
735 282 901 328 Alleaeiz·
920 283 1017 341 fila·
1052 282 1358 343 Euphemiam
1394 284 1687 343 imperatoris.

275 389 364 446 [13]
415 391 590 442 Quidam
621 392 847 448 imperator
879 395 988 445 erat,
1027 392 1068 433 in
1110 392 1224 445 cujus
1262 391 1436 447 imperio
1478 391 1563 433 scil.
1596 391 1639 433 in
1671 391 1837 434 civitate

158 476 328 505 romana
359 462 438 504 fuit
470 463 636 517 quidam
664 463 828 517 juvenis
860 464 1026 505 nomine
1058 463 1246 516 Alexius,
1279 462 1387 504 filius
1410 462 1645 505 Eufemiani
1668 462 1837 504 nobilis-

110 544 131 577 5
157 535 252 578 simi
276 535 448 577 Romani
481 538 520 576 et
551 535 592 576 in
627 535 720 577 aula
752 535 1016 589 imperatoris
1049 534 1221 589 primus.
1271 533 1344 575 Cui
1368 533 1488 575 multi
1510 535 1628 590 pueri
1658 537 1698 576 et
1729 534 1837 576 servi

158 606 408 649 assistebant
439 607 508 661 qui
542 607 655 648 zonis
689 606 823 648 aureis
857 605 1128 659 cingebantur
1162 609 1201 647 et
1234 605 1491 647 vestimentis
1523 605 1663 647 sericis
1694 605 1839 647 indue-

157 678 319 720 bantur.
364 677 467 718 Erat
499 680 634 719 autem
668 677 877 732 predictus
898 676 1168 719 Eufemianus
1191 676 1310 718 valde
1339 677 1572 718 misericors
1605 680 1646 718 et
1666 675 1838 730 singulis

160 748 303 791 diebus
344 749 385 790 in
426 748 545 790 domo
586 761 660 790 sua
699 752 783 790 tres
823 761 962 789 mense
1004 748 1255 803 pauperihus
1297 748 1493 803 orphanis
1532 747 1760 803 peregrinis
1800 750 1839 790 et

158 820 290 862 viduis
323 820 595 876 parabantur,
636 819 782 873 quibus
816 822 981 861 strenue
1014 819 1240 873 serviebat,
1284 823 1324 861 et
1355 819 1456 861 hora
1486 832 1596 861 nona
1625 819 1716 875 ipse
1747 831 1839 861 cum

90 898 132 932 10
159 892 257 934 viris
289 891 493 946 religiosis
533 891 668 933 cibum
708 892 750 932 in
789 891 937 932 timore
977 890 1132 932 domini
1175 890 1376 946 capiebat.
1431 889 1505 932 Cui
1539 904 1643 932 uxor
1673 890 1840 932 nomine

158 963 326 1016 Agaelis
360 963 540 1017 ejusdem
575 962 786 1016 religionis
827 967 867 1005 et
899 962 1101 1018 propositi
1135 966 1234 1004 erat.
1290 961 1391 1003 Cum
1425 965 1562 1003 autem
1595 960 1724 1003 filium
1757 974 1839 1003 non

157 1034 377 1088 haberent,
419 1034 469 1076 ad
509 1047 651 1089 preces
691 1037 830 1075 tamen
870 1047 964 1075 suas
1006 1033 1196 1075 dominus
1237 1033 1411 1075 contulit
1449 1033 1506 1075 eis
1545 1032 1689 1075 filium.
1742 1031 1842 1074 Post

158 1120 276 1162 quem
317 1106 398 1161 ipsi
436 1105 630 1160 deinceps
668 1105 709 1146 in
753 1105 943 1147 castitate
976 1105 1114 1147 vivere
1153 1104 1434 1146 firmaverunt.
1489 1104 1683 1147 Traditur
1714 1104 1841 1158 igitur

157 1191 259 1233 puer
301 1177 540 1219 liberalibus
581 1176 811 1231 disciplinis
851 1176 1117 1230 imbuendus,
1159 1180 1199 1219 et
1236 1189 1326 1218 cum
1361 1175 1551 1218 omnibus
1582 1175 1842 1232 philosophie

90 1254 133 1289 15
158 1249 316 1291 artibus
349 1249 438 1304 ipse
469 1247 654 1302 floreret,
689 1252 728 1290 et
753 1249 841 1302 ,iam
875 1248 926 1290 ad
959 1247 1155 1303 puberem
1190 1251 1339 1290 etatem
1373 1248 1561 1302 veniens,
1594 1247 1732 1303 puella
1762 1247 1841 1290 sibi

159 1321 208 1362 de
240 1321 359 1362 domo
393 1319 599 1376 imperiali
632 1319 798 1373 eligitur
830 1324 870 1362 et
900 1320 941 1361 in
975 1320 1190 1374 conjugem
1223 1319 1452 1375 copulatur.
1502 1319 1625 1362 Venit
1654 1332 1758 1373 nOX,
1798 1319 1841 1361 in

160 1406 239 1447 qua
270 1405 361 1434 cum
395 1405 547 1447 sponsa
580 1392 760 1447 suscepit
793 1395 952 1434 secreta
981 1391 1161 1434 silencia.
1212 1391 1326 1433 Tunc
1349 1394 1514 1433 sanctus
1530 1391 1695 1446 juvenis
1718 1404 1842 1446 spon-

160 1477 245 1506 sam
282 1475 397 1505 suam
431 1464 540 1519 cepit
571 1463 613 1505 in
647 1463 713 1505 dei
745 1463 892 1505 timore
925 1463 1131 1505 instruere
1165 1466 1205 1504 et
1236 1463 1369 1518 ipsam
1393 1463 1443 1504 ad
1467 1462 1715 1516 virginitatis
1748 1475 1842 1518 pro-

159 1548 305 1577 vocare
337 1534 548 1591 pudorem.
598 1533 758 1576 Deinde
792 1534 986 1576 annulum
1023 1548 1140 1576 suum
1176 1547 1343 1576 aureum
1377 1537 1417 1576 et
1446 1542 1570 1590 caput
1591 1534 1730 1588 baltei,
1762 1547 1841 1588 quo

91 1615 134 1649 20
161 1606 415 1661 cingebatur,
449 1605 527 1648 sibi
561 1606 808 1647 servandum
842 1606 1013 1648 tradidit
1045 1606 1204 1647 dicens:
1240 1605 1411 1661 Suscipe
1444 1606 1518 1648 hec
1550 1609 1591 1648 et
1621 1619 1741 1648 serva
1772 1605 1842 1647 do-

161 1692 237 1721 nec
269 1679 343 1720 deo
376 1677 592 1734 placuerit,
627 1681 667 1719 et
698 1677 889 1719 dominus
923 1678 977 1719 sit
1008 1678 1115 1719 inter
1146 1678 1242 1719 nos!
1291 1676 1390 1718 Post
1421 1677 1495 1719 hec
1526 1677 1576 1719 de
1608 1677 1844 1719 substancia

163 1764 237 1793 sua
270 1750 475 1806 accipiens
509 1749 558 1791 ad
592 1762 705 1791 mare
739 1749 947 1803 discessit,
990 1749 1295 1803 ascendensque
1335 1748 1492 1790 occulte
1522 1749 1661 1790 navim
1694 1748 1844 1791 Laodi-

162 1822 267 1864 ciam
300 1835 429 1876 usque
462 1821 640 1863 advenit.
690 1820 789 1862 Inde
830 1834 1004 1875 pergens
1046 1821 1088 1862 in
1120 1820 1311 1862 Edissam
1346 1820 1555 1862 civitatem
1590 1819 1708 1876 Syrie
1750 1833 1844 1875 pro-

162 1894 292 1936 fectus
328 1896 402 1947 est,
436 1892 506 1934 ubi
538 1893 675 1946 imago
708 1892 863 1934 domini
896 1893 1026 1934 nostri
1060 1892 1178 1934 Ihesu
1204 1891 1358 1934 Christi
1391 1891 1479 1933 sine
1510 1891 1689 1933 humano
1723 1905 1845 1947 opere

93 1973 137 2007 ‘25
162 1966 271 2008 facta
301 1965 343 2007 in
377 1964 560 2021 syndone
594 1963 833 2005 habebatur.
884 1963 970 2014 Quo
1004 1964 1248 2019 perveniens
1288 1964 1447 2017 omnia,
1489 1976 1566 2018 que
1605 1976 1742 2005 secum
1775 1963 1844 2005 de—

162 2037 326 2091 tulerat,
358 2035 610 2092 pauperibus
643 2035 865 2088 distribuit,
899 2039 939 2077 et
971 2035 1217 2077 vestimenta
1238 2034 1337 2076 vilia
1367 2034 1542 2077 induens
1573 2048 1664 2077 cum
1697 2035 1845 2077 ceteris

164 2108 414 2165 pauperibus
446 2108 487 2148 in
523 2107 626 2148 atrio
659 2106 723 2148 dei
757 2107 974 2160 genetricis
1007 2106 1137 2148 Marie
1176 2106 1318 2149 sedere
1357 2106 1488 2162 cepit,
1528 2109 1568 2148 et
1607 2106 1656 2149 de
1695 2106 1845 2149 elemo-

165 2181 278 2237 synis
311 2182 508 2234 quantum
543 2178 620 2220 sibi
653 2177 839 2220 sufficere
870 2181 1032 2233 poterat
1071 2178 1149 2220 sibi
1192 2177 1415 2232 retinebat,
1456 2181 1591 2221 cetera
1624 2191 1719 2220 vero
1753 2177 1844 2220 aliis

167 2251 417 2308 pauperibus
460 2249 667 2304 erogabat.
722 2249 779 2291 At
817 2253 935 2304 pater
974 2250 1185 2291 decessum
1226 2248 1300 2290 filii
1338 2249 1611 2303 ingemiscens
1650 2263 1724 2305 per
1754 2249 1845 2291 uni-

95 2331 140 2365 30
167 2337 306 2366 versas
341 2322 482 2364 mundi
517 2325 655 2376 partes
679 2335 827 2377 pueros
851 2335 945 2363 suos
969 2322 1095 2375 misit,
1129 2322 1197 2376 qui
1223 2335 1314 2364 eum
1337 2321 1593 2376 inquirerent
1614 2321 1843 2375 diligenter.

166 2395 347 2446 Quorum
381 2394 477 2435 dum
512 2392 638 2447 aliqui
672 2393 721 2434 ad
754 2393 963 2435 civitatem
986 2392 1178 2434 Edissam
1210 2393 1509 2448 pervenissent,
1543 2393 1592 2435 ab
1616 2406 1662 2435 eo
1694 2393 1847 2447 cogniti

166 2467 335 2508 minime
375 2478 467 2507 eum
507 2468 796 2518 cognoscentes
839 2464 970 2506 eidem
1004 2478 1093 2506 cum
1128 2465 1275 2506 ceteris
1307 2464 1557 2520 pauperibus
1589 2464 1845 2520 elemosynas

168 2538 420 2590 tribuerunt,
463 2548 562 2590 quas
595 2535 663 2577 ille
697 2536 900 2591 accipiens
934 2536 1008 2578 deo
1048 2536 1207 2589 gracias
1248 2536 1331 2589 egit
1370 2536 1529 2577 dicens:
1570 2534 1739 2577 Gracias
1770 2535 1846 2577 tibi
1891 2563 1895 2566 -

170 2623 259 2663 ago,
293 2608 470 2661 domine,
505 2607 599 2661 quia
632 2620 654 2647 a
686 2607 815 2648 servis
848 2607 949 2648 meis
982 2607 1258 2663 elemosynam
1283 2607 1466 2662 recipere
1488 2620 1554 2648 me
1574 2607 1720 2649 fecisti.
1769 2606 1846 2648 Re-

99 2688 143 2723 35
170 2681 277 2722 versi
309 2679 425 2735 pueri
458 2678 666 2731 nunciant,
700 2678 806 2732 quod
839 2692 1042 2733 nusquam
1075 2678 1248 2733 reperiri
1271 2677 1417 2719 valeat.
1465 2677 1598 2720 Mater
1624 2678 1752 2732 igitur
1773 2691 1848 2720 sua

172 2766 194 2793 a
228 2752 293 2793 die
324 2763 509 2793 recessus
542 2749 604 2790 sui
639 2762 800 2790 saccum
842 2750 885 2791 in
924 2750 1159 2805 pavimento
1200 2749 1344 2791 cubilis
1383 2749 1549 2803 stravit,
1589 2749 1660 2791 ubi
1691 2749 1847 2804 ejulans

173 2821 298 2876 [1322]
333 2820 620 2864 lamentabiles
653 2833 771 2862 voces
805 2821 929 2863 dabat
960 2822 1119 2863 dicens:
1152 2821 1229 2863 Hic
1261 2834 1422 2876 semper
1453 2821 1495 2862 in
1525 2821 1637 2863 luctu
1660 2821 1846 2874 manebo,

171 2894 299 2936 donec
329 2881 457 2935 filium
491 2906 627 2934 meum
662 2905 970 2947 recuperavero.
1023 2892 1184 2948 Sponsa
1204 2905 1300 2934 vero
1323 2892 1373 2934 ad
1396 2905 1555 2934 socrum
1581 2905 1696 2934 suam
1719 2891 1846 2934 dixit:

266 2976 284 3010 7
310 2974 506 3020 predictus]
533 2980 618 3021 oriy.
636 2973 828 3018 prefectus
925 2975 969 3009 38
995 2974 1110 3018 suam]
1138 2980 1222 3020 orz'y.
1242 2984 1356 3008 suum.
