1934 3142
954 74 1040 115 250

157 181 226 222 44.
275 180 354 221 Pro
402 180 492 222 istis
538 183 672 222 autem
715 179 931 222 adducitur
971 179 1076 234 quod
1116 184 1258 222 narrat
1296 179 1548 222 Allexander
1588 180 1637 222 de
1676 181 1836 223 naturis

275 264 411 293 rerum
445 251 484 304 2,
509 252 549 292 4.
600 250 848 303 (Bratfisch.)
897 264 1024 304 germ.
1050 252 1118 293 62.

157 323 213 364 45
235 334 287 357 ’Ξ
318 323 382 363 16.

157 395 225 436 46.
274 393 530 448 Quamquam
571 392 809 435 allexander
849 393 926 435 fuit
965 392 1186 447 aliquando
1219 406 1404 447 magnus.
1462 393 1737 445 (Alexanders
1769 393 1838 437 be-

274 464 456 518 grabnis,
490 464 784 514 abweichend.)
830 465 900 506 lat.
926 465 993 505 31.

158 537 210 578 47
246 553 294 571 2:
328 537 395 577 30.
444 536 499 577 48
533 553 580 570 --
613 537 682 578 46.
731 536 786 577 49
822 553 869 570 z
905 536 972 576 26.
1022 535 1078 576 50
1112 552 1160 570 ε
1196 536 1263 576 27.
1312 536 1363 576 51
1401 552 1449 570 =
1486 536 1550 576 13.
1599 535 1654 577 52
1688 552 1736 571 =
1772 536 1837 577 17.

276 607 331 648 53
359 624 406 641 z
435 607 499 647 14.
539 606 594 647 54
621 624 668 642 z
695 608 763 648 46.

159 679 227 720 55.
276 677 474 719 Historia.
531 676 684 720 Narrat
716 676 954 719 allexander
984 690 1160 732 nequam
1195 676 1245 719 de
1276 676 1434 718 naturis
1466 690 1617 718 rerum.
1671 676 1839 731 (Virgils

277 749 392 800 hild.)
440 761 567 801 germ.
595 749 660 789 18.

161 822 229 863 56.
279 820 464 863 Historia
503 819 553 861 de
587 819 740 861 honore
771 819 927 861 mundi.
984 818 1166 873 Fingunt
1196 822 1316 875 poete
1349 819 1598 869 (marcianus
1631 818 1715 861 und
1746 818 1842 862 boe-

276 892 389 943 tius).
441 890 529 941 (Sol
561 891 637 932 mit
668 904 810 944 wagen
843 890 926 932 und
960 891 1047 933 vier
1077 890 1280 946 pferden.)

160 965 212 1006 57
242 981 290 999 --
317 963 384 1005 37.

160 1036 227 1077 58.
276 1034 384 1076 Nota
416 1033 465 1075 de
496 1033 689 1088 passione
721 1033 847 1075 cristi.
897 1032 974 1075 Hic
1006 1036 1104 1075 not-a
1136 1033 1242 1087 quod
1276 1032 1424 1074 cristus
1456 1032 1564 1074 fudit
1584 1032 1839 1086 sanguinem.

279 1107 317 1156 (7
347 1104 592 1158 todsiinden,
626 1105 731 1146 ohne
762 1104 1026 1157 geschichte.)

161 1178 229 1219 59.
279 1177 380 1219 Item
415 1176 464 1217 de
496 1175 689 1230 passione
722 1176 848 1217 cristi.
896 1175 1099 1217 Narratur
1124 1176 1233 1230 quod
1256 1176 1421 1230 quidam
1445 1175 1641 1229 anglicus.
1687 1174 1843 1227 (wald-

278 1247 395 1301 vogel
426 1247 557 1289 feiern
592 1247 657 1289 die
690 1247 888 1302 passion.)

160 1320 228 1361 60.
276 1318 338 1360 De
376 1318 688 1372 ingratitudine.
744 1317 892 1360 Fertur
933 1318 1139 1373 quandam
1175 1319 1262 1361 fore
1300 1318 1502 1361 aviculam
1536 1320 1661 1372 (nom.
1686 1318 1840 1374 appia).

278 1389 423 1443 (Vogel
455 1390 532 1432 mit
562 1389 974 1443 menschengesicht.)

161 1464 211 1504 61
241 1479 289 1496 z
316 1462 384 1502 36.

161 1534 228 1576 62.
277 1533 443 1574 Pictura
468 1532 642 1586 justitie.
693 1531 927 1574 Secundum
952 1532 1154 1575 albertum
1176 1532 1349 1575 Justitia
1370 1535 1458 1574 erat
1479 1531 1655 1588 depicta.
1697 1530 1843 1583 (Justi-

279 1605 350 1657 tia7
382 1603 511 1657 blind,
544 1604 648 1659 kopf
675 1603 811 1656 hoch.)
861 1617 953 1660 app.
979 1605 1047 1646 51.

163 1677 216 1718 63
244 1693 292 1710 :-
319 1676 357 1716 9.

162 1748 229 1790 64.
279 1746 465 1788 Historia
505 1746 691 1788 rationis.
747 1745 917 1800 Legitur
958 1746 1066 1801 quod
1099 1747 1275 1800 quedam
1307 1746 1456 1789 mulier
1486 1746 1711 1789 commixta
1741 1749 1842 1788 erat.

281 1818 325 1869 (k
356 1818 384 1858 k
415 1818 475 1868 k.)

163 1889 218 1932 65
245 1906 292 1924 τε
320 1890 388 1931 31.

165 1962 233 2003 66.
281 1960 390 2002 Nota
421 1959 470 2001 de
503 1962 633 2001 morte
665 1959 792 2001 cristi.
846 1959 986 2002 Refert
1016 1961 1190 2003 historia
1222 1959 1459 2003 Scolastica.
1513 1959 1704 2012 (Zeichen
1736 1959 1845 2002 beim

282 2031 376 2073 tode
409 2031 479 2072 des
513 2030 636 2072 herrn
668 2031 710 2071 in
742 2031 910 2083 Athen.)

166 2102 619 2145 67:8.63=11.
655 2102 848 2144 6917.

167 2175 235 2216 70.
282 2173 451 2215 Pictura
490 2172 670 2215 honoris.
736 2173 969 2216 Secundum
1009 2174 1147 2216 Titum
1187 2187 1293 2216 anno
1327 2174 1412 2215 244
1453 2187 1488 2216 a.
1519 2188 1557 2216 u.
1584 2186 1617 2216 c.
1642 2171 1843 2215 Matrone.

284 2244 392 2293 (Bild
426 2244 501 2285 mit
532 2244 720 2297 goldnem
756 2245 904 2299 kreise,
938 2245 1212 2297 inschriften.)

167 2317 234 2358 71.
284 2315 469 2358 Historia
510 2316 727 2358 mundicie.
784 2316 923 2359 Refert
961 2315 1206 2358 Jovinianus
1246 2315 1295 2358 de
1331 2315 1494 2358 fabulis.
1551 2313 1845 2369 (Gottergaben

284 2386 578 2437 verschmaht.)
627 2401 721 2443 app.
745 2389 814 2429 43.

168 2459 222 2500 72
250 2476 297 2493 =
327 2459 392 2499 10.

168 2531 235 2571 73.
284 2529 468 2571 Historia
500 2529 550 2570 de
581 2529 800 2571 nativitate
832 2529 960 2571 eristi.
1013 2528 1183 2584 Legitur
1215 2529 1322 2585 quod
1353 2530 1395 2571 in
1427 2528 1581 2584 templo
1613 2531 1726 2571 veste
1758 2527 1844 2570 dee.
1876 2554 1882 2557 κ

286 2600 407 2654 (Bild,
442 2600 529 2642 drei
562 2600 815 2643 buohstaben
849 2601 921 2642 auf
943 2601 1061 2655 jeder
1093 2602 1224 2654 seite.)

170 2672 236 2713 74.
286 2672 471 2714 Historia
493 2671 723 2714 nativitatis
746 2673 872 2714 cristi.
907 2672 1141 2715 Anthonius
1163 2677 1258 2729 post
1272 2675 1446 2714 mortem
1465 2671 1637 2714 Adonie.
1671 2669 1847 2723 (Goldne
1933 2651 1934 2701 l

287 2743 418 2785 ansrel.
483 2742 553 2784 lat.
580 2742 646 2784 85.

171 2814 237 2855 75.
287 2776 364 2856 Det³
389 2744 697 2870 pgriculositate
739 2815 941 2869 presentis
982 2815 1075 2857 vite.
1128 2815 1281 2857 Narrat
1310 2814 1507 2857 Albertus
1546 2814 1597 2856 de
1631 2812 1846 2870 speciebus

287 2885 466 2927 colorum
501 2885 565 2927 vel
598 2885 807 2927 oculorum
841 2887 880 2938 2,
908 2888 942 2927 1.
993 2887 1172 2936 (Drache
1203 2887 1261 2928 im
1292 2886 1511 2940 hohlweg.)
1556 2886 1627 2928 lat.
1654 2884 1749 2927 145.

261 2956 396 3007 (Danu
436 2957 558 3010 folgt:
598 2956 841 3012 Expliciunt
878 2958 1134 3000 moralitates
1174 2959 1293 3009 mgri.
1326 2957 1497 3013 Roperti
1528 2956 1731 3010 Holkoth,
1762 2956 1847 2998 und
