1949 3162
978 72 1062 114 558

560 176 669 222 Turpe
695 181 742 211 est
767 177 907 218 doctori,
934 190 1007 211 cum
1033 178 1131 222 culpa
1155 177 1332 222 redaryuit
1357 182 1474 221 ipsum.

177 251 371 294 Secunda
402 251 466 291 lea*
496 249 793 305 fruqalitatem
825 250 1012 291 omnibus
1043 251 1254 305 persuasit
1285 258 1321 291 et
1350 251 1582 305 symoniam
1620 258 1694 291 aut
1729 257 1861 290 cetera

176 323 386 364 contraria
416 322 655 373 interdiaeit,
686 323 998 377 parcimoniam
1028 322 1227 373 suadens,
1266 337 1315 361 ac
1343 321 1487 376 [sulam
1518 322 1737 376 carnisque
1768 335 1860 361 cra-

168 394 333 450 pulam,
373 392 521 448 quibus
551 392 672 433 multi
701 393 912 434 hodiernis
944 392 1194 448 temporibus
1224 393 1477 433 intendentes
1509 401 1546 433 et
1576 393 1706 433 dediti
1733 393 1861 433 vitam

128 474 150 507 5
176 465 384 517 breviant,
428 478 611 506 exercere
643 464 884 519 prohibuit,
933 465 1005 505 sed
1038 464 1323 518 fruqilitatem
1369 463 1571 505 bonorum
1617 478 1788 519 operum
1826 471 1861 504 et

177 535 427 592 Iarfsitatem'
450 535 766 576 elemosinarum
806 535 993 576 omnibus
1031 535 1152 576 nobis
1184 550 1266 590 per
1299 535 1445 590 leqem,
1487 550 1570 590 qua
1609 543 1695 576 octo
1734 549 1861 589 opera

174 608 456 648 misericordie
500 608 701 658 instituit,
749 608 997 647 servandam
1036 621 1117 647 esse
1155 607 1286 647 voluit
1325 614 1446 661 atque
1479 607 1711 661 persuasit,
1760 606 1862 661 quia

176 680 377 734 quicquid
413 679 526 719 ultra
561 679 840 719 necessitatem
876 680 955 719 vite
987 678 1146 733 prelati
1180 685 1253 718 aut
1283 678 1361 718 alii
1389 679 1474 718 viri
1503 678 1769 718 ecclesiastici
1797 677 1860 717 di-

174 753 274 792 vites
296 750 458 802 liabent,
491 751 538 790 in
558 749 820 790 elemosinam
838 764 1075 805 pauperum
1107 749 1353 790 distribuere
1379 757 1576 801 tenentur,
1611 749 1733 800 alias,
1766 755 1860 789 teste

107 830 150 864 10
176 821 289 862 beato
329 821 558 873 Ieronimo,
605 822 762 876 rapina
800 828 857 861 est
894 828 931 861 et
967 821 1232 876 sacrileqium
1272 835 1411 861 coram
1455 822 1541 861 deo.
1611 819 1760 861 Tereia
1798 819 1861 860 lex

164 893 296 946 jussit
338 893 505 947 sinqula
550 907 636 933 non
674 893 858 948 pecunia
904 892 975 932 sed
1019 894 1260 933 ‘meritorum
1299 894 1584 948 compensione
1623 898 1862 947 opportuna

177 961 476 1019 [comparari],·
508 963 583 1004 ltoc
615 971 673 1004 est
704 971 905 1018 quantum
936 963 1057 1004 babes
1090 972 1248 1004 tantum
1279 964 1401 1005 vales.
1451 963 1568 1004 Deus
1595 977 1680 1004 non
1702 970 1862 1004 tantum

175 1036 287 1077 dona
314 1036 498 1091 respicit,
532 1035 604 1075 sed
634 1050 705 1076 cor
737 1043 774 1076 et
803 1036 1068 1075 intentionem
1099 1036 1308 1088 donantis,
1343 1043 1380 1076 et
1407 1037 1499 1076 ideo
1525 1035 1749 1076 secundum
1769 1048 1860 1075 cor-

175 1107 240 1148 dis
279 1107 342 1148 tui
375 1107 524 1147 merita
562 1107 660 1147 deus
698 1106 1007 1147 retributionem
1046 1114 1160 1147 tuam
1188 1122 1385 1162 maqnam
1414 1107 1478 1147 vel
1501 1121 1685 1162 parvam
1702 1105 1860 1160 faciet3

106 1185 150 1220 15
173 1178 281 1219 nihil
320 1179 427 1218 enim
467 1177 753 1218 absconditum
790 1185 848 1218 est
885 1178 1014 1219 oculis
1052 1178 1158 1231 ejus,
1201 1179 1314 1233 quod
1349 1193 1433 1219 non
1468 1180 1644 1230 sciatur,
1683 1185 1721 1219 et
1755 1177 1863 1219 nihil

175 1258 386 1307 apertum,
430 1250 542 1305 quod
572 1248 654 1290 sibi
682 1263 767 1290 non
796 1250 1016 1301 reveletur,
1056 1251 1254 1304 quoniam
1286 1251 1426 1291 omnia
1455 1251 1648 1291 intuetur.
1699 1248 1863 1301 Quarta

175 1322 240 1363 lex
274 1322 456 1362 instituit
484 1322 702 1361 materiam
732 1322 831 1361 auri
861 1328 930 1361 etc.
954 1322 980 1361 i.
1007 1335 1036 1361 e.
1062 1322 1231 1362 divitias
1262 1321 1383 1375 liujus
1414 1322 1562 1362 mundi
1590 1321 1715 1361 vilius
1747 1321 1863 1376 apud

174 1394 293 1434 deum
322 1393 527 1448 reputari,
562 1407 688 1448 quam
719 1393 885 1447 aliquid
916 1393 1086 1433 alterius
1116 1394 1284 1433 materie
1316 1394 1439 1433 totius
1470 1393 1626 1433 mundi.
1677 1391 1762 1434 Sed
1792 1407 1861 1432 ac-

175 1472 310 1520 ceptat
341 1479 487 1520 preces
525 1472 563 1505 et
598 1464 788 1504 miserias
815 1479 1075 1519 pauperum,
1116 1466 1222 1505 sicut
1254 1464 1404 1519 leyitur
1435 1464 1484 1505 de
1515 1464 1640 1504 divite
1672 1463 1858 1519 epulone,

105 1543 150 1578 20
176 1538 251 1591 qui
285 1537 497 1576 miseriam
528 1536 736 1591 pauperis
766 1535 928 1576 Lazari
958 1543 995 1576 et
1023 1536 1200 1576 ulcerati
1232 1532 1333 1588 [144
1346 1533 1384 1588 b]
1419 1550 1503 1576 non
1534 1536 1758 1591 respiciens
1788 1549 1859 1575 ne·-

175 1622 253 1663 que
291 1609 562 1662 compatiens,
608 1614 833 1662 postquam
869 1608 914 1648 in
951 1608 1119 1662 inferno
1158 1608 1341 1663 sepultus
1373 1607 1513 1660 jacuit
1549 1615 1586 1648 et
1623 1606 1862 1661 pauxillum

174 1694 281 1734 aque
313 1695 339 1719 a
371 1680 500 1734 diyito
534 1678 730 1719 stillantis
759 1679 893 1733 pet-iit,
926 1693 1011 1718 non
1042 1678 1231 1731 obtinuit,
1265 1680 1336 1719 sed
1344 1679 1530 1733 flammis
1554 1685 1591 1719 et
1610 1677 1861 1718 cruciatibus

167 1752 382 1807 perpetuis
423 1751 632 1805 expositus
671 1764 831 1805 semper
869 1751 974 1801 urit,
1016 1758 1052 1790 et
1081 1750 1273 1791 Lazarus
1315 1758 1373 1791 est
1409 1749 1460 1791 ab
1500 1750 1657 1805 anyelis
1683 1756 1862 1804 propter

174 1837 292 1863 suam
316 1823 568 1877 patientiam
597 1823 644 1862 in
675 1822 769 1862 sinu
804 1820 967 1861 Abrahe
998 1822 1231 1863 collocatus.
1285 1821 1441 1873 Quinta
1474 1821 1538 1862 lea:
1564 1821 1677 1862 dedit
1695 1819 1860 1875 reqibus

104 1899 150 1933 25
168 1901 414 1949 potestatem
449 1901 518 1934 etc.
573 1893 666 1934 Hoc
698 1900 755 1933 est
782 1892 1109 1947 intelliyendum,
1144 1894 1256 1948 quod
1283 1894 1496 1948 principes
1528 1900 1566 1933 et
1588 1892 1748 1948 prelati
1766 1891 1861 1944 jam

173 1965 323 2006 babent
359 1964 542 2005 subditos
570 1964 792 2017 judicare3
828 1965 900 2004 sed
930 1965 1156 2004 cavendum
1186 1972 1264 2016 est,
1303 1979 1353 2005 ne
1386 1965 1469 2005 sint
1498 1963 1736 2005 muneribus
1768 1977 1859 2004 cor-

173 2038 303 2092 rupti,
336 2044 383 2077 ut
411 2051 495 2077 non
525 2044 631 2076 recte
651 2035 863 2088 judicent,
898 2037 998 2090 quia
1030 2037 1068 2076 si
1097 2037 1170 2087 sic,
1205 2036 1344 2076 eadem
1374 2050 1582 2087 mensura,
1618 2050 1702 2090 quo.
1730 2035 1862 2075 mensi

162 2108 351 2163 fuerint,
391 2108 543 2148 scilicet
570 2107 789 2160 justiciam
823 2107 887 2147 vel
915 2107 1192 2160 injusticiam,
1231 2109 1460 2148 remitietur
1491 2109 1546 2148 eis
1572 2122 1653 2162 per
1673 2105 1861 2160 judicem

173 2180 362 2220 vivorum
409 2187 446 2220 et
480 2186 737 2219 mortuorum
776 2179 822 2218 in
860 2186 1034 2219 extremo
1064 2178 1228 2231 judicio
1239 2195 1251 2228 ,-
1302 2180 1403 2234 quia
1438 2179 1630 2220 moderni
1664 2177 1859 2232 temporis

105 2256 150 2290 30
165 2250 330 2304 judices
375 2265 548 2290 munera
588 2264 827 2305 pauperum
864 2249 928 2290 vel
965 2250 1140 2290 divitum
1180 2265 1517 2305 quorumcunque
1554 2250 1796 2305 recipientes
1833 2263 1860 2288 a

165 2321 340 2376 justicia
386 2322 448 2362 ita
494 2329 757 2373 excecantur,
810 2322 923 2376 quod
961 2322 1074 2361 viam
1113 2323 1305 2376 equitatis
1344 2329 1380 2362 et
1419 2322 1611 2362 sententie
1647 2329 1752 2362 recte
1787 2321 1860 2361 via:

173 2394 312 2434 videre
341 2400 537 2448 possunt3
569 2393 640 2432 sed
671 2393 745 2447 qui
773 2393 894 2433 modo
921 2392 1021 2447 plus
1054 2393 1224 2444 dederit,
1246 2393 1474 2446 fortiorem
1498 2407 1666 2434 causam
1674 2392 1858 2447 favora-

175 2464 443 2519 bilioremque
486 2465 727 2504 sententiam
773 2463 863 2504 licet
909 2471 1054 2504 contra
1087 2463 1306 2517 justiciam
1351 2464 1554 2506 obtinebit.
1621 2462 1750 2506 Sexta
1795 2463 1860 2504 lea:

163 2535 328 2590 fundos
352 2534 539 2576 omnibus
564 2535 765 2589 equaliter
795 2535 951 2587 divisit,
984 2535 1059 2575 hoc
1089 2543 1147 2576 est
1178 2536 1277 2576 deus
1299 2535 1348 2576 ab
1372 2544 1506 2577 eterno
1526 2537 1706 2576 instituit
1726 2536 1858 2576 omni·
1901 2536 1908 2540 ”

105 2612 151 2647 35
177 2605 250 2647 bus
282 2606 482 2661 equaliter
510 2607 694 2661 ¹qratiam
714 2621 846 2658 suam,
879 2607 1102 2646 secundum
1123 2607 1235 2661 quod
1254 2608 1405 2648 viderit
1424 2607 1627 2648 hominem
1641 2607 1857 2662 proficere,

175 2678 285 2718 unde
314 2679 361 2718 in
392 2677 603 2732 evanyelio
636 2677 760 2717 dicit:
791 2678 924 2719 Petite
956 2686 993 2718 et
1022 2679 1245 2733 accipietis.
1295 2677 1398 2718 Item
1429 2678 1534 2719 alibi
1554 2679 1675 2719 dicit:
1718 2677 1859 2730 Quod-

177 2763 336 2803 cunque
372 2749 576 2804 petieritis
612 2756 776 2803 patrem
804 2750 851 2789 in
880 2750 1046 2789 nomine
1075 2763 1185 2800 meo,
1227 2749 1398 2801 credite,
1440 2750 1552 2804 quod
1581 2751 1793 2804 accipietis
1823 2756 1861 2790 et

166 2819 242 2871 fiet
271 2819 397 2860 vobis.
455 2818 567 2871 Quia
598 2817 783 2860 Christus
813 2821 858 2860 in
891 2821 1049 2860 divitiis
1081 2828 1139 2861 est
1169 2819 1601 2869 habundantissimus5
1634 2828 1860 2876 postquam

178 2889 301 2944 di9ne
332 2906 359 2931 a
388 2890 506 2931 nobis
537 2898 706 2946 roqatus
726 2890 887 2944 fuerit,
927 2892 973 2932 in
1003 2890 1240 2931 muneribus
1273 2892 1549 2947 expendendis
1581 2899 1638 2932 est
1668 2891 1858 2947 larqissi-

106 2967 152 3003 40
176 2974 289 3010 mus,·
314 2961 416 3016 plus
447 2962 555 3002 enim
579 2969 717 3017 potest
747 2962 862 3014 dare,
897 2977 1022 3017 quam
1052 2977 1164 3003 mens
1194 2970 1338 3003 nostra
1364 2964 1442 3003 scit
1459 2976 1620 3018 royare.
1670 2961 1859 3018 Septima
