1954 3137
215 166 283 209 52.

216 308 284 350 53.

215 379 283 421 54.

215 450 283 492 55.

217 592 284 634 56.

219 876 286 918 58.

220 1018 287 1060 59.

221 1162 288 1203 60.

222 1305 290 1346 61.

225 1447 292 1488 62.

226 1589 294 1630 63.

229 1731 296 1772 64.

230 1801 297 1844 65.

231 1945 299 1987 66.

233 2017 301 2058 67.

235 2157 302 2199 68.

237 2300 304 2342 69.

240 2442 307 2482 70.

241 2583 308 2624 71.

243 2724 310 2765 72.

245 2865 313 2906 73.

1006 56 1089 98 130

331 166 393 208 De
425 168 598 219 quatuor
629 164 705 205 viis
737 167 812 205 010.
859 162 1014 217 Helyus
1046 162 1088 203 in
1110 161 1286 202 civitate.
1337 158 1485 211 (Kreuz
1508 158 1584 200 mit
1604 155 1874 207 insehriften.)

331 238 401 279 lat.
427 236 494 277 65.

332 308 393 350 De
424 307 627 363 passione.
676 305 849 348 Severus
881 303 1080 357 regnavit.
1130 300 1303 352 (Waffen
1337 300 1604 353 aufhangen.)
1648 298 1720 341 lat.
1746 298 1812 340 66.

332 379 393 421 De
425 378 567 431 milite,
598 377 726 430 leone,
761 376 946 418 dracone.
998 374 1203 416 Antonius
1234 372 1431 426 regnavit.
1482 370 1670 423 (Wiiste.)
1719 382 1813 425 app.
1837 368 1876 410 3.

331 450 392 491 De
432 448 578 491 aneilla
617 461 719 503 quae
757 450 919 489 cantum
960 446 1096 488 avium
1134 444 1348 487 intellexit.
1412 442 1642 485 Gordianus
1678 439 1877 494 regnavit.

335 520 525 572 (Hahne.)
570 519 640 561 lat.
666 520 733 561 68.

332 591 394 634 De
434 591 609 645 quodam
650 590 718 644 qui
756 588 976 643 quaerebat
1014 590 1088 630 eto.
1144 587 1346 629 Narratur
1385 585 1434 628 de
1466 584 1653 640 quodam.
1707 581 1881 636 (Freude

334 663 438 705 ohne
471 662 602 713 ende.)
649 662 718 702 lat.
746 661 839 702 101.

277 768 285 776 .
334 733 395 775 De
428 732 639 787 sagittario
663 735 703 774 et
724 731 970 787 philomena.
1016 728 1261 782 Sagittarius
1285 727 1462 782 quidam.
1509 725 1625 777 (Drei
1645 723 1882 768 weisheiten

333 804 505 854 lehren.)
552 804 622 846 lat.
651 804 744 845 167.

334 875 410 925 Qui
468 879 551 918 tres
611 875 762 917 amieos
818 872 1045 927 aequisivit.
1120 871 1293 922 Quidam
1343 883 1428 912 rex.
1503 867 1627 920 (Drei
1675 865 1882 918 freunde.)

334 946 406 988 lat.
443 948 534 988 129.

334 1017 397 1060 De
435 1018 626 1060 thesauro
666 1018 707 1059 in
746 1020 889 1058 trunco
930 1019 1005 1058 ete.
1067 1014 1169 1056 Erat
1207 1013 1371 1068 quidam
1409 1025 1568 1054 avarus.
1631 1009 1795 1061 (Schatz
1828 1009 1883 1052 im

336 1089 512 1141 haume.)
559 1088 628 1130 lat.
657 1089 750 1130 109.

338 1160 468 1212 (Ohne
499 1158 739 1211 iibersehr.)
788 1158 961 1209 Quidam
993 1171 1066 1200 rex
1098 1159 1186 1199 erat
1207 1156 1277 1211 qui
1299 1155 1454 1198 statuit.
1503 1152 1886 1209 (Todestrompete.)

337 1231 408 1273 lat.
439 1232 530 1272 143.

337 1303 400 1345 De
431 1303 509 1344 isto
543 1302 612 1357 qui
636 1301 741 1343 eruit
763 1300 899 1342 oeulos
922 1303 996 1343 ete.
1044 1298 1265 1350 Quintilius
1287 1297 1486 1352 regnavit.
1535 1297 1636 1349 (100
1656 1294 1886 1350 grosehen.)

337 1374 408 1415 lat.
433 1374 500 1414 73.

339 1444 402 1487 De
442 1457 565 1486 aureo
603 1453 724 1498 pomo
765 1446 805 1485 et
842 1442 977 1485 stulto.
1032 1440 1278 1484 Aurelianus
1316 1439 1513 1494 regnavit.
1572 1436 1888 1493 (Narrenapfel.)

340 1515 411 1557 lat.
437 1516 503 1556 74.

343 1587 405 1629 De
437 1586 626 1641 passione
651 1585 817 1627 domini.
866 1584 1048 1636 Quedam
1070 1583 1214 1627 civitas
1237 1586 1337 1627 erat.
1385 1581 1588 1634 (Draehen
1611 1579 1737 1623 duroh
1758 1578 1890 1622 lewen

345 1656 554 1708 entfernt.)
601 1670 695 1711 app.
718 1657 758 1698 4.

344 1729 407 1771 Βο
438 1728 569 1770 milite
600 1731 765 1783 raptore
797 1730 870 1769 010.
922 1726 1040 1769 Miles
1073 1726 1237 1782 quidam
1269 1728 1368 1768 erat.
1422 1723 1535 1772 (Fuss
1567 1722 1648 1776 ab.)
1698 1722 1770 1765 lat.
1798 1721 1891 1764 127.

344 1801 407 1843 De
443 1799 669 1855 leporario⁷
706 1798 865 1841 falcone
897 1802 936 1841 et
967 1802 1168 1854 serpente.
1222 1798 1325 1841 Erat
1356 1796 1521 1852 quidam
1551 1794 1683 1838 miles.
1739 1791 1892 1846 (Hund‚

345 1871 419 1914 VH
452 1872 556 1926 sap.)
603 1883 729 1924 germ.
753 1870 822 1912 41.

346 1943 409 1985 De
440 1945 606 1997 pastore
638 1944 678 1983 et
709 1954 820 1996 apro.
868 1940 1040 1991 Quidam
1071 1941 1296 1997 imperator
1327 1941 1426 1982 erat.
1475 1938 1613 1992 (Eber‚
1640 1936 1715 1979 VII
1745 1935 1851 1991 sap.)

348 2014 410 2056 De
453 2013 583 2054 milite
622 2015 662 2053 et
699 2025 826 2054 uxore
867 2012 1107 2055 adulterata.
1169 2011 1272 2054 Erat
1306 2011 1349 2053 in
1388 2023 1470 2052 una
1508 2009 1684 2053 civitate.
1746 2006 1896 2060 (Haus-

350 2083 555 2136 3011101301,
585 2082 657 2124 VII
688 2084 792 2138 sap.)

351 2156 489 2208 (011110
526 2153 758 2205 0110130111.)
818 2154 921 2197 Erat
957 2155 999 2197 in
1039 2155 1203 2197 civitate
1240 2165 1422 2196 romana.
1483 2150 1708 2204 (Herodots
1745 2149 1897 2202 thurm,

351 2227 425 2269 VII
456 2225 560 2281 sap.)
607 2238 731 2277 germ.
755 2225 824 2266 42.

354 2298 485 2350 (Ohne
506 2296 731 2348 ubersehr.)
773 2295 1020 2339 Octavianus
1048 2296 1234 2351 regnavit
1253 2294 1371 2337 valde
1392 2294 1518 2337 dives.
1559 2291 1725 2347 (Virgils
1747 2291 1898 2345 thurm,

354 2369 427 2411 VII
459 2367 563 2423 sap.)
610 2380 736 2420 germ.
760 2368 828 2409 43.

355 2440 417 2482 De
449 2439 715 2481 senescaliseo
749 2443 788 2481 et
816 2452 941 2481 uxore
963 2452 1036 2480 sua
1058 2442 1098 2480 et
1113 2438 1186 2480 VII
1208 2437 1473 2494 sapientibus.
1523 2436 1660 2488 (Peter
1680 2434 1764 2478 und
1784 2432 1901 2487 Paul²

357 2510 694 2563 seneschalsfrau,
727 2509 800 2551 VII
832 2510 936 2565 sap.)
988 2523 1113 2563 germ.
1137 2510 1206 2551 44.

356 2582 418 2624 De
451 2581 582 2636 abyba
615 2580 683 2635 qui
713 2580 810 2622 feeit
839 2584 921 2623 tres
943 2580 1047 2622 10103
1071 2584 1145 2624 eto.
1191 2580 1294 2623 Erat
1315 2579 1481 2634 quidam
1500 2577 1738 2634 imperator.
1787 2574 1904 2627 (Abi-

358 2653 445 2706 bas,
477 2652 534 2703 5.)
580 2651 650 2692 lat.
679 2652 742 2692 17.

357 2723 420 2765 De
460 2722 712 2765 confessione
749 2724 789 2764 et
826 2722 1068 2764 confessore.
1127 2721 1300 2772 Quidam
1338 2733 1494 2776 pauper
1529 2719 1619 2761 fuit.
1679 2716 1905 2771 (Draehen-

361 2793 581 2844 schwanZ.)
627 2793 698 2835 lat.
726 2793 818 2834 114.

360 2864 422 2907 De
461 2864 647 2906 unicorni
686 2866 726 2906 et
761 2862 918 2905 duabus
949 2863 1109 2919 puellis.
1162 2863 1265 2906 Erat
1295 2861 1460 2918 quidam
1490 2861 1728 2917 imperator.
1783 2858 1907 2912 (Zwei

360 2935 508 2978 naekte
534 2935 814 2990 jungfrauen.)
859 2935 929 2976 lat.
957 2935 1051 2976 115.
