1949 3162
993 94 1079 135 41ss

185 207 370 259 rissime,
406 217 547 247 verum
583 203 707 256 dicis,
741 201 904 256 quando
937 200 979 241 in
1011 197 1193 255 periculo
1226 197 1370 238 mortis
1403 196 1475 249 fui,
1507 199 1551 237 tu
1583 199 1624 237 et
1653 208 1735 236 non
1766 193 1870 235 alius

185 292 251 320 me
274 276 456 319 salvasti.
513 274 662 316 Statim
687 286 761 328 pro
784 271 981 314 tribunali
1004 269 1174 312 sedebat
1202 282 1275 310 rex
1299 271 1338 310 et
1355 267 1555 321 judicium
1579 279 1653 321 pro
1677 279 1722 307 eo
1745 264 1869 307 dedit.

305 347 592 390 Moralizacz'o.
657 343 901 395 Carissime,
946 341 1134 383 Christus
1178 340 1218 380 in
1259 338 1365 380 bello
1405 337 1569 379 mortali
1609 337 1716 378 inter
1754 339 1795 378 te
1832 339 1873 377 et

188 419 395 462 diabolum
445 417 626 472 seipsum
678 413 927 469 interposuit
968 414 1007 454 et
1046 411 1227 465 suscepit
1268 423 1339 464 pro
1379 414 1418 451 te
1458 409 1628 450 vulnera
1667 406 1872 460 mortalia,

119 504 139 536 5
188 504 269 533 non
302 489 432 531 solum
468 487 658 539 vulnera,
699 485 769 527 sed
802 488 933 526 morte
966 483 1208 538 turpissima
1239 486 1426 523 mortuus
1467 484 1540 522 est.
1610 478 1686 520 Est
1724 490 1873 531 ergone

183 563 363 617 justum,
404 558 510 614 quod
553 557 656 599 alius
699 570 819 611 quam
862 559 903 597 tu
947 568 1093 610 penam
1136 554 1340 595 sustineas
1381 551 1445 593 vel
1486 550 1759 605 penitenciam
1799 562 1873 604 pro

189 646 262 675 suo
303 630 470 673 amore?
526 628 646 670 Certe
686 642 779 669 non.
853 627 894 668 Si
939 626 1017 667 duo
1050 626 1200 666 fratres
1240 624 1323 665 sint
1353 622 1523 664 heredes
1556 620 1727 672 alicujus
1759 619 1875 661 here-

190 703 352 755 ditatis,
386 714 508 756 quam
542 699 811 742 hereditatem
846 697 982 751 aliquo
1015 710 1112 738 casu
1146 696 1390 747 amiserant,
1425 694 1459 735 si
1493 692 1595 734 alter
1628 704 1767 733 eorum
1800 703 1875 745 pro

189 774 419 818 hereditate
449 770 732 826 recuperanda
764 768 1028 824 pugnaverit,
1071 766 1322 809 laboraverit
1363 765 1466 806 alius
1499 762 1646 815 nichil,
1685 762 1757 804 sed
1788 762 1877 803 sine

124 858 166 892 10
192 846 303 888 omni
334 844 474 886 labore
507 856 596 884 eam
631 841 781 883 habere
813 840 956 892 vellet,
997 842 1105 881 esset
1135 838 1211 879 hoc
1246 836 1431 891 justum?
1486 835 1607 877 Certe
1645 847 1739 875 non.
1810 832 1877 874 Sic

193 922 255 960 est
293 917 342 958 de
375 915 488 957 vobis
522 917 563 956 et
594 913 643 955 de
676 912 860 963 Christ0;
902 924 977 952 nos
1015 909 1231 951 amisimus
1264 908 1535 950 hereditatem
1567 905 1683 959 regni
1716 904 1877 946 celestis

194 1002 267 1044 per
299 990 526 1043 peccatum,
560 984 747 1027 Christus
781 995 875 1024 vero
900 996 973 1037 per
995 995 1110 1023 suam
1134 984 1306 1021 mortem
1330 978 1568 1033 acquisivit3
1601 977 1692 1019 ideo
1718 976 1877 1030 justum

195 1063 270 1112 est,
304 1062 348 1100 ut
379 1057 513 1099 nullus
548 1056 651 1097 alius
677 1069 751 1110 pro
774 1058 815 1096 te
846 1053 984 1106 faciat,
1018 1052 1125 1106 quod
1159 1051 1314 1107 poteris
1347 1050 1511 1103 mereri,
1545 1062 1666 1104 quam
1700 1051 1745 1089 tu
1775 1046 1878 1101 ipse,

196 1131 229 1173 si
262 1130 470 1172 desideras
503 1128 630 1169 vitam
664 1130 847 1168 eternam
882 1123 1081 1177 obtinere,
1115 1136 1251 1178 quam.

130 1371 172 1404 15
868 1355 971 1398 Cap.
996 1355 1063 1396 88.
1100 1355 1203 1405 (80.)

327 1448 401 1493 De
439 1445 609 1491 cautela
649 1443 832 1495 diaboli,
871 1458 954 1502 que
989 1441 1150 1487 multos
1188 1441 1250 1485 ad
1284 1440 1508 1485 interitum
1545 1436 1760 1482 subducit.

319 1556 380 1598 De
420 1554 595 1610 quodam
636 1552 822 1608 principe
862 1554 1077 1602 narratur,
1118 1549 1207 1603 qui,
1249 1561 1340 1590 cum
1382 1546 1570 1588 omnibus
1610 1543 1766 1586 viribus
1801 1541 1885 1583 suis

201 1642 282 1670 non
322 1631 485 1683 poterat
535 1626 672 1667 hostes
712 1637 806 1664 suos
850 1623 1085 1674 devincere,
1133 1620 1232 1662 fecit
1273 1619 1377 1660 hanc
1415 1617 1638 1659 cautelam:
1688 1613 1887 1657 similavit

201 1701 340 1753 fugam
365 1703 405 1741 et
427 1702 561 1739 castra
579 1709 653 1738 sua
670 1708 761 1737 cum
780 1693 1026 1735 victualibus
1044 1692 1230 1734 hostibus
1253 1690 1491 1744 dereliquit3
1514 1689 1557 1730 in
1576 1686 1722 1741 quibus
1741 1684 1887 1728 castris

133 1781 177 1814 20
202 1771 312 1814 dolia
344 1770 474 1812 multa
506 1768 628 1824 plena
660 1767 753 1807 vino
785 1766 935 1807 infecto
969 1764 1127 1806 dimisit
1159 1776 1232 1818 per
1262 1775 1400 1803 semen
1424 1759 1637 1814 cujusdam
1662 1757 1797 1809 herbe,
1829 1756 1888 1797 ita

204 1842 311 1897 quod
344 1841 463 1882 homo
495 1839 640 1882 bibens
673 1838 722 1879 de
746 1838 839 1878 vino
863 1836 931 1878 illo
959 1835 1098 1877 statim
1133 1833 1403 1884 obdormiret3
1438 1831 1558 1874 scivit
1589 1829 1718 1872 eciam
1751 1827 1888 1869 hostes

203 1913 415 1956 famelicos
448 1916 488 1953 et
518 1910 696 1964 gulosos,
731 1909 800 1962 qui
834 1922 957 1963 super
986 1907 1126 1948 vinum
1161 1919 1253 1947 cum
1286 1904 1436 1958 gaudio
1470 1900 1805 1957 supervenientes
1838 1897 1889 1939 ad

203 1985 366 2027 libitum
400 1996 516 2025 suum
552 1981 737 2024 bibentes
771 1979 992 2033 statimque
1025 1976 1281 2020 semimortui
1315 1975 1494 2017 dormire
1523 1971 1888 2027 compellebantur,

210 2054 331 2110 [7422]
368 2068 491 2110 super
523 2067 624 2107 quos
656 2051 849 2108 princeps
883 2050 1045 2092 rediens
1078 2062 1219 2091 omnes
1253 2046 1304 2088 ad
1336 2045 1499 2088 libitum
1533 2057 1650 2086 suum
1685 2041 1846 2084 occidit.

137 2137 182 2171 25
325 2125 557 2178 Carissimi,
590 2123 666 2165 hac
698 2121 859 2164 cautela
889 2122 1019 2163 utitur
1050 2119 1256 2170 diabolus3
1297 2121 1440 2159 contra
1472 2115 1623 2157 multos
1655 2126 1756 2168 quos
1788 2111 1892 2153 vidit

207 2212 289 2240 non
322 2210 442 2253 posse
474 2208 683 2250 superare,
718 2193 873 2235 similat
905 2207 948 2234 se
979 2193 1121 2245 fugere
1154 2194 1194 2231 et
1225 2189 1367 2245 procul
1401 2188 1557 2240 abesse,
1591 2186 1686 2227 dum
1720 2198 1787 2226 eos
1816 2182 1891 2225 sub

209 2283 281 2324 spe
313 2268 418 2311 bone
451 2266 635 2309 amicicie
667 2269 707 2307 et
739 2265 878 2306 solacii
912 2264 981 2305 diu
1012 2262 1217 2318 permittit
1249 2260 1300 2302 ad
1330 2260 1524 2301 tabernas
1557 2257 1719 2310 sedere,
1753 2259 1798 2297 ut
1828 2255 1890 2296 in-

211 2341 388 2383 ebriatos
410 2339 532 2380 ducat
554 2351 631 2392 quo
655 2336 843 2390 voluerit,
867 2348 975 2377 nunc
999 2334 1049 2375 ad
1070 2332 1351 2384 homicidium,
1383 2342 1490 2372 nunc
1512 2329 1563 2371 ad
1584 2327 1792 2370 luxuriam
1815 2329 1890 2368 etc.

212 2411 439 2454 Caveamus
472 2423 568 2462 ergo
601 2422 624 2450 a
654 2408 726 2449 tali
760 2411 873 2462 potu,
906 2407 938 2448 si
973 2405 1255 2447 desideramus
1288 2402 1428 2444 venire
1460 2400 1511 2442 ad
1533 2403 1716 2442 eternam
1751 2397 1893 2449 vitam,

142 2491 188 2525 30
214 2483 264 2525 ad
297 2496 419 2538 quam
454 2484 528 2523 etc.

883 2636 985 2678 CAP.
1011 2636 1079 2677 89.
1115 2634 1218 2685 (81.)

741 2724 815 2768 De
851 2723 1017 2783 triplici
1050 2727 1168 2767 statu
1202 2720 1371 2764 mundi.

335 2835 452 2878 Miles
492 2833 658 2889 quidam
699 2835 806 2885 erat,
849 2831 917 2886 qui
956 2835 1038 2873 tres
1075 2828 1181 2871 filios
1221 2826 1416 2878 habebat,
1459 2823 1527 2879 qui
1566 2836 1658 2865 cum
1690 2821 1796 2863 mori
1827 2820 1897 2862 de-

219 2907 352 2961 beret,
393 2904 666 2962 primogenito
704 2916 776 2944 suo
809 2902 1077 2944 hereditatem
1116 2899 1289 2953 legavit,
1333 2895 1510 2939 secundo
1541 2894 1625 2936 filio
1659 2893 1897 2936 thesaurum

312 2988 357 3022 20
381 2985 525 3030 infecto]
552 2990 636 3031 oriy.
655 2982 798 3018 infecta.
