1949 3162
1009 61 1093 103 386

214 168 351 210 silium
386 171 466 219 est3
501 168 640 209 statim
676 167 848 209 ascende
881 166 1046 207 dorsum
1080 179 1228 207 meum.
1282 165 1337 207 Et
1357 166 1416 207 sic
1436 166 1590 208 factum
1613 169 1688 218 est,
1721 164 1890 206 claudus

213 240 320 281 viam
361 238 397 279 ei
436 238 617 280 ostendit
654 242 694 280 et
732 238 821 293 ipse
863 250 953 279 eum
997 237 1195 292 portavit,
1236 240 1276 278 et
1317 237 1375 278 sic
1413 237 1532 279 ambo
1574 236 1624 278 ad
1657 235 1890 277 convivium

213 312 416 353 venerunt
448 312 488 351 et
519 309 690 351 divicias
722 310 829 351 inter
861 308 962 350 alios
995 311 1250 362 receperunt.

330 379 565 433 Carissimi,
598 381 674 423 iste
706 395 778 422 rex
812 384 873 421 est
904 379 1094 421 dominus
1126 382 1266 420 noster
1297 378 1437 420 lhesus
1469 377 1676 430 Christus,
1714 376 1784 431 qui
1815 389 1890 431 pro

215 451 405 492 omnibus
437 451 555 493 nobis
588 452 822 493 convivium
855 454 1041 493 eternum
1074 451 1331 505 preparavit,
1357 450 1480 504 juxta
1510 448 1632 490 illud:
1668 447 1772 490 Erat
1803 447 1892 502 qui-

214 522 307 564 dam
342 521 475 575 homo,
511 523 579 576 qui
611 522 709 564 fecit
740 535 882 564 cenam
924 534 1117 574 magnam
1150 524 1225 563 etc.
1274 521 1340 562 Ad
1372 521 1473 562 illud
1506 519 1739 562 convivium
1771 517 1891 560 multi

212 596 308 635 sunt
339 593 473 634 vocati
511 597 551 634 et
591 594 659 648 qui
693 593 844 635 ibidem
879 592 1035 633 accedit
1066 592 1237 633 divicias
1278 596 1441 634 eternas
1477 590 1714 646 possidebit.
1762 588 1890 632 Cecus

212 665 289 706 iste
323 667 385 706 est
418 664 590 717 quilibet
622 665 734 706 dives
769 678 815 705 ac
847 671 993 719 potens
1025 663 1145 716 hujus
1178 662 1301 704 seculi
1337 664 1404 716 qui
1436 662 1554 704 fortis
1588 665 1650 703 est
1682 664 1722 703 et
1743 664 1890 715 potens

212 736 253 776 in
287 748 457 790 corpore
490 735 515 776 i.
549 749 582 777 e.
614 735 773 777 diviciis
814 738 854 776 et
892 734 1035 775 mundi
1069 734 1277 788 potencia,
1311 734 1418 775 unde
1449 733 1533 775 ceci
1566 736 1662 774 sunt
1693 735 1890 786 quantum

144 814 185 847 10
213 807 263 848 ad
303 806 428 847 vitam
470 810 674 859 eternam,
721 806 915 859 ignorant
946 819 994 847 ea
1033 819 1110 859 que
1150 808 1246 846 sunt
1285 805 1450 857 salutis,
1493 804 1600 846 sicut
1638 802 1751 857 talpa
1790 801 1891 844 bene

213 877 324 918 videt
355 877 429 918 sub
462 881 572 918 terra
611 881 652 918 et
683 877 806 918 habet
838 876 968 917 multa
1000 876 1263 928 diverticula,
1306 877 1374 918 sed
1409 889 1535 930 supra
1566 888 1683 916 cecus
1717 872 1892 915 efficitur

212 962 286 991 nec
318 949 395 990 scit
433 948 612 1002 seipsum
642 948 810 1001 juvare3
855 948 913 989 sic
953 951 993 989 et
1025 947 1172 989 divites
1207 947 1306 988 satis
1344 946 1452 988 clare
1485 946 1626 988 vident
1655 945 1697 986 in
1729 950 1890 999 tempo-

213 1020 366 1061 ralibus
408 1023 448 1061 et
486 1019 569 1060 ceci
609 1023 705 1060 sunt
741 1019 784 1060 in
820 1017 908 1072 [58]
952 1018 1249 1073 spiritualibus.
1306 1018 1486 1059 Claudus
1527 1030 1622 1059 vero
1661 1020 1723 1058 est
1761 1015 1890 1057 bonus

212 1091 449 1144 religiosus,
492 1090 560 1144 qui
594 1089 799 1131 claudicat
830 1090 870 1131 in
904 1093 1077 1143 utroque
1108 1090 1232 1144 pede,
1266 1089 1422 1131 scilicet
1453 1088 1578 1130 nichil
1609 1088 1651 1129 in
1684 1086 1891 1129 communi

143 1171 186 1204 15
213 1167 284 1204 aut
315 1162 484 1217 proprio
524 1161 726 1215 possidet,
768 1164 905 1202 tamen
941 1161 1052 1202 videt
1082 1160 1177 1202 talis
1211 1161 1310 1202 satis
1341 1160 1449 1202 clare
1482 1160 1592 1201 viam
1627 1172 1769 1201 versus
1796 1170 1891 1199 con-

211 1233 365 1274 vivium
408 1237 608 1274 eternum.
666 1232 709 1273 Si
751 1246 847 1285 ergo
888 1245 957 1273 vos
998 1232 1145 1273 divites
1186 1245 1232 1273 ac
1270 1231 1412 1273 mundi
1453 1234 1640 1286 potentes
1679 1229 1892 1271 intenditis

211 1305 262 1346 ad
298 1304 398 1345 illud
431 1304 665 1345 convivium
698 1304 890 1345 accedere
921 1308 962 1345 et
993 1303 1152 1358 premia
1184 1303 1333 1344 ibidem
1358 1302 1557 1357 accipere,
1590 1314 1756 1344 necesse
1776 1300 1891 1342 vobis

212 1376 290 1417 erit
327 1375 540 1427 religiosos
582 1388 628 1416 ac
667 1378 823 1416 ceteros
866 1388 1069 1430 pauperes
1108 1388 1232 1429 super
1272 1374 1394 1415 dorsa
1426 1378 1563 1415 vestra
1594 1376 1780 1428 portare,
1820 1371 1891 1413 sed

212 1446 429 1499 diligenter
462 1449 523 1487 est
556 1445 873 1497 advertendum,
916 1445 1079 1499 quando
1112 1446 1259 1486 divites
1293 1445 1442 1487 debent
1472 1449 1638 1500 portare
1669 1455 1891 1498 pauperes;

143 1526 186 1558 :20
212 1520 320 1558 certe
361 1516 606 1558 elemosinas
647 1516 704 1557 eis
745 1516 878 1557 dando
919 1520 960 1557 et
996 1516 1038 1557 in
1071 1529 1210 1558 eorum
1254 1515 1567 1558 necessitatibus
1600 1513 1892 1566 subveniendo,

213 1589 287 1629 hoc
320 1591 382 1629 est
413 1601 615 1642 pauperes
648 1591 814 1642 portare
847 1590 887 1628 et
918 1587 1094 1629 fideliter
1125 1587 1225 1629 viris
1258 1587 1545 1629 ecclesiasticis
1578 1586 1758 1628 decimas
1781 1585 1890 1626 dare.

213 1659 257 1701 Si
289 1660 347 1700 sic
378 1659 571 1709 feceritis,
604 1672 678 1699 nos
713 1658 788 1699 viri
819 1658 1002 1712 religiosi
1034 1663 1221 1700 tenemur
1244 1659 1358 1700 vobis
1381 1659 1488 1700 viam
1512 1657 1657 1700 salutis
1679 1656 1894 1699 ostendere

212 1730 414 1784 quomodo
460 1730 645 1784 poteritis
685 1729 736 1770 ad
769 1730 895 1771 vitam
937 1734 1121 1771 eternam
1161 1730 1387 1785 pervenire.
1436 1729 1660 1782 Precones,
1693 1728 1762 1783 qui
1793 1727 1895 1769 illud

212 1800 445 1842 convivium
478 1800 725 1853 clamabant,
759 1805 854 1842 sunt
886 1814 1001 1843 sacre
1036 1802 1182 1856 pagine
1205 1801 1406 1854 doctores,
1440 1801 1595 1843 scilicet
1616 1800 1895 1856 predicatores

142 1881 185 1913 25
212 1877 252 1914 et
283 1872 556 1925 confessores,
599 1872 667 1925 qui
700 1871 853 1914 habent
883 1886 957 1914 nos
990 1872 1193 1914 instruere
1225 1872 1387 1927 publice
1426 1876 1467 1914 et
1498 1872 1659 1928 private
1692 1870 1894 1926 quomodo

211 1944 263 1986 ad
297 1947 484 1985 eternum
518 1943 751 1985 convivium
785 1943 1011 1998 poterimus
1044 1944 1273 1998 pervenire.

165 459 186 492 2'1

882 2173 984 2215 CAP.
1020 2174 1088 2215 72.
1124 2175 1227 2225 (64.)

686 2260 761 2304 De
797 2262 1081 2319 inqratorum
1119 2261 1426 2306 trucidatione.

332 2367 500 2419 Legitur
532 2367 580 2408 de
614 2368 788 2421 quodam
822 2382 931 2422 rege,
965 2368 1033 2422 qui
1066 2368 1197 2410 filium
1228 2369 1393 2411 unicum
1424 2368 1615 2422 habebat,
1648 2381 1768 2423 quem
1791 2367 1896 2409 mul-

144 2448 188 2480 30
215 2442 301 2480 tum
336 2438 481 2479 dilexit
513 2452 559 2479 ac
590 2440 811 2481 tenerrime
843 2440 1029 2481 nutrivit.
1090 2439 1193 2481 Cum
1226 2444 1364 2482 autem
1397 2453 1497 2495 puer
1529 2440 1581 2481 ad
1613 2442 1764 2482 etatem
1795 2438 1897 2492 legi-

215 2510 357 2551 timam
392 2510 666 2564 pervenisset,
710 2510 758 2552 de
791 2510 855 2552 die
888 2511 929 2552 in
962 2511 1069 2553 diem
1102 2525 1239 2564 regem
1274 2511 1546 2566 impulsabat,
1579 2515 1625 2553 ut
1654 2524 1824 2564 regnum
1860 2510 1896 2552 ei

216 2580 462 2630 dimitteret,
510 2594 556 2621 eo
596 2581 703 2634 quod
743 2581 948 2636 impotens
989 2586 1097 2623 esset
1135 2587 1175 2623 et
1214 2582 1302 2637 ipse
1341 2586 1498 2637 potens.
1553 2581 1641 2623 Rex
1680 2595 1777 2623 vero
1819 2571 1921 2623 aitz*

216 2650 461 2704 Carissime,
496 2652 530 2692 si
563 2664 729 2693 securus
762 2665 916 2706 essem,
950 2653 1058 2706 quod
1090 2666 1155 2694 me
1187 2652 1375 2694 benivole
1408 2656 1448 2695 et
1479 2666 1571 2694 cum
1604 2652 1758 2694 honore
1788 2655 1897 2694 trac-

216 2725 326 2763 tares
359 2726 443 2763 toto
476 2725 661 2777 tempore
693 2723 775 2764 vite
807 2727 895 2775 tue,
935 2723 1011 2764 tibi
1047 2723 1148 2764 illud
1181 2724 1444 2765 concederem
1486 2727 1526 2765 et
1557 2736 1719 2765 omnem
1754 2722 1897 2764 huma-

146 2802 190 2834 35
216 2792 387 2834 nitatem
437 2806 558 2846 quam
596 2796 714 2847 pater
749 2797 913 2835 tenetur
945 2793 1028 2834 filio
1067 2782 1154 2835 tibi'
1176 2797 1417 2849 prestarem.
1475 2795 1531 2835 At
1567 2793 1657 2836 ille:
1706 2793 1896 2847 Domine,

217 2875 353 2904 coram
386 2864 563 2919 satrapis
589 2868 630 2906 et
651 2863 855 2905 nobilibus
879 2865 1043 2919 imperii
1059 2865 1343 2919 juramentum
1366 2865 1574 2920 prestabo,
1608 2865 1715 2919 quod
1737 2864 1896 2906 nullum

310 2944 329 2977 7
356 2944 507 2988 accedit]
536 2951 619 2990 orig).
638 2944 798 2979 accedet.
