1954 3137
174 186 241 227 39.

173 329 242 370 40.

172 471 242 511 41.

173 612 242 653 42.

173 754 241 795 43.

172 895 241 937 44.

172 1036 240 1078 45.

172 1179 241 1221 46.

171 1321 240 1362 47.

172 1462 241 1504 48.

173 1605 241 1646 49.

174 1746 241 1789 50.

174 1889 241 1931 51.

175 2031 242 2073 52.

175 2173 242 2215 53.

177 2315 244 2357 54.

177 2457 244 2499 55.

179 2600 246 2640 56.

180 2740 246 2781 57.

180 2881 248 2923 58.

970 80 1050 121 118

288 186 415 228 Azias
466 186 655 239 regnavit
700 186 767 240 qui
814 189 896 228 tres
943 185 1048 228 filios
1095 185 1270 228 habebat
1315 201 1414 242 quos
1461 187 1635 230 multum
1681 187 1836 230 dilexit.

290 256 564 308 (Baumerbe.)
612 270 738 310 germ.
763 257 830 298 81.

292 326 439 370 Garius
478 328 521 370 iu
561 328 726 370 civitate
763 340 934 370 romana
970 328 1158 381 regnavit
1196 328 1375 384 prudens
1408 329 1536 372 valde.
1593 328 1839 383 (Jonathas.)

290 399 359 441 lat.
387 400 481 440 120.

290 469 547 512 Dovinianus
592 469 817 524 imperator
862 470 1049 522 regnavit
1087 470 1265 525 prudens
1303 470 1422 513 valde
1463 472 1532 525 qui
1570 484 1660 514 cum
1699 471 1837 514 semel.

292 540 582 591 (Joviuianus.)
634 539 704 581 lat.
729 540 797 580 59.

289 611 467 653 Hanibal
498 611 686 664 regnavit
717 614 858 666 potens
891 610 1008 653 valde
1041 612 1109 666 qui
1137 616 1296 654 tantum
1320 613 1482 655 unicam
1502 611 1629 655 filiam
1651 612 1838 655 habebat.

291 682 477 734 (Redde.)
523 681 594 723 lat.
619 682 686 723 20.

290 752 539 795 Octavianus
568 752 754 806 regnavit
785 753 963 807 prudens
986 752 1104 795 valde
1127 754 1193 807 qui
1218 767 1340 810 super
1362 754 1499 796 omnia
1519 767 1689 797 uxorem
1710 768 1838 797 suam.

290 823 587 877 (Hildegarde.)
636 836 729 878 app.
754 823 822 864 53.

290 894 474 937 Herodes
506 894 694 947 regnavit
726 894 795 948 qui
827 893 952 936 filiam
975 895 1186 950 pulchram
1210 896 1386 938 habebat
1407 909 1527 950 quam
1552 896 1693 938 eciam.
1736 894 1840 949 (Sie-

289 965 367 1008 ben
394 965 512 1019 Jahre
544 966 664 1014 treu.)
712 978 838 1018 germ.
863 966 930 1007 50.

289 1035 483 1078 Claudius
516 1036 704 1090 regnavit
736 1036 803 1090 qui
836 1040 996 1079 tantum
1029 1037 1192 1079 unicam
1222 1037 1348 1080 filiam
1380 1037 1556 1080 habebat
1585 1050 1838 1091 generosam.

291 1107 495 1158 (Socrates
528 1107 761 1159 heirathet.)
812 1107 881 1150 lat.
907 1110 974 1150 61.

290 1177 429 1233 Gayus
462 1178 505 1219 in
526 1178 691 1220 civitate
712 1179 901 1231 regnavit
921 1192 1094 1221 romana
1115 1179 1294 1234 prudens
1316 1179 1433 1222 valde
1454 1180 1497 1221 in
1518 1180 1632 1234 eujus
1653 1179 1839 1234 imperio.

290 1248 574 1301 (Florentina.)
622 1249 692 1291 lat.
717 1250 784 1291 62.

288 1320 568 1375 Vespacianus
599 1321 641 1362 in
673 1320 838 1363 civitate
860 1333 1031 1363 romana
1061 1321 1248 1374 regnavit
1269 1321 1339 1376 qui
1358 1319 1486 1363 filiam
1508 1321 1839 1377 pulcherrimam.

290 1391 487 1444 (Aglaes.)
535 1391 764 1443 (Ariadne.)
810 1391 880 1433 lat.
906 1393 972 1433 63.

288 1461 555 1504 Domicianus
594 1463 782 1516 regnavit
818 1463 998 1518 prudens
1030 1462 1148 1505 valde
1181 1476 1227 1506 ac
1257 1477 1330 1518 per
1362 1463 1499 1505 omnia
1522 1463 1672 1518 justus.
1727 1463 1841 1515 (Drei

289 1533 523 1576 weisheiten
558 1534 811 1585 verkaufen.)
858 1533 928 1575 lat.
956 1534 1050 1575 103.

288 1604 497 1646 Adrianus
529 1606 718 1659 regnavit
750 1605 818 1659 qui
850 1605 962 1647 dives
995 1609 1083 1647 erat
1113 1605 1231 1647 valde
1262 1605 1305 1646 in
1336 1609 1495 1647 tantum
1530 1605 1635 1660 quod
1667 1606 1745 1648 sibi
1771 1606 1842 1649 ba-

289 1675 459 1718 silicam.
509 1675 780 1732 (Sarkophag‚
813 1677 946 1727 kurz.)
998 1676 1068 1718 lat.
1095 1677 1159 1718 16.

289 1746 439 1790 Lucius
477 1747 666 1800 regnavit
704 1748 744 1788 in
785 1747 949 1790 civitate
988 1761 1158 1789 romana
1195 1747 1373 1802 prudens
1413 1747 1531 1789 valde
1567 1748 1637 1802 qui
1666 1747 1843 1790 habebat

289 1817 430 1860 filiam.
480 1818 816 1873 (Fleischpfand.)
867 1832 992 1872 germ.
1019 1819 1086 1860 68.

288 1889 392 1931 Erat
439 1889 603 1943 quidam
650 1890 878 1944 Imperator
921 1890 963 1931 in
1002 1890 1116 1944 cujus
1156 1889 1331 1945 Imperio
1373 1892 1490 1931 erant
1529 1889 1608 1932 duo
1647 1889 1839 1932 latrones.

292 1960 581 2013 (Biirgschaft.)
628 1960 698 2002 lat.
726 1961 820 2002 108.

290 2030 472 2073 Celerius
519 2031 561 2072 in
608 2031 771 2073 civitate
811 2045 981 2073 romana
1018 2032 1206 2085 regnavit
1245 2031 1321 2081 Qui
1358 2044 1450 2073 cum
1488 2031 1626 2074 semel.
1690 2032 1840 2085 (Kreuz

290 2103 366 2143 mit
396 2102 668 2153 inschriften.)
715 2102 784 2144 lat.
809 2102 876 2144 65.

292 2172 505 2214 Simachus
543 2173 729 2227 regnavit
761 2173 873 2215 dives
905 2173 1023 2215 valde
1055 2176 1252 2228 quantum
1285 2173 1336 2215 ad
1366 2173 1609 2229 temporalia
1640 2174 1711 2216 sed
1741 2173 1841 2216 stul-

292 2247 370 2298 tus.
420 2243 694 2296 (Leonucius.)
744 2244 982 2296 (Schwarz.)
1030 2258 1157 2298 germ.
1182 2244 1248 2286 35.

295 2314 468 2357 Severus
507 2316 695 2369 regnavit
732 2316 801 2369 qui
840 2315 1051 2370 pulchram
1090 2315 1213 2357 filiam
1257 2315 1399 2358 habuit
1437 2316 1610 2358 unicam.
1668 2314 1841 2368 (Waffen

294 2386 558 2439 aufhangen.)
605 2386 675 2428 lat.
701 2387 766 2427 66.

292 2457 494 2498 Narratur
533 2457 582 2499 de
620 2457 775 2499 duobus
812 2457 1011 2500 militibus
1043 2471 1214 2512 quorum
1246 2471 1350 2499 unus
1382 2457 1576 2500 manebat
1604 2458 1647 2499 in
1678 2461 1839 2513 egypto.
1912 2504 1916 2506 ,

295 2527 502 2583 (Egypten
532 2528 615 2569 und
645 2527 854 2578 Baldach.)
900 2528 971 2570 lat.
998 2530 1091 2570 171.

294 2597 435 2640 Gallus
468 2599 654 2652 regnavit
683 2598 862 2654 prudens
895 2613 941 2642 ac
971 2604 1116 2655 potens
1149 2600 1267 2642 valde
1292 2601 1360 2655 qui
1383 2599 1585 2655 quoddam
1608 2599 1839 2655 pallacium.

295 2669 733 2721 (Keuschheitshemd.)
779 2669 848 2710 lat.
874 2671 940 2711 69.

293 2740 495 2781 Narratur
534 2740 582 2782 de
621 2740 757 2794 aliquo
797 2740 961 2783 homine
1000 2742 1069 2796 qui
1108 2742 1328 2784 vocabatur
1365 2741 1598 2795 gantherus.
1661 2741 1842 2794 (Freude

296 2810 399 2852 ohne
432 2811 562 2862 ende.)
610 2810 681 2852 lat.
708 2812 801 2853 101.

295 2881 398 2923 Erat
428 2882 544 2923 miles
578 2881 743 2936 quidam
774 2883 938 2924 nomine
966 2883 1151 2939 placidus
1173 2885 1242 2938 qui
1263 2883 1406 2926 habuit
1424 2897 1592 2926 uxorem
1616 2884 1840 2940 pulchram.

297 2951 532 3004 (Placidus.)
577 2952 647 2995 lat.
675 2954 768 2995 110.
