1919 3157
896 69 979 110 069

95 187 242 229 aquam
274 174 569 217 descendentes
601 175 761 216 occidit.
818 175 944 216 Totus
978 175 1103 228 igitur
1136 175 1341 217 exercitus
1375 175 1424 216 ad
1459 174 1774 230 expugnandam

94 245 207 287 illam
254 245 458 287 crudelem
509 245 680 288 bestiam
730 246 937 302 profectus
985 250 1057 288 est.
1130 245 1209 288 Sed
1262 245 1466 287 horrenda
1510 259 1774 301 squamarum

93 320 226 358 crates
267 316 359 358 telis
397 321 436 358 et
463 317 612 370 jaculis
647 317 865 371 residebat,
899 318 966 359 vix
1001 316 1166 359 tandem
1203 317 1342 358 multis
1375 317 1518 358 occisis
1552 322 1613 358 est
1645 318 1775 358 victus

94 391 134 429 et
164 388 276 429 saxis
310 401 355 430 ac
387 388 480 430 telis
514 402 749 444 oppressus.
804 388 929 442 Cujus
962 389 1118 430 corium
1156 390 1249 429 100.
1280 390 1341 429 10.
1367 388 1515 443 pedum
1551 402 1573 429 a
1595 389 1776 430 romanis

93 457 259 500 ductum
293 460 450 501 cunctis
484 459 803 502 admiracioncm
838 459 977 502 intulit
1009 463 1048 501 et
1079 463 1277 501 terrorem
1313 464 1386 501 etc.

212 530 430 572 Reduc-cio.
480 530 711 583 Karissimi,
744 530 923 583 Regulus
956 531 1032 572 iste
1065 534 1127 572 est
1159 530 1331 583 quilibet
1364 530 1493 572 bonus
1516 529 1775 572 Christianus

93 600 161 654 qui
193 606 336 643 contra
373 602 730 655 carthaginenses,
775 602 799 643 i.
824 615 857 643 e.
893 602 1012 654 vitia,
1061 601 1159 642 totis
1194 601 1348 643 viribus
1381 601 1502 643 debet
1539 614 1775 656 expugnare

92 675 133 713 et
157 671 280 725 juxta
301 671 465 725 flumen,
498 674 523 714 i.
549 687 581 715 e.
606 673 726 726 juxta
749 673 960 725 mundum,
995 686 1074 714 non
1107 673 1148 714 in
1171 672 1337 725 mundo,
1362 676 1510 725 castra,
1543 672 1568 713 i.
1593 685 1626 713 e.
1652 685 1776 727 opera

91 743 303 785 meritoria
350 748 601 799 perpetrare.
667 743 745 785 Sed
793 757 962 799 serpens
1010 744 1216 786 maximus
1264 744 1288 785 i.
1321 756 1354 785 e.
1404 743 1622 798 dyabolus,
1679 756 1775 798 sepe

92 813 242 855 multos
283 815 385 857 tales
425 815 594 868 occidit,
638 815 706 869 qui
747 815 967 857 intendunt
1005 815 1055 856 ad
1090 828 1217 869 aquas
1254 814 1483 856 mundanas
1515 813 1773 856 descendere.

91 884 173 926 Fac
205 899 300 938 ergo
333 891 376 927 tu
409 887 516 928 sicut
546 886 643 928 fecit
673 886 859 940 regulus,
897 886 1043 940 collige
1076 890 1206 928 totum
1240 886 1480 938 exercitum,
1513 885 1538 926 i.
1563 899 1596 927 e.
1631 898 1774 926 sensus

91 956 307 999 interiores
347 962 387 999 et
426 958 652 1000 exteriores
685 957 735 999 ad
769 958 1085 1013 expugnandam
1119 961 1203 999 tam
1237 956 1442 998 crudelem
1475 956 1649 998 bestiam
1682 969 1773 997 cum

90 1026 184 1070 telis
216 1033 257 1070 et
281 1028 445 1083 jaculis,
478 1030 502 1070 i.
528 1042 561 1071 e.
591 1030 775 1072 oratione
808 1034 848 1072 et
873 1029 1044 1084 jejunio,
1078 1032 1119 1072 et
1150 1029 1208 1071 sic
1240 1028 1424 1070 devictus
1455 1028 1533 1070 erit
1559 1027 1771 1082 dyabolus.

768 1283 876 1336 ⁶269,
909 1295 1013 1337 app.
1037 1281 1106 1324 73.

208 1382 347 1426 Refert
379 1383 566 1426 Valerius
605 1383 709 1425 libro
742 1383 799 1437 iiij
835 1383 943 1438 quod
976 1383 1167 1424 antonius
1200 1385 1338 1424 orator
1369 1381 1622 1424 clarissimus
1654 1394 1774 1424 accu-

91 1457 203 1496 satus
235 1454 285 1496 de
317 1455 475 1497 incestu
508 1468 581 1510 per
613 1455 826 1509 quosdam,
860 1455 929 1509 qui
961 1458 1105 1496 contra
1127 1467 1218 1496 eum
1251 1453 1537 1509 produxerunt
1569 1452 1772 1507 quendam

90 1529 237 1567 testem
269 1526 436 1581 pepium
479 1527 645 1568 nomine
685 1527 771 1581 ejus
811 1525 1122 1579 agricultorem,
1161 1525 1230 1579 qui
1263 1525 1429 1566 antonio
1462 1524 1574 1566 eunti
1606 1524 1656 1566 ad
1688 1528 1774 1566 stu-

90 1609 210 1651 prum
251 1597 462 1640 lucernam
501 1602 741 1653 portaverat
780 1601 825 1639 ut
857 1596 1064 1649 dicebant3
1100 1597 1241 1639 videns
1275 1610 1371 1650 ergo
1404 1596 1615 1637 dominum
1655 1609 1772 1637 suum

90 1667 140 1710 de
171 1669 408 1711 confusione
440 1670 528 1724 ipse
566 1669 713 1725 pepius
752 1669 943 1722 anxium,
990 1668 1096 1711 dixit
1136 1667 1213 1710 sibi
1253 1672 1298 1710 ut
1341 1681 1384 1709 se
1415 1667 1598 1709 traderet
1623 1666 1774 1721 judici-

91 1738 165 1781 bus
207 1740 471 1795 puniendum.
537 1739 624 1790 Quo
666 1740 773 1782 facto
820 1740 910 1795 ipse
956 1739 1145 1795 plagatus
1194 1739 1333 1781 eculeo
1381 1751 1605 1794 suspensus
1652 1737 1775 1780 laniis

90 1814 227 1852 custos
260 1825 420 1854 omnem
456 1812 537 1853 vim
572 1812 851 1854 accusacionis
885 1811 999 1865 eligit
1028 1811 1088 1853 rei
1111 1810 1316 1852 custodita
1349 1809 1493 1852 salute.

209 1883 428 1925 Reduccz'o.
485 1882 724 1936 Karissimi,
765 1883 972 1925 Antonius
1012 1886 1150 1924 orator
1189 1885 1252 1924 est
1285 1881 1418 1923 Adam
1458 1881 1617 1936 primus
1657 1883 1775 1936 pater

91 1956 192 2008 aput
222 1953 343 1996 deum
385 1959 599 1996 accusatus
639 1954 688 1996 de
721 1954 898 2007 incestu,
938 1954 964 1995 i.
989 1967 1021 1996 e.
1055 1953 1104 1996 de
1142 1966 1264 2009 pomo
1296 1953 1436 2006 fetido,
1476 1954 1621 1995 contra
1652 1965 1774 2007 quem

90 2023 132 2065 in
170 2026 452 2067 testimonium
493 2029 581 2068 erat
618 2029 705 2068 tota
751 2025 866 2067 curia
897 2025 1072 2068 celestis.
1129 2024 1197 2067 Sic
1235 2024 1322 2078 ejus
1356 2023 1626 2077 agriculator,
1681 2023 1707 2064 i.
1739 2036 1773 2065 e.

90 2094 198 2138 filius
230 2097 337 2150 ejus,
379 2097 447 2151 qui
481 2110 622 2150 agrum
664 2097 784 2139 istius
816 2096 958 2139 mundi
999 2096 1205 2152 plantavit
1237 2095 1387 2137 divinis
1420 2095 1627 2151 preceptis
1666 2093 1774 2136 filius

89 2165 154 2208 dei
187 2179 241 2209 sc.
276 2168 345 2222 qui
377 2168 464 2221 ejus
496 2181 660 2210 carnem
701 2168 750 2210 de
782 2168 941 2222 virgine
972 2167 1152 2222 gloriosa
1183 2167 1391 2220 assumsit,
1424 2167 1513 2221 ipse
1545 2179 1619 2222 pro
1653 2179 1699 2208 eo
1731 2166 1774 2207 in

90 2237 242 2292 eculeo,
274 2239 301 2280 i.
326 2252 359 2281 e.
382 2239 426 2280 in
447 2252 566 2282 cruce
597 2243 771 2282 mortem
804 2240 1015 2293 sustinuit,
1041 2252 1115 2295 per
1137 2252 1258 2294 quam
1283 2252 1424 2280 omnes
1446 2237 1594 2280 salvati
1618 2250 1772 2279 sumus.

767 2492 871 2546 270,
902 2504 1006 2546 app.
1029 2491 1098 2534 74.

207 2593 420 2644 Quondam
454 2596 542 2635 erat
572 2606 742 2647 regnum
777 2593 865 2635 sine
887 2592 1034 2634 herede
1066 2592 1320 2634 derelictum.
1369 2590 1536 2641 Questio
1568 2590 1676 2632 inter
1708 2603 1773 2632 sa-

90 2667 232 2720 trapas
264 2668 373 2717 erat,
407 2664 497 2718 quis
529 2668 637 2706 esset
667 2677 739 2706 rex
772 2663 821 2705 de
846 2664 952 2717 jure.
1001 2663 1158 2706 Inventi
1190 2666 1287 2705 sunt
1316 2665 1400 2704 tres
1433 2661 1575 2715 duces,
1609 2661 1678 2715 qui
1703 2661 1772 2715 jus

93 2735 144 2777 ad
174 2748 344 2789 regnum
377 2734 595 2788 habebant,
627 2735 734 2777 inter
763 2747 863 2789 quos
894 2747 1066 2788 regnum
1099 2734 1227 2776 dividi
1259 2733 1438 2776 deberet.
1485 2731 1773 2786 Dixeruntque

91 2809 256 2862 satrape
302 2805 434 2848 tribus
480 2805 674 2847 ducibus:
727 2805 969 2858 Karissimi,
1011 2805 1046 2846 si
1084 2818 1255 2859 regnum
1294 2805 1401 2846 inter
1441 2816 1512 2845 vos
1550 2803 1772 2857 dividatur,

91 2877 300 2919 minuetur
339 2877 528 2932 potencia
568 2880 608 2918 et
645 2880 786 2931 posset
821 2875 910 2918 tieri
942 2876 1168 2930 discordia,
1208 2876 1242 2917 si
1275 2875 1390 2917 vobis
1422 2874 1624 2930 placeret,
1665 2873 1773 2929 quod

93 2961 197 2990 unus
229 2952 338 2991 esset
369 2961 441 2991 rex
475 2948 543 3002 qui
565 2961 736 3001 regnum
762 2947 980 3003 optineret,
1013 2947 1130 2989 nobis
1154 2946 1344 2988 omnibus
1367 2945 1466 2988 utile
1488 2948 1607 2987 esset.
1644 2945 1774 2986 Aiunt
