1949 3162
967 98 1050 139 616

853 202 960 258 204,
994 216 1098 258 app.
1124 203 1167 245 8.

484 291 556 336 De
593 291 777 336 luxuria
816 297 856 336 et
890 297 1086 352 quatuor
1122 290 1212 350 (jus
1248 294 1534 337 nocumentis.

286 398 596 455 Sardanopulus
633 413 708 442 rex
749 413 965 454 grecorum
1007 400 1076 454 qui
1117 403 1205 441 erat
1244 400 1504 442 incontinens
1543 399 1732 441 multum.
1788 398 1849 442 Eo

169 473 330 513 mortuo
378 471 488 524 greci
534 471 759 526 pinxerunt
805 471 1039 527 ymaginem
1087 470 1251 513 luxurie
1296 471 1338 512 in
1377 471 1465 513 loco
1512 472 1620 524 regis
1660 471 1849 527 predicti,

169 555 317 598 ymago
358 545 492 584 autem
531 542 642 584 facta
681 543 760 585 fuit
798 543 849 585 ad
887 542 1119 598 ymaginem
1162 542 1338 584 hominis
1377 543 1420 584 in
1457 542 1572 584 molli
1605 545 1646 583 et
1676 541 1850 584 delicato

169 614 274 655 lecto
309 612 561 667 reclinantis‚
596 627 715 668 quem
744 618 919 668 quatuor
951 613 1094 668 vulpes
1127 613 1440 668 supportabant.
1479 613 1522 655 ln
1557 614 1719 667 signum
1743 613 1851 667 quod

168 684 335 726 luxuria
367 697 503 727 coram
539 685 727 727 omnibus
758 686 870 727 fetet.
920 684 1040 727 Circa
1071 689 1196 740 caput
1227 676 1351 740 primi
1383 685 1519 740 vulpis
1552 686 1731 740 scriptus
1763 687 1853 727 erat

169 756 246 797 iste
286 768 449 797 versus:
490 755 696 799 Effemino
735 757 882 798 sortem
924 756 1093 798 robusto
1133 756 1282 797 dirimo
1322 760 1514 798 mentem.
1578 755 1698 798 Circa
1729 758 1853 811 caput

171 827 222 868 2⁶⁵
257 827 436 882 scriptus
469 832 558 870 erat
588 827 658 870 ille
690 841 852 870 versus:
886 828 1029 869 Altero
1063 827 1238 869 discreto
1271 828 1513 869 criminibus
1546 826 1670 869 offero
1701 827 1850 869 locum.

171 897 290 940 Circa
323 902 447 954 caput
480 900 513 940 3i
547 899 724 954 scriptus
757 900 835 941 iste
872 913 1015 941 versus
1055 903 1161 941 erat:
1203 898 1338 940 Infero
1377 903 1586 954 torporem
1625 899 1730 940 vado
1771 898 1852 940 vir-

171 970 270 1011 tutis
305 970 501 1012 honorem
536 971 622 1012 sive
657 970 838 1012 odorem.
893 970 1011 1012 Circa
1051 974 1175 1025 caput
1205 971 1251 1011 4¹³
1284 970 1420 1026 vulpis
1453 971 1632 1025 scriptus
1664 973 1753 1012 erat
1783 968 1853 1011 ille

171 1054 334 1083 versus:
369 1041 561 1083 Obstinat
592 1041 760 1083 indurat
791 1041 946 1083 morbis
980 1042 1048 1083 vix
1081 1041 1224 1084 cedere
1257 1045 1385 1083 curat.
1425 1041 1480 1083 Et
1512 1041 1561 1083 de
1593 1054 1663 1083 ore
1693 1041 1854 1096 ymagi-

168 1113 232 1154 nis
264 1113 404 1155 exibat
434 1113 511 1155 iste
545 1127 706 1155 versus:
738 1112 965 1155 Luxuriam
999 1126 1168 1168 spernes
1201 1113 1336 1155 aliena
1367 1113 1550 1168 pericula
1581 1125 1736 1155 cernes.

289 1186 523 1226 Moralitas.
578 1183 764 1225 Luxuria
804 1184 912 1226 inter
950 1189 1087 1226 cetera
1125 1185 1236 1226 mala
1274 1185 1398 1227 habet
1436 1186 1493 1225 4⁰²
1523 1184 1726 1239 pessimas
1758 1197 1854 1226 con-

172 1255 366 1298 diciones.
400 1255 541 1297 Prima
573 1255 682 1298 enim
715 1255 891 1298 destruit
921 1256 1139 1298 naturalia.
1175 1256 1268 1298 Ideo
1301 1256 1557 1299 scribebatur
1588 1256 1665 1298 iste
1687 1269 1852 1298 versus:

172 1326 377 1369 Effemino
417 1328 565 1370 fortem
606 1332 681 1370 etc.
744 1327 993 1383 Exemplum
1035 1327 1144 1369 illius
1183 1327 1381 1370 habemus
1413 1329 1455 1369 in
1495 1340 1744 1383 psampsone
1785 1327 1855 1382 qui

175 1399 279 1440 tanti
326 1399 583 1441 fortitudinis
630 1402 719 1441 erat
764 1399 869 1454 quod
910 1399 1069 1441 leonem
1116 1399 1344 1452 lacerabat7
1389 1412 1480 1441 cum
1527 1398 1699 1440 maxilla
1745 1398 1855 1440 azini

173 1470 286 1512 mille
320 1471 504 1512 homines
538 1474 744 1512 straverat
775 1475 815 1512 et
845 1471 945 1513 foris
978 1485 1078 1524 gaze
1110 1471 1289 1513 civitatis
1322 1471 1373 1512 ad
1405 1474 1585 1512 montem
1618 1473 1858 1525 portaverat

177 1546 218 1583 et
249 1546 389 1584 tamen
420 1556 495 1597 per
526 1542 741 1583 mulierem
776 1542 970 1597 deceptus
1004 1546 1104 1584 erat.
1159 1541 1347 1584 Secunda
1385 1542 1569 1584 condicio
1600 1541 1763 1583 luxurie
1795 1544 1858 1584 est

175 1614 283 1668 quod
325 1613 501 1656 destruit
542 1613 873 1655 sanctimonialia
911 1627 966 1656 sc.
996 1615 1178 1668 graciam
1218 1613 1418 1667 infusam,
1458 1617 1504 1655 ut
1534 1616 1649 1669 patet
1685 1613 1728 1655 in
1758 1626 1856 1667 rege

177 1684 399 1726 salomone.
435 1684 512 1734 Qui
545 1685 677 1727 dictus
710 1689 772 1726 est
792 1685 952 1741 yditum
986 1687 1012 1728 i.
1037 1700 1069 1728 e.
1095 1686 1266 1728 dilectus
1299 1689 1361 1727 est
1392 1699 1415 1726 a
1445 1685 1520 1727 deo
1553 1688 1594 1726 et
1622 1689 1762 1726 tamen
1782 1698 1856 1739 per

175 1755 369 1797 mulieres
402 1756 626 1798 infamatus
659 1760 733 1798 est.
769 1757 912 1799 Tercia
944 1758 1127 1799 condicio
1150 1757 1325 1799 destruit
1356 1756 1601 1812 spiritualia.
1638 1756 1733 1798 Ideo
1756 1756 1883 1811 scri-s

174 1827 368 1869 bebatur:
400 1827 534 1870 Infero
566 1831 777 1883 torporem
810 1833 885 1871 etc.
933 1829 1181 1885 Exemplum
1206 1828 1404 1870 habemus
1435 1829 1478 1870 in
1501 1828 1712 1870 holoferno
1735 1841 1855 1882 quem

174 1899 216 1940 in
250 1903 415 1954 torpore
448 1903 489 1941 et
520 1913 693 1955 sompno
724 1900 869 1942 Judith
909 1902 1126 1944 interfecit.
1181 1900 1336 1951 Quarta
1374 1900 1558 1941 condicio
1596 1899 1759 1942 luxurie
1795 1903 1858 1942 est

176 1970 284 2024 quod
317 1970 493 2013 destruit
525 1971 663 2012 omnia
695 1972 881 2014 moralia.
935 1973 1029 2015 ldeo
1062 1972 1318 2015 scribebatur
1355 1971 1434 2013 iste
1472 1985 1635 2014 versus:
1675 1971 1858 2014 obstinat

175 2042 343 2083 indurat
365 2046 439 2084 etc.
475 2041 649 2097 Ideoque
682 2048 853 2099 propter
883 2044 964 2085 ista
995 2048 1036 2086 et
1068 2044 1148 2086 alia
1179 2043 1289 2086 mala
1319 2042 1483 2086 luxurie
1515 2056 1635 2086 serva
1663 2042 1855 2084 ultimum

174 2126 339 2155 versum
371 2116 446 2156 etc.
480 2114 687 2157 luxuriam
720 2128 890 2171 spernes
923 2115 1068 2158 aliena.

866 2365 972 2420 205,
1005 2378 1109 2422 app.
1133 2368 1174 2410 9.

709 2453 922 2499 Honores
958 2459 1133 2500 mutant
1164 2470 1321 2500 mores.

297 2561 486 2603 Tiberius
519 2565 613 2603 ante
644 2562 863 2617 imperium
898 2566 986 2604 erat
1017 2563 1197 2618 prudens
1227 2563 1392 2616 ingenio
1424 2562 1559 2604 clarus
1591 2563 1784 2617 eloquens
1816 2566 1857 2604 et

178 2631 295 2673 fortis
336 2632 378 2673 in
417 2632 536 2674 bello.
602 2631 682 2674 Sed
723 2638 940 2688 postquam
984 2638 1220 2690 assumptus
1259 2637 1322 2676 est
1361 2634 1411 2676 ad
1450 2634 1671 2690 imperium
1708 2646 1854 2688 parum

178 2701 328 2744 bonum
363 2704 478 2756 fecit,
522 2703 719 2759 populum
753 2718 967 2746 romanum
1003 2706 1184 2758 graviter
1224 2704 1392 2758 afflixit,
1425 2705 1625 2761 plurimos
1657 2704 1784 2746 bonos
1816 2709 1857 2745 et

179 2774 303 2816 etiam
337 2776 527 2829 proprios
565 2774 670 2817 filios
709 2777 915 2818 interfecit
955 2781 993 2818 et
1036 2790 1196 2818 omnem
1230 2777 1553 2831 temperanciam
1592 2775 1758 2829 abjecit,
1797 2774 1857 2816 sic

179 2845 286 2898 quod
318 2849 461 2900 postea
492 2859 573 2888 non
605 2846 777 2888 tiberius
810 2848 879 2889 sed
911 2847 1080 2889 liberius
1114 2848 1348 2890 vocabatur.

297 2918 532 2959 Moralicas.
598 2917 679 2960 Iste
717 2917 889 2960 tiberius
930 2918 1134 2971 significat
1174 2919 1375 2974 plurimos
1424 2919 1493 2973 qui
1539 2922 1757 2972 antequam
1805 2916 1856 2958 ad

181 2986 350 3029 divicias
391 2988 452 3030 vel
494 2989 667 3031 honores
709 2994 1049 3044 promoveantur7
1090 2990 1264 3032 humiles
1304 2994 1532 3045 appareant
1563 2993 1602 3030 et
1633 2989 1856 3043 pacientes.
