1954 3137
159 167 224 206 15).

157 236 224 278 20.

156 378 224 419 21.

156 518 224 560 22.

156 589 224 630 23.

155 731 224 772 24.

155 944 223 985 26.

155 1014 223 1055 27.

154 1085 223 1126 23.

154 1370 223 1411 30.

155 1441 222 1482 31.

156 1655 223 1695 30.

155 1795 223 1837 34.

156 1936 223 1978 35.

156 2079 224 2120 36.

156 2220 223 2261 37.

156 2432 223 2474 39.

155 2574 225 2616 40.

156 2716 225 2756 41.

157 2857 227 2898 42.

981 59 1036 100 10

274 164 337 207 De
369 164 515 207 arbore
546 164 713 207 infecta.
767 164 883 207 Siout
914 163 1043 207 refert
1073 162 1257 206 Polinus.
1307 164 1535 217 (Theriak.)
1585 177 1714 218 germ.
1742 165 1807 207 17.

273 235 337 278 De
368 236 563 291 ymagine
597 239 638 277 et
669 249 809 289 regno.
866 234 1008 277 Refert
1038 234 1278 278 Alexander
1309 235 1582 291 philosophus
1615 235 1666 278 de
1696 235 1858 278 naturis

275 320 427 348 rerum.
477 306 648 359 (Virgils
682 306 790 358 bild;
824 305 965 362 apsel.)
1009 318 1139 358 germ.
1167 305 1232 346 18.

274 377 337 419 De
368 377 509 418 anima
531 376 777 419 adulterata.
827 377 933 419 Erat
954 376 1123 431 quidam
1145 375 1385 431 imperator.
1435 375 1566 427 (Sohn
1596 376 1731 420 todtet
1749 380 1859 420 mut-

274 451 337 489 ter
368 447 513 498 nieht.)
561 447 632 489 lat.
662 449 757 489 100.

272 517 371 559 Alia
402 518 589 560 historia.
640 518 686 560 In
718 518 854 560 medio
887 530 1003 559 rome
1036 516 1242 569 (Bruous).
1293 516 1510 568 (Curtius.)
1556 517 1629 560 lat.
1652 518 1722 560 43.

275 588 337 630 De
359 588 499 643 puella
520 589 799 644 imperatoris.
843 588 1033 631 Tiberius
1056 588 1259 641 regnavit.
1309 587 1651 642 (Kaisertoehter,
1674 588 1859 644 pallast.)

274 673 402 713 germ.
429 660 497 701 22.

272 730 335 772 De
366 730 512 783 regina
546 729 795 772 adulterata.
845 729 1020 779 Quidam
1054 742 1130 772 rex
1160 728 1325 771 nobilis.
1376 727 1640 783 (Sohiessen.)
1692 729 1764 773 lat.
1787 730 1858 774 45.

274 801 337 844 De
370 804 548 855 quatuor
569 800 801 843 heremitis.
850 800 1022 854 Legitur
1050 801 1094 843 in
1115 801 1202 843 vita
1231 803 1411 856 patrum.
1461 799 1645 851 (Grosste
1672 801 1859 856 tugend.)

274 885 370 927 app.
397 873 434 914 1.

272 942 336 985 De
366 943 458 985 fure
490 942 655 997 hospite
688 945 729 985 et
760 955 902 985 uxore.
950 942 1128 993 Quidam
1159 942 1238 984 fur.
1288 940 1596 995 (Mondstrahl.)
1643 941 1715 985 lat.
1742 943 1838 986 136.

272 1013 335 1055 De
356 1013 489 1056 milite
511 1014 846 1068 semiequitante.
887 1013 1064 1064 Quidam
1088 1013 1221 1056 miles.
1265 1013 1390 1065 (Halb
1413 1013 1624 1067 geritten.)
1666 1013 1738 1056 lat.
1761 1013 1857 1055 124.

272 1084 336 1126 De
369 1084 527 1126 duobus
559 1084 771 1127 fratribus.
820 1085 956 1128 Erant
987 1085 1068 1127 duo
1094 1085 1244 1128 fratres
1276 1084 1476 1127 carnales
1527 1083 1645 1137 (Drei
1665 1084 1860 1128 buohsta-

272 1156 381 1207 ben.)
430 1169 558 1209 germ.
585 1157 653 1197 26.

271 1226 335 1269 De
366 1227 500 1268 tribus
534 1227 714 1280 regibus.
765 1226 852 1270 Rex
878 1226 1094 1269 Danorum
1126 1230 1211 1269 tres
1244 1239 1401 1280 magos.
1453 1226 1634 1281 (Heilige
1665 1226 1755 1270 drei
1785 1226 1859 1270 1ῐὸ-

270 1298 397 1352 nige.)
446 1297 516 1340 lat.
542 1298 611 1339 47.

271 1369 335 1411 De
369 1368 547 1422 Selango
580 1369 846 1424 imperatore.
895 1368 1037 1411 Refert
1059 1368 1319 1411 Valerianus.
1370 1368 1618 1422 (Zaleucus.)
1664 1369 1737 1412 lat.
1761 1369 1831 1412 50.

272 1440 335 1483 De
367 1440 610 1483 Alexandro
651 1452 816 1493 magno.
873 1439 1114 1482 Alexander
1152 1453 1342 1494 magnus.
1398 1439 1619 1492 (Gesehirr
1658 1440 1859 1493 stehlen.)

273 1525 370 1567 app.
396 1511 435 1553 2.

272 1582 336 1625 De
368 1585 507 1624 statua
530 1581 709 1635 Virgilii.
759 1581 889 1637 Tytus
922 1581 966 1623 111
997 1581 1131 1623 Roma
1163 1582 1343 1624 civitate.
1393 1581 1572 1635 (Focas.)
1617 1582 1691 1625 lat.
1715 1582 1784 1625 57.

272 1653 336 1695 De
374 1656 594 1708 peccatore
636 1656 678 1695 et
719 1653 966 1696 confessore.
1029 1653 1159 1696 Rome
1197 1653 1388 1707 regnavit
1426 1653 1577 1697 nobilis
1615 1654 1857 1710 imperator.

274 1723 392 1775 (Drei
425 1724 697 1778 wahrheiten,
729 1724 839 1775 frei.)
886 1724 957 1766 lat.
982 1725 1052 1766 58.

273 1794 337 1837 De
369 1794 622 1850 probaeione
643 1794 848 1838 bonorum
875 1799 915 1838 et
936 1795 1154 1837 malorum.
1203 1794 1406 1838 Ezechias
1437 1795 1640 1848 regnavit.
1691 1794 1860 1848 (Bemm-

273 1865 400 1917 erbe.)
449 1879 576 1919 germ.
604 1867 672 1908 81.

272 1935 336 1978 De
368 1936 502 1979 tribus
534 1936 632 1978 filiis
665 1937 831 1979 dotatis.
888 1936 1044 1979 Darius
1082 1937 1125 1979 in
1157 1936 1326 1979 civitate
1364 1949 1550 1980 romana.
1609 1936 1857 1992 (Jonathas3

273 2007 361 2050 (lrei
393 2007 721 2061 wunschdinge.)
768 2008 839 2050 lat.
869 2009 964 2050 120.

272 2077 337 2120 De
368 2078 592 2121 Joviniano
631 2079 895 2134 imperatore.
953 2078 1210 2122 Jovenianus
1249 2078 1491 2134 imperator.
1547 2077 1856 2132 (Jovinianus.)

272 2149 343 2191 lat.
364 2149 433 2191 59.
1711 2155 1713 2157 ’

272 2219 336 2261 De
358 2218 442 2261 filio
465 2220 633 2263 viredis.
667 2220 901 2263 Hanieabal
921 2220 1064 2263 multis
1086 2220 1279 2274 regnavit
1300 2221 1432 2264 annis.
1467 2220 1655 2274 (Redde.)
1692 2221 1765 2264 lat.
1785 2222 1853 2266 20.

272 2289 337 2332 De
369 2290 479 2333 dulei
507 2292 688 2334 melodia
718 2292 888 2335 cithare.
937 2292 1139 2348 Tyberius
1171 2293 1216 2334 in
1240 2292 1421 2336 civitate.
1470 2291 1673 2344 (Goldene
1704 2292 1855 2348 angel.)

271 2360 343 2403 lat.
367 2361 436 2403 85.

272 2431 337 2474 De
368 2432 543 2487 pulchra
564 2433 818 2477 Florentina.
867 2433 1000 2477 Janus
1030 2433 1224 2488 regnavit
1253 2434 1297 2476 iu
1318 2434 1488 2478 civitate
1509 2447 1694 2477 romana.
1744 2434 1856 2488 (Flo-

272 2503 468 2555 rentina.)
515 2504 586 2546 lat.
612 2505 680 2547 62.

274 2573 338 2616 De
370 2573 544 2617 Claudio
576 2576 842 2631 imperatore.
896 2575 1094 2619 Claudius
1126 2575 1355 2631 imperator
1386 2576 1590 2630 regnavit.
1646 2575 1855 2629 (Socrates
1938 2566 1944 2570 ’

274 2645 510 2698 heirathet.)
555 2646 626 2688 lat.
653 2648 721 2689 61.

274 2715 336 2757 De
363 2716 505 2769 judice
543 2720 584 2759 et
616 2721 820 2773 serpente.
869 2717 1125 2761 Theodosius
1157 2718 1386 2774 imperator
1416 2717 1620 2772 regnavit.
1674 2717 1855 2773 (Riigen-

276 2786 452 2839 gloeke.)
495 2787 566 2829 lat.
594 2788 689 2830 105.

276 2856 341 2899 De
392 2857 512 2900 leena
565 2859 809 2903 adulterata.
882 2858 1055 2913 Legitur
1107 2859 1217 2914 quod
1268 2858 1438 2914 quidam
1488 2872 1576 2903 rex.
1645 2859 1854 2913 (Lowin.)

274 2927 346 2970 lat.
373 2928 468 2970 181.
