1919 3157
901 112 985 152 353

103 229 323 269 consurge,
368 215 637 257 Hierusalem!
694 216 813 257 Solve
854 217 1017 257 vim-ula
1055 216 1146 257 colli
1195 217 1275 261 tui.
1325 217 1488 271 captiva
1536 216 1620 257 tilia
1666 215 1783 257 Sion!

104 286 177 328 Illa
209 300 305 328 vero
339 287 475 328 renuit
515 287 653 328 venire
687 292 726 328 et
758 287 883 328 dixit:
932 287 1128 329 Domine.
1162 286 1336 328 libenter
1370 287 1568 339 redirem,
1601 287 1671 328 sed
1705 300 1785 327 non

102 371 283 412 possum.
333 357 494 406 Quare?
527 358 621 411 quia
645 363 688 398 tu
712 358 852 399 dixisti
877 372 950 412 per
972 358 1217 399 Jeremiam:
1253 357 1295 398 Si
1321 358 1381 398 vir
1404 357 1593 399 habuerit
1616 371 1784 399 uxorem

103 433 143 469 et
175 427 245 469 illa
275 428 478 470 fornicata
510 429 634 469 fuerit
666 443 756 470 011111
792 429 934 474 altero,
969 429 1083 470 dabit
1114 429 1174 470 illi
1207 429 1268 469 vir
1302 428 1368 469 ille
1402 428 1584 469 libellum
1608 428 1784 483 repudii,

102 504 143 541 et
174 513 253 540 non
287 505 515 542 revertetur
549 499 598 540 ad
632 514 719 541 eam
756 499 874 540 ultra.
925 499 1034 551 Ergo
1068 513 1148 540 non
1182 500 1312 541 audeo
1346 500 1497 540 reverti
1521 500 1570 540 ad
1593 504 1652 551 te;
1687 499 1785 553 quid

101 583 196 623 ergo
229 571 404 612 faciam?
452 571 539 611 'l'ua
572 575 668 612 sunt
702 570 845 612 verba:
883 570 958 620 Qui
985 571 1123 623 justus
1157 584 1198 612 es
1233 575 1273 612 et
1298 571 1409 623 juste
1436 571 1598 623 judicas
1632 571 1782 611 omnia.

100 641 310 690 Quomodo
344 655 440 694 ergo
481 641 529 682 ad
563 645 602 682 te
643 641 777 683 redire
812 641 980 695 potero?
1028 641 1256 697 Respondit
1287 641 1478 682 dominus
1511 655 1582 695 per
1615 640 1783 683 Ysaiam

100 712 365 767 prophetam:
399 712 608 766 Numquid
642 712 880 754 abbreviata
914 717 975 754 est
999 726 1144 754 manus
1167 726 1271 765 mea,
1307 716 1350 753 ut
1372 711 1533 753 salvare
1557 712 1784 766 nequeam?

99 782 222 824 Absit
253 783 347 824 110οῐ
397 783 475 825 Sed
509 784 616 825 310111
647 783 732 824 dixi
765 797 838 838 per
869 783 1149 826 Ezechielem:
1192 783 1234 825 In
1269 797 1525 837 quacumque
1558 783 1659 824 hora
1690 796 1784 838 pec-

99 859 213 896 cator
246 855 512 908 ingemuerit,
547 854 729 896 omnium
764 855 1026 908 iniquitatum
1061 855 1146 908 ejus
1180 869 1258 896 non
1294 854 1553 895 recordabor.
1603 854 1658 895 Et
1689 854 1786 896 licet

98 925 300 967 fornicata
332 925 408 978 sis,
443 931 580 967 tamen
614 925 665 966 ad
696 939 761 966 me
793 931 1017 978 revertere,
1061 930 1101 967 et
1133 940 1206 979 ego
1240 926 1429 980 ricipiam
1463 929 1523 978 te,
1558 929 1603 966 ut
1635 925 1784 967 dicitur

98 997 140 1038 in
173 997 364 1039 canticis:
413 996 654 1049 Revertere,
694 1001 920 1049 revertere,
964 996 1191 1038 Sunamitis
1225 1002 1300 1038 010.
1350 996 1570 1038 Revertere
1602 996 1784 1038 reconci-

96 1067 234 1110 liando
267 1072 306 1110 te
339 1066 428 1122 [40]
465 1068 539 1109 deo
573 1068 695 1122 patri,
729 1073 935 1109 revertere
967 1068 1270 1110 reconciliando
1294 1072 1333 1109 te
1357 1068 1421 1109 dei
1445 1067 1543 1120 11110,
1577 1071 1784 1109 revertere

97 1138 398 1181 reconciliando
445 1143 486 1180 te
525 1139 689 1193 spiritui
729 1143 894 1191 sancto,
941 1143 1148 1181 revertere
1187 1139 1490 1181 reconciliando
1529 1143 1570 1180 te
1611 1138 1782 1191 angelis,

97 1223 270 1264 quorum
303 1210 561 1252 consorcium
593 1215 637 1251 tu
671 1210 906 1265 perdidisti!
941 1210 1015 1251 Illa
1047 1211 1279 1265 respondit:
1313 1209 1429 1259 Quod
1461 1209 1625 1262 signum
1659 1209 1783 1251 michi

96 1281 226 1333 dabis,
260 1282 356 1335 quia
389 1282 561 1337 recipies
594 1282 684 1323 me?
717 1282 790 1322 Ait
822 1281 1031 1323 dominus:
1065 1281 1162 1324 Pete
1184 1282 1259 1324 tibi
1281 1281 1443 1334 signum
1466 1281 1507 1322 in
1531 1280 1779 1335 profundum

95 1352 260 1406 inferni,
292 1353 378 1394 sive
410 1353 451 1394 in
485 1353 692 1394 excelsum
728 1366 865 1407 supra.
899 1353 957 1394 At
987 1353 1059 1394 illa
1091 1353 1215 1394 dixit:
1249 1352 1341 1393 Non
1364 1356 1517 1407 petam,
1550 1352 1622 1393 sed
1647 1352 1784 1394 veniat

96 1413 269 1466 dilectus
301 1438 416 1466 meus
449 1425 499 1465 ad
532 1438 597 1465 me
630 1428 670 1465 et
703 1424 908 1465 osculetur
939 1438 1005 1466 me
1037 1424 1175 1466 osculo
1209 1424 1291 1465 oris
1325 1424 1401 1477 sui,
1436 1427 1481 1465 111
1513 1423 1588 1464 31111
1624 1436 1781 1476 secura,

96 1496 204 1550 quod
244 1509 307 1537 me
345 1496 388 1537 in
427 1496 608 1548 graciam
650 1510 767 1537 suam
808 1495 993 1551 recipiat.
1043 1494 1117 1536 Cui
1151 1495 1362 1536 dominus:
1398 1494 1442 1536 Si
1476 1494 1622 1536 mulier
1654 1493 1783 1536 oblita

94 1567 221 1608 fuerit
241 1566 432 1608 infantuli
457 1567 533 1619 3111,
567 1580 640 1619 ego
662 1580 888 1620 numquam
912 1567 971 1608 tui
994 1566 1228 1619 obliviscar,
1251 1579 1324 1619 ego
1348 1566 1482 1619 cogito
1507 1565 1781 1618 cogitaciones

97 1638 208 1693 pacis
249 1642 289 1680 et
326 1651 407 1679 non
447 1636 702 1690 afflictionis,
745 1642 786 1679 et
823 1638 913 1680 ideo
953 1637 1168 1679 consilium
1209 1637 1381 1679 habebo.
1442 1636 1643 1678 Dominus
1685 1650 1779 1678 vero

94 1708 239 1751 habuit
269 1709 486 1751 consilium
518 1713 720 1751 secretum
756 1722 846 1750 011111
880 1713 966 1751 tota
998 1709 1110 1751 curia
1143 1709 1296 1762 celesti,
1336 1722 1455 1762 quem
1488 1708 1674 1750 mitteret
1707 1721 1779 1763 pro

95 1780 344 1822 liberacione
382 1794 532 1836 sponse
571 1795 663 1833 sue,
704 1786 744 1822 et
782 1794 914 1834 neque
953 1781 1059 1822 inter
1092 1780 1258 1834 angelos
1290 1793 1423 1834 neque
1455 1779 1563 1821 inter
1593 1778 1781 1820 homines

94 1851 253 1893 invenit
285 1851 488 1906 aliquem,
532 1852 599 1905 qui
633 1852 780 1904 dignus
814 1856 922 1893 esset
953 1865 1146 1906 sponsam
1182 1865 1298 1893 suam
1332 1851 1546 1893 redimere.
1594 1849 1780 1903 Angelus

95 1923 275 1965 dicebat:
309 1923 397 1977 Ego
419 1923 547 1965 libere
568 1923 820 1965 condicionis
843 1937 948 1976 sum,
972 1922 1043 1964 illa
1064 1922 1238 1976 servilis,
1263 1936 1388 1976 quare
1411 1935 1484 1976 ego
1504 1921 1779 1963 deformarem

94 1994 375 2037 condicionem
409 1995 572 2037 meam?
605 1995 739 2036 Homo
772 1994 953 2036 dicebat:
987 1993 1079 2035 Non
1110 2007 1198 2035 suin
1234 1994 1382 2047 dignus
1414 1993 1502 2048 pati
1531 2006 1605 2048 pro
1628 2005 1780 2047 sponsa

93 2070 177 2119 tua,
211 2066 307 2120 quia
339 2080 430 2107 sum
463 2071 665 2121 peccator.
700 2065 788 2107 Hoc
821 2062 961 2106 videns
995 2065 1185 2106 dominus
1218 2052 1333 2107 misit
1365 2065 1415 2106 ad
1444 2077 1638 2119 sponsam
1663 2076 1778 2105 suam

94 2137 162 2190 qui
185 2136 358 2179 diceret:
392 2137 498 2187 Quid
522 2137 686 2189 faciam,
720 2137 814 2190 quia
838 2136 1020 2178 salvator
1043 2150 1123 2177 non
1148 2140 1210 2177 est
1232 2136 1321 2190 tibi,
1345 2137 1416 2191 qui
1441 2135 1539 2177 velit
1563 2134 1626 2177 vel
1648 2134 1781 2189 possit

93 2208 254 2250 salvare
286 2208 352 2250 te?
402 2208 474 2250 llla
507 2208 579 2249 1100
611 2208 782 2250 audiens
813 2207 940 2261 flevit,
960 2207 1082 2261 ‘quod
1113 2221 1244 2262 neque
1273 2207 1314 2248 in
1338 2207 1424 2249 celo
1450 2220 1582 2260 neque
1604 2206 1643 2247 in
1668 2209 1781 2247 terra

1812 858 1855 892 10

1807 1575 1852 1608 20

1805 1929 1850 1963 25

93 2279 242 2334 aliquis
277 2281 467 2321 inventus
501 2284 581 2331 est,
623 2280 690 2333 qui
726 2293 814 2321 eam
857 2279 1065 2320 liberaret.
1115 2278 1238 2320 Pater
1270 2292 1365 2320 vero
1400 2277 1777 2320 misericordiarum
1803 2285 1848 2318 30

93 2354 133 2392 et
179 2351 278 2393 deus
324 2351 452 2392 totius
499 2350 797 2392 consolacionis
844 2350 1123 2391 consolabitur
1170 2363 1259 2391 eam
1303 2350 1463 2391 dicens:
1512 2347 1777 2400 iherusalem,

92 2435 245 2476 sponsa
284 2436 393 2475 mea,
434 2422 580 2463 civitas
624 2435 734 2474 mea,
774 2421 857 2463 noli
897 2422 956 2463 sio
994 2420 1111 2474 11010,
1155 2421 1252 2474 quia
1291 2421 1371 2462 cito
1405 2420 1518 2461 venit
1549 2419 1660 2461 salus
1693 2422 1776 2459 tua.

92 2491 226 2542 Quare
257 2507 419 2535 merore
451 2492 732 2534 consumeris?
764 2492 999 2546 Numquam
1024 2492 1285 2533 consiliarius
1314 2505 1396 2532 non
1421 2491 1538 2532 adest
1559 2490 1648 2542 tibi,
1683 2489 1779 2542 quia

91 2563 306 2606 innovavit
345 2568 385 2606 te
418 2564 546 2605 dolor.
597 2563 773 2605 Salvabo
806 2569 845 2605 te
886 2569 926 2605 et
957 2563 1141 2605 liberabo
1174 2567 1227 2616 te,
1261 2562 1345 2604 noli
1378 2562 1545 2603 timere!
1588 2559 1779 2602 Surrexit

92 2648 188 2688 ergo
220 2635 328 2676 filius
369 2639 464 2676 ante
497 2639 657 2689 patrem
700 2638 741 2676 et
772 2635 896 2676 dixit:
943 2635 1050 2675 Eece
1083 2648 1155 2687 ego
1190 2638 1360 2688 paratus
1393 2646 1481 2675 sum
1517 2645 1590 2686 pro
1625 2643 1778 2685 sponsa
1801 2639 1846 2673 35

90 2718 184 2748 mea
213 2707 314 2761 pati,
348 2720 422 2760 ego
454 2707 546 2759 1001,
581 2719 654 2759 ego
686 2706 848 2758 faciam,
883 2719 956 2758 ego
990 2705 1178 2759 portabo,
1212 2718 1286 2758 ego
1319 2704 1500 2745 salvabo.
1538 2702 1613 2744 Cui
1636 2705 1775 2757 pater:

90 2775 204 2819 Vade
236 2777 278 2819 in
311 2777 387 2819 hac
417 2777 660 2819 fortitudine
692 2780 764 2818 tua
795 2780 835 2818 et
867 2776 996 2817 libera
1027 2775 1153 2816 filiam
1189 2788 1324 2817 meam
1357 2787 1549 2829 sponsam
1580 2777 1694 2814 tuam
1727 2773 1776 2814 de

91 2860 255 2890 carcere
286 2848 452 2890 Madian
487 2848 562 2890 1100
584 2853 646 2890 031
678 2847 844 2889 diaboli.
894 2847 980 2888 1100
1013 2846 1184 2888 audiens
1206 2846 1384 2888 ι1113110111,
1417 2844 1612 2898 allegavit
1633 2848 1777 2886 contra

89 2918 258 2961 fratrem
293 2933 426 2972 suum,
460 2919 700 2974 supervenit
733 2918 895 2959 Veritas
928 2923 969 2959 et
999 2918 1134 2959 tenuit
1165 2931 1256 2959 cum
1289 2916 1478 2967 Justicia,
1512 2914 1583 2956 sed
1615 2913 1776 2956 Μ1301·1-

34 3006 37 3009 ·
90 2989 230 3032 cordia
269 3003 363 3032 cum
402 2990 531 3032 fratre
572 3004 644 3032 suo
686 2989 840 3042 tenuit,
881 2993 922 3030 et
952 2987 1039 3029 Pax
1073 2992 1221 3042 quarta
1253 3001 1368 3029 soror
1399 2986 1526 3039 fugit,
1567 2985 1663 3040 quia
1692 2998 1776 3026 non

151 3071 372 3109 Oesterley.
397 3072 488 3100 Gesta
509 3071 717 3098 Romanorum.
1449 3063 1493 3096 23
