1954 3137
164 1902 233 1943 43.

164 2045 233 2086 44.

164 2187 234 2229 45.

164 2331 233 2371 46.

166 2614 234 2655 48.

166 2757 236 2797 49.

167 2897 235 2940 50.

978 84 1033 125 92

165 195 172 205 “
223 225 231 233 .
280 191 393 234 Dicit
424 190 614 246 ysidorus
647 189 755 245 quod
788 190 830 231 in
863 188 995 231 sicilia
1027 192 1123 231 sunt
1154 188 1233 231 duo
1265 189 1412 232 fontes,
1463 188 1629 240 (Sieben
1661 189 1849 232 wunder-

282 262 380 305 bare
413 262 597 313 wasser.)
647 275 740 316 app.
766 261 834 302 57.

281 333 343 375 De
376 332 610 375 hominibus
644 336 706 374 est
736 331 987 386 loquendum
1018 330 1125 373 unde
1149 330 1248 373 dicit
1270 331 1435 387 plinius.
1486 333 1499 379 (
1506 332 1557 373 15
1580 331 1850 374 wunderbare

284 403 536 456 menschen.)
582 403 654 446 lat.
683 403 777 444 175.

281 475 414 517 Erant
452 475 531 517 duo
570 475 720 517 fratres
759 472 944 515 carnales
985 486 1089 515 1111113
1123 472 1295 515 clericus
1329 477 1369 515 et
1402 473 1505 516 alter
1537 473 1678 516 laicus
1733 473 1850 525 (Drei

282 546 567 592 buohstaben.)
616 559 743 599 germ.
768 545 835 586 ‘2st

284 617 532 671 Sagittarius
566 617 733 671 quidam
766 629 936 671 parvam
973 615 1176 658 aviculam
1210 616 1376 671 capiens
1408 616 1574 659 nomine
1600 616 1848 672 philomena.

283 689 400 739 (Drei
432 688 671 731 weisheiten
702 687 877 738 lehren.)
925 687 997 729 lat.
1024 687 1118 729 167.

281 759 474 802 Barlaam
507 763 650 801 narrat
681 759 788 813 quod
822 762 1012 813 peccator
1045 762 1107 800 est
1139 757 1285 800 similis
1317 758 1474 800 homini
1507 759 1575 813 qui
1604 772 1697 801 cum
1718 759 1849 801 timet.

283 831 467 885 (Honig.)
514 830 585 872 lat.
613 830 707 871 168.

224 936 232 945 .
280 902 367 945 Rex
410 903 640 944 dannorum
680 905 763 943 tres
796 914 912 954 reges
947 901 1014 955 qui
1049 900 1168 943 stella
1201 901 1302 943 duce
1335 901 1385 943 ab
1418 902 1575 944 oriente
1606 900 1849 944 Jerusale'm.

283 973 405 1026 (Heil.
432 974 519 1015 drei
551 973 733 1026 kOnige.)
782 972 851 1014 lat.
875 973 944 1013 47.

223 1080 231 1088 .
280 1045 421 1088 Refert
461 1044 640 1087 valerius
682 1044 789 1098 quod
830 1043 1048 1096 ezelongus
1088 1043 1229 1085 consul
1271 1043 1399 1085 edidit
1438 1057 1512 1100 pro
1552 1044 1641 1097 lege
1678 1043 1712 1085 si
1746 1043 1849 1098 quis.

282 1116 527 1169 (Zaleucus.)
575 1116 645 1158 lat.
670 1117 738 1157 50.

280 1188 422 1230 Refert
443 1187 649 1243 Josephus
682 1186 789 1240 quod
822 1185 1007 1241 tyberius
1041 1198 1156 1227 cesar
1188 1187 1405 1240 requisivit
1435 1199 1507 1228 6111
1529 1186 1849 1242 provinciarum.

282 1259 498 1312 (Fliegen.)
545 1258 616 1300 lat.
641 1258 708 1299 51.

280 1331 421 1373 Refert
442 1329 648 1385 Josephus
680 1329 722 1370 in
754 1328 859 1370 libro
893 1327 942 1370 de
969 1329 1104 1370 causis
1127 1342 1264 1371 rerum
1287 1329 1538 1372 naturalium
1566 1329 1673 1384 quod
1694 1329 1852 1371 invenit

280 1401 380 1443 Noe.
429 1400 577 1454 (Wein,
612 1401 698 1443 viel·
731 1399 1070 1453 eigensehaften.)
1119 1400 1190 1442 lat.
1218 1401 1313 1442 159.

282 1473 456 1523 Quidam
504 1472 616 1514 lusor
665 1485 882 1514 occurrens
930 1471 1049 1513 beato
1089 1471 1329 1514 Bernhardo
1371 1472 1572 1527 equitanti
1612 1471 1718 1514 dixit
1759 1471 1849 1514 sibi.

283 1544 358 1597 (St.
381 1543 595 1586 Bernhard
627 1544 711 1585 und
745 1543 817 1585 der
850 1543 1031 1598 spieler.)
1079 1543 1150 1585 lat.
1178 1545 1272 1585 170.

224 1649 232 1658 .
282 1616 479 1671 Adonyas
514 1615 718 1669 quendam
752 1614 880 1657 filium
916 1615 1238 1670 pulcherrimum
1270 1615 1622 1671 sapientissimum
1653 1614 1852 1657 strenuis-

283 1687 447 1729 simum.
498 1686 686 1736 (Justitia
719 1711 772 1714 —
807 1688 920 1741 pair.)
969 1686 1040 1728 lat.
1064 1687 1133 1728 55.

282 1758 367 1800 Rex
386 1772 590 1800 asswerus
608 1758 763 1811 grande
782 1758 1017 1800 convivium
1035 1758 1189 1800 fecerat
1207 1758 1349 1799 amicis
1367 1757 1620 1813 parent-ibus.
1653 1756 1850 1810 (Esther.)

282 1830 352 1872 lat.
382 1830 476 1871 177.

281 1901 515 1956 Pompeyus
549 1901 694 1942 statuit
725 1914 800 1956 pro
831 1901 921 1954 lege
954 1901 1061 1954 quod
1094 1900 1267 1956 quilibet
1297 1900 1414 1942 miles
1438 1903 1740 1955 postmortem.
1789 1899 1850 1951 (In

283 1971 429 2014 waffen
462 1971 698 2025 begraben.)
744 1972 815 2014 lat.
842 1973 938 2013 134.

283 2045 400 2086 Titus
432 2044 475 2084 in
508 2043 675 2085 civitate
707 2043 894 2085 Romana
926 2044 1115 2095 regnavit
1147 2043 1216 2098 qui
1246 2043 1391 2085 statuit
1412 2056 1485 2098 pro
1508 2042 1596 2096 lege
1620 2042 1727 2097 quod
1749 2042 1848 2084 dies.

283 2115 460 2166 (Foeas.)
509 2114 579 2156 lat.
604 2114 672 2155 57.

281 2186 534 2239 Lenegarius
575 2186 765 2239 regnavit
806 2186 875 2240 qui
916 2187 1061 2228 statuit
1092 2200 1167 2242 pro
1198 2186 1288 2240 lege
1320 2185 1427 2240 quod
1460 2186 1692 2241 quicunque
1723 2184 1851 2227 male-

280 2258 424 2299 factor.
475 2257 590 2307 (Drei
623 2257 890 2310 wahrheiten,
923 2257 1031 2309 frei.)
1077 2257 1149 2299 lat.
1174 2258 1242 2300 58.

281 2328 541 2371 Lenucianus
575 2328 764 2381 regnavit
797 2332 942 2383 potens
977 2328 1095 2371 valde
1127 2329 1196 2383 qui
1228 2342 1320 2370 cum
1353 2328 1479 2371 semel
1512 2341 1586 2383 per
1616 2327 1848 2383 imperium.

284 2400 489 2454 (Ingratus
522 2399 606 2441 und
640 2398 803 2450 Guido.)
851 2400 922 2442 lat.
950 2401 1044 2441 119.

225 2505 233 2513 .
283 2471 456 2513 Thosias
498 2471 688 2524 regnavit
729 2471 798 2524 qui
837 2475 921 2513 tres
962 2470 1067 2512 filios
1107 2470 1284 2513 habebat
1322 2483 1422 2525 quos
1469 2469 1646 2512 multum
1691 2468 1849 2511 dilexit.
1910 2500 1914 2503 -

284 2542 560 2594 (Baumerbe.)
610 2555 737 2595 germ.
762 2542 830 2583 81.

284 2613 439 2656 Marius
478 2614 521 2655 in
562 2613 730 2655 civitate
769 2627 941 2655 romana
979 2614 1168 2667 regnavit
1207 2613 1387 2669 prudens
1429 2611 1545 2654 valde
1585 2612 1654 2667 qui
1695 2610 1849 2653 habuit.

285 2684 534 2737 (Jonathas.)
581 2684 652 2725 lat.
680 2684 774 2725 120.

285 2755 531 2798 Jovinianus
563 2756 792 2811 imperator
823 2756 1013 2809 regnavit
1044 2760 1190 2811 potens
1223 2754 1342 2798 valde
1375 2755 1556 2809 quicum
1580 2753 1719 2796 semel.
1765 2752 1851 2805 (Jo-

286 2827 508 2879 vinianus.)
561 2826 632 2868 lat.
657 2827 726 2868 59.

286 2897 455 2940 Sanibal
494 2898 683 2952 regnavit
722 2901 866 2953 pote-ns
899 2898 1017 2940 valde
1050 2899 1118 2953 qui
1151 2903 1310 2941 tantum
1346 2911 1467 2939 unam
1501 2895 1627 2938 filiam
1660 2895 1848 2938 habebat.

287 2969 472 3021 (Redde.)
519 2969 590 3011 lat.
616 2970 684 3011 ⁶20.
