1919 3157
877 71 962 112 419

82 190 248 218 suorum
296 177 460 218 funibus
507 177 639 218 videat
687 191 730 218 se
777 175 1099 230 circumplexum
1147 181 1187 218 et
1230 176 1421 230 ligatum,
1469 178 1616 232 quibus
1663 192 1756 220 mox

82 247 392 302 suspendendus
435 252 497 289 est
535 247 584 288 ad
628 247 774 289 inferni
820 246 1068 301 patibulum,
1113 251 1251 288 tamen
1293 248 1343 289 ad
1383 261 1450 290 eas
1490 249 1755 291 scindendum

80 330 162 359 non
195 318 392 369 extendit,
427 317 613 360 videlicet
648 318 828 371 gladium
862 317 998 370 lingue
1032 331 1103 358 sue
1135 331 1225 358 cum
1256 319 1390 360 verbis
1423 319 1462 360 in
1487 320 1753 362 confessione.

82 388 247 431 Tercius
289 402 383 431 vero
422 388 529 430 tilius
571 389 759 442 designat
798 388 931 433 illum,
973 389 1039 442 qui
1078 388 1305 430 doctrinam
1346 389 1460 431 audit
1492 390 1540 432 de
1574 391 1755 446 paradisi

79 459 229 513 gaudio
271 465 311 502 et
341 460 390 501 de
423 460 570 501 inferni
611 459 834 514 supplicio,
878 464 917 500 et
956 463 1094 500 tamen
1136 473 1208 514 pre
1240 460 1368 501 nimia
1400 461 1573 515 pigricia
1605 462 1756 504 ducens

80 534 231 572 statum
266 543 384 572 suum
418 544 605 585 parvum,
639 530 794 572 scilicet
826 534 1100 585 peccatorum,
1132 534 1173 572 et
1204 544 1284 572 non
1318 531 1471 573 deserit
1495 532 1544 573 ad
1568 532 1754 574 dextram

80 601 329 656 premiorum
365 615 504 643 amore
537 607 577 643 et
608 601 811 643 desiderio
844 605 1101 652 convertere,
1135 614 1208 642 nec
1241 601 1292 642 ad
1324 602 1554 656 sinistram,
1588 608 1633 645 ut
1664 616 1756 658 pec-

79 676 214 713 catum
247 672 429 714 dimittat
461 672 605 714 saltem
641 678 751 714 metu
784 676 824 714 et
854 676 1010 714 terrore
1042 671 1304 714 infernalium
1339 676 1649 715 tormentorum.

752 902 854 945 CAP.
875 903 942 944 92.
978 903 1081 953 (84.)

341 988 541 1035 Christus
578 989 704 1050 eleye't
740 991 858 1034 mori
885 994 1073 1049 propter
1110 990 1246 1034 vitam
1283 994 1496 1034 nostram.

193 1068 448 1169 Lesgitudde
480 1098 655 1152 quodam
689 1111 797 1151 rege,
831 1098 899 1152 qui
932 1096 1074 1138 habuit
1105 1110 1275 1139 uxorem
1309 1097 1475 1138 nomine
1507 1095 1753 1139 Corneliam.

75 1167 240 1209 Accidit
270 1168 446 1222 quadam
479 1169 578 1222 vice,
614 1169 720 1223 quod
752 1169 793 1209 in
827 1173 960 1210 castro
993 1168 1100 1221 regis
1133 1167 1207 1210 sub
1240 1167 1418 1222 quodam
1452 1181 1570 1210 muro
1598 1168 1754 1210 inventi

74 1237 242 1281 fuerunt
272 1239 351 1281 duo
383 1244 609 1295 serpentes,
645 1253 750 1281 unus
782 1238 1001 1292 masculus,
1033 1238 1165 1281 altera
1194 1238 1371 1281 femella.
1434 1237 1548 1289 Quod
1586 1239 1755 1280 audiens

75 1322 149 1351 rex
181 1310 454 1364 interrogavit
486 1325 508 1352 a
541 1311 626 1352 suis
657 1310 867 1364 magistris
899 1314 940 1352 et
970 1309 1218 1362 doctoribus,
1257 1309 1353 1363 quid
1385 1309 1461 1351 hoc
1491 1308 1755 1363 significaret,

75 1383 116 1422 et
142 1380 350 1434 dixerunt,
383 1381 476 1423 illos
509 1386 720 1437 serpentes
741 1381 893 1423 ibidem
915 1380 1043 1424 latere
1064 1381 1106 1423 in
1128 1382 1291 1434 signum
1313 1381 1458 1422 mortis
1481 1381 1558 1422 viri
1581 1380 1645 1422 vel
1665 1394 1755 1422 mu-

73 1450 201 1505 lieris,
225 1455 265 1494 et
297 1452 512 1494 dixerunt:
548 1452 590 1495 Si
624 1453 877 1495 occideretur
899 1452 1119 1504 masculus,
1151 1452 1213 1493 vir
1245 1455 1488 1505 moreretur,
1522 1456 1563 1494 et
1593 1451 1627 1493 si
1651 1451 1754 1494 occi-

75 1521 240 1564 deretur
262 1536 431 1578 serpens
450 1523 626 1577 femella,
645 1537 750 1565 uxor
767 1527 1008 1565 moreretur.
1042 1522 1128 1573 Quo
1155 1522 1294 1564 audito
1317 1536 1388 1565 rex
1412 1522 1536 1564 dixit:
1559 1521 1754 1565 Occidere

74 1593 300 1636 masculum
334 1599 565 1650 serpentem
601 1599 641 1636 et
671 1594 878 1636 femellam
899 1595 1055 1636 vivere!
1089 1593 1193 1644 Quia
1213 1593 1412 1636 libencius
1435 1593 1557 1636 vellet
1578 1597 1751 1636 mortem

74 1677 204 1718 suam,
238 1678 360 1719 quam
391 1670 564 1708 mortem
599 1666 738 1707 uxoris
771 1679 855 1718 sue,
889 1669 929 1707 et
960 1665 1176 1718 assignans
1209 1678 1372 1707 causam
1408 1665 1532 1706 dixit:
1573 1663 1616 1707 Si
1648 1677 1753 1706 uxor

73 1748 165 1778 mea
197 1736 317 1789 vivit,
351 1740 490 1791 posset
520 1736 670 1778 multos
702 1736 807 1778 filios
840 1736 1085 1791 producere,
1126 1737 1194 1791 qui
1226 1741 1401 1792 possunt
1430 1736 1472 1778 in
1503 1749 1630 1790 regno
1661 1749 1751 1778 meo

73 1806 302 1860 succedere,
336 1807 444 1861 quia,
478 1808 510 1849 si
543 1808 635 1863 ipsa
666 1811 908 1861 moreretur,
940 1821 1113 1861 regnum
1144 1807 1334 1850 heredem
1368 1821 1450 1849 non
1482 1806 1662 1849 haberet.

190 1877 424 1931 Carissimi‚
457 1879 534 1920 iste
566 1893 639 1921 rex
671 1884 733 1922 est
765 1879 953 1921 dominus
985 1883 1125 1921 noster
1156 1878 1296 1921 Ihesus
1329 1877 1539 1931 Christus,
1575 1879 1644 1933 qui
1676 1891 1751 1919 nos

72 1950 179 2003 regit
218 1949 325 1991 sicut
361 1963 456 2003 rex,
502 1950 616 2003 cujus
655 1964 760 1992 uxor
798 1954 887 1992 erat
925 1949 1106 1991 humana
1145 1953 1315 2003 natura,
1359 1949 1516 1991 scilicet
1550 1950 1593 1991 in
1633 1952 1749 1990 utero

72 2020 242 2074 virginis
274 2019 476 2075 copulata.
542 2019 621 2062 Sed
654 2021 697 2062 in
719 2021 793 2062 hoc
825 2021 977 2062 mundo
1011 2020 1127 2075 quasi
1159 2021 1201 2062 in
1222 2020 1300 2062 hac
1323 2020 1443 2062 domo
1466 2020 1585 2074 hujus
1608 2020 1749 2075 sponsi

72 2090 151 2132 duo
197 2095 407 2146 serpentes
455 2091 621 2133 fuerunt
671 2090 759 2146 [76]
808 2092 965 2134 inventi
1012 2091 1168 2133 scilicet
1204 2090 1307 2144 legis
1347 2091 1515 2146 antique
1554 2095 1595 2134 et
1630 2104 1746 2133 nove.

72 2159 250 2216 Serpens
271 2161 437 2204 femella
459 2166 546 2204 erat
568 2162 797 2215 benignitas
820 2162 957 2204 divine
979 2162 1272 2204 misericordie.
1335 2161 1422 2204 Hec
1442 2175 1546 2204 uxor
1568 2162 1749 2204 humana

70 2235 219 2274 natura
249 2233 386 2275 vivere
418 2246 490 2287 per
511 2234 691 2286 graciam
722 2246 801 2275 non
836 2234 1049 2289 potuisset,
1082 2233 1153 2275 sed
1185 2246 1361 2287 sponsus
1383 2233 1539 2275 scilicet
1560 2232 1747 2275 Christus

71 2301 194 2357 elegit
239 2304 317 2346 sibi
356 2307 528 2345 mortem
571 2305 613 2346 in
660 2317 799 2358 cruce,
847 2310 892 2345 ut
937 2304 1117 2345 humana
1162 2308 1313 2345 natura
1358 2304 1527 2346 viveret.
1603 2303 1747 2345 Eciam

69 2377 206 2428 potest
235 2374 342 2416 hunc
374 2388 539 2416 sensum
573 2374 782 2430 applicare
813 2374 863 2417 de
895 2388 1017 2417 carne
1050 2378 1090 2416 et
1121 2374 1291 2429 spiritu3
1333 2375 1391 2417 ita
1422 2377 1604 2430 oportet,
1638 2373 1746 2428 quod

71 2456 165 2486 caro
198 2449 409 2499 tamquam
443 2445 649 2487 masculus
681 2446 957 2488 infructuosus
989 2445 1209 2488 occidatur.

733 2674 1064 2726 CAP.93.(85)

408 2761 482 2807 De
518 2760 755 2806 hereditate
791 2767 831 2806 et
860 2761 1030 2820 qaudio
1054 2760 1208 2820 fidelis
1245 2762 1402 2806 anime.

186 2867 359 2918 Quidam
401 2872 547 2924 potens
587 2868 776 2910 dominus
816 2868 917 2910 duos
948 2867 1054 2909 filios
1085 2881 1179 2910 suos
1211 2868 1325 2910 misit
1365 2867 1416 2909 ad
1457 2866 1658 2920 studium,
1698 2870 1744 2909 ut

21 2984 25 2987 ,
69 2938 281 2982 studerent
317 2943 358 2982 et
389 2939 633 2995 proficerent
662 2943 703 2981 et
734 2952 784 2980 ex
816 2938 890 2980 hoc
922 2938 1173 2993 prebendam
1210 2938 1454 2994 optinerent.
1517 2937 1741 2980 Transacto

1385 3011 1463 3047 27*

1783 1005 1825 1039 10

1782 1386 1824 1421 15

1778 1743 1823 1777 20

1775 2097 1819 2131 25

1772 2450 1818 2484 30
