1949 3162
984 54 1071 96 544

180 167 240 207 leo
272 166 440 219 ruqiens
473 162 633 213 circuit,
670 176 842 216 querens
876 175 996 215 quem
1027 162 1205 210 decoret,
1240 167 1277 199 et
1299 158 1502 213 quosdam
1524 165 1569 197 ut
1591 158 1710 198 datos
1731 163 1879 196 mactet

181 245 216 278 et
237 238 324 276 sine
345 249 416 289 spe
437 234 641 274 reddendi
658 235 940 273 incarceratos
962 231 1043 271 sibi
1062 232 1250 280 retineat,
1286 230 1490 283 quosdam
1510 236 1556 268 ut
1576 227 1879 268 commendatos

181 308 237 347 ad
277 314 435 360 tempus
472 311 649 344 maceret
679 311 715 344 et
745 303 921 357 affligsat.
972 301 1060 342 Nec
1093 302 1166 341 diu
1195 308 1291 354 post
1322 300 1413 350 ille,
1456 313 1536 353 quo
1569 299 1759 338 demones
1797 310 1878 351 pro

180 377 364 418 vehiculo
413 374 655 425 utebantur,
707 373 916 414 consimili
951 373 1089 426 patris
1129 372 1425 425 imprecatione
1464 371 1509 409 in
1546 369 1728 409 ‘medium
1765 368 1878 418 exiit,

134 454 156 488 5
183 456 219 488 et
250 448 351 501 quia
382 460 473 486 cum
505 453 652 500 raptus
679 452 768 484 erat
797 443 971 495 majoris
1000 441 1346 496 perfectiorisqve
1368 440 1635 480 discrecionis
1658 445 1879 489 exstiterat,

170 518 342 571 fidelius
364 531 412 556 ac
432 515 752 570 ioztellzyi'hi'lzus,
778 528 856 568 que
884 514 1001 567 apud
1022 514 1210 552 demones
1229 510 1493 566 yet'ebant·ur,
1518 511 1718 564 exposuit.
1755 509 1880 548 Asse-

182 588 310 638 rebat,
332 587 459 639 juxta
481 588 714 641 predictam
737 586 871 625 locum
891 585 938 623 in
960 583 1227 623 subterranea
1251 597 1373 636 specu
1393 581 1609 635 palacium
1631 594 1715 620 esse
1738 579 1880 630 latum,

181 661 227 699 in
260 657 376 710 cujus
408 658 525 697 aditu
547 657 688 709 janua
720 663 790 706 est,
825 663 860 695 et
892 654 1045 694 ibidem
1078 654 1254 707 quedam
1287 652 1532 702 obscuritas,
1566 652 1623 691 ad
1644 664 1770 704 quam
1792 663 1884 689 cum

183 737 323 769 mutuo
367 728 600 782 applausu,
642 735 866 781 postquam
903 726 1091 764 demones
1125 723 1236 764 orbis
1267 731 1408 777 partes
1435 722 1744 777 percurrerint,
1785 735 1883 760 con·-

117 809 159 841 10
184 801 367 850 veniunt,
402 806 439 838 et
471 799 574 852 quid
606 799 761 852 eyerint
785 795 1015 848 majoribus
1048 796 1134 834 suis
1156 795 1369 833 nunciant.
1429 792 1578 833 Verum
1599 792 1706 832 lianc
1721 791 1887 846 palacii

186 871 494 911 consistentiam
535 869 676 908 nullus
709 875 853 922 preter
890 868 1005 920 ipsos
1045 873 1082 905 et
1119 880 1206 915 eos,
1248 866 1322 918 qui
1354 871 1559 918 perpetuo
1597 861 1886 902 damnacionis

175 942 281 996 juyo
314 942 358 980 in
392 941 610 979 demonum
642 939 898 977 transierunt
922 937 1237 992 proprietatem.

303 1011 373 1051 Ea*
399 1011 627 1065 predictis,
668 1009 899 1058 carissimi,
933 1008 1164 1061 informari
1188 1020 1434 1061 possumus,
1475 1012 1521 1044 ut
1551 1019 1643 1044 cum
1674 1001 1886 1057 aliquibus

185 1084 231 1123 in
251 1082 386 1136 factis
419 1081 572 1120 nostris
605 1079 967 1120 contrarietatibus
1000 1076 1312 1118 advenientibus
1344 1076 1609 1130 impedimur,
1643 1088 1728 1114 non
1748 1074 1887 1114 statim

119 1159 161 1193 15
187 1152 400 1193 diabolum
433 1159 505 1191 aut
536 1150 622 1203 ejus
656 1149 866 1204 quodlibet
898 1150 1104 1189 ancilium
1135 1150 1385 1198 invocemus,
1418 1160 1549 1200 neque
1567 1145 1791 1199 familiam
1810 1157 1886 1184 no-

187 1232 316 1265 stram
356 1223 545 1277 quamvis
584 1222 629 1261 in
672 1220 813 1274 aliquo
857 1220 1160 1273 delinquentem
1197 1217 1363 1258 diabolo
1398 1217 1744 1266 commendemus,
1787 1215 1889 1269 quia

190 1296 265 1350 qui
295 1293 377 1333 sibi
407 1292 730 1342 commendatur,
764 1292 809 1330 in
842 1304 1016 1345 corpore
1047 1291 1181 1344 ¹magis
1213 1290 1347 1329 studet
1378 1296 1501 1342 atque
1533 1287 1817 1327 contrariatur
1839 1285 1888 1324 de

190 1364 384 1420 operibus
418 1363 549 1413 bonis,
585 1377 662 1416 que
701 1362 820 1402 liomo
851 1370 989 1416 posset
1020 1369 1116 1401 tunc
1149 1361 1320 1415 operari
1348 1361 1394 1399 in
1425 1366 1568 1409 niente,
1603 1371 1777 1412 sperans
1809 1355 1888 1396 ali—

191 1436 294 1491 quid
323 1435 598 1490 proprietatis
629 1435 676 1473 in
696 1440 827 1472 mente
852 1433 1086 1487 possidere,
1123 1432 1197 1485 qui
1220 1432 1381 1471 cautius
1403 1429 1645 1479 insidiatur,
1678 1435 1724 1468 ut
1744 1427 1891 1481 rapiat

120 1514 165 1548 20
187 1520 417 1562 pauperem
449 1506 634 1544 animam
664 1518 741 1558 per
768 1511 985 1558 peccatum
1016 1502 1228 1556 infectam,
1262 1509 1308 1541 ut
1339 1500 1522 1540 attrabat
1543 1514 1632 1539 eam
1662 1500 1708 1538 in
1732 1511 1889 1552 penam

191 1586 228 1618 et
259 1577 568 1617 damnationem
596 1582 843 1629 perpetuam
874 1575 919 1614 in
952 1574 1088 1613 lacum
1120 1574 1283 1613 miserie
1316 1579 1352 1611 et
1378 1571 1508 1611 lutum
1527 1570 1654 1624 fecis,
1690 1569 1890 1624 quoniam

189 1648 251 1689 ibi
282 1656 340 1688 est
370 1648 445 1687 nim
470 1653 698 1701 perpetua,
738 1645 893 1699 ylaceies
926 1646 1124 1685 continua
1155 1650 1370 1684 attestante
1408 1641 1522 1682 beato
1557 1640 1653 1692 Iob,
1695 1641 1770 1694 qui
1808 1640 1888 1679 ait:

191 1718 262 1760 Ibi
292 1720 497 1759 transitur
529 1717 579 1756 ab
613 1717 736 1770 aquis
767 1717 927 1755 nivium
959 1716 1016 1755 ad
1047 1715 1227 1755 calorem
1256 1715 1433 1754 nimium
1472 1720 1510 1753 et
1540 1726 1559 1752 e
1591 1719 1758 1762 contra,
1801 1710 1890 1750 illic

193 1790 372 1830 cristalli
402 1789 525 1843 copia
558 1795 594 1827 et
623 1801 842 1840 nunquam
872 1786 971 1826 solis
997 1787 1223 1840 presentia.
1274 1784 1493 1825 Cristallus
1515 1782 1724 1837 speculum
1758 1788 1794 1821 et
1812 1780 1890 1834 fa-

121 1865 167 1900 25
193 1863 295 1901 ciem
336 1860 613 1900 clariss-imam
652 1865 789 1897 sancte
829 1858 1030 1896 trinitatis
1070 1856 1298 1911 siynzficat,
1338 1855 1550 1910 speculum
1591 1855 1766 1907 inquam
1803 1853 1891 1892 sine

192 1931 379 1981 macula,
412 1932 458 1970 in
491 1943 570 1984 quo
603 1936 842 1968 sanctorum
874 1928 1118 1982 anyelorum
1150 1927 1350 1967 eaeercitus
1382 1926 1521 1965 videre
1555 1924 1804 1978 conqaudet,
1844 1923 1892 1962 in

191 2002 373 2056 infernis
403 2001 519 2040 nullo
553 2007 733 2053 tempore
762 2013 839 2053 per
869 1998 1202 2038 misericordiam
1233 1996 1449 2045 illucebat5
1491 1996 1563 2035 sed
1600 1994 1689 2035 illic
1721 2001 1780 2034 est
1810 1994 1891 2033 cri-

193 2073 308 2113 stalli
332 2072 564 2126 penitentia
595 2071 622 2110 i.
649 2085 678 2110 e.
701 2071 814 2124 iqnis
845 2068 1123 2109 intolerabilis
1154 2075 1358 2123 perpetua
1389 2068 1526 2122 copia,
1563 2067 1609 2106 in
1643 2079 1726 2119 qua
1757 2064 1892 2104 homi-

192 2145 259 2183 nis
281 2143 378 2195 filia
409 2144 436 2182 i.
462 2157 491 2182 e.
516 2142 745 2196 peccatoris
779 2141 979 2180 damnata
1011 2141 1156 2179 anima
1185 2153 1271 2179 non
1302 2138 1436 2179 solum
1466 2137 1674 2192 septennis
1698 2135 1770 2175 sed
1790 2149 1892 2175 sem-

124 2220 170 2254 30
189 2215 371 2269 piternis
403 2212 625 2267 suppliciis
657 2212 841 2251 traditur
871 2211 1111 2250 crucianda.

931 2436 1034 2478 CAP.
1062 2437 1158 2478 163.

665 2520 804 2583 [137]
844 2524 919 2568 De
955 2525 1114 2568 timore
1150 2522 1428 2566 inordinato.

317 2633 560 2674 Alexander
590 2634 795 2686 remeavit,
835 2633 910 2686 qui
939 2633 1109 2671 unicum
1128 2630 1271 2682 filium
1300 2630 1464 2669 nomine
1496 2626 1742 2668 Celestinum
1771 2625 1893 2666 liabe-

200 2704 282 2756 bat,
317 2719 436 2759 quem
466 2704 640 2743 ‘multum
671 2703 826 2742 dilevit.
874 2702 924 2741 In
947 2703 1086 2742 animo
1110 2715 1183 2741 suo
1207 2699 1436 2754 coqz'tabat:
1470 2699 1636 2739 Bonum
1659 2705 1728 2748 est,
1752 2696 1894 2749 filium

129 2783 174 2816 35
198 2790 332 2815 meum
364 2776 421 2815 ad
452 2773 775 2814 doctrinandum
808 2773 918 2812 dare.
976 2772 1148 2812 Vocavit
1180 2771 1386 2825 quendam
1416 2767 1713 2824 philosophum
1744 2774 1782 2807 et
1811 2767 1892 2806 ait:
1948 2772 1949 2791 ἰ

201 2845 419 2899 blaqister,
453 2846 595 2899 accipe
615 2844 756 2896 filium
787 2858 921 2882 meum
944 2843 1000 2882 ad
1021 2843 1345 2882 doctrinandum
1367 2848 1404 2880 et
1424 2839 1530 2880 dabo
1553 2838 1630 2879 tibi
1649 2838 1897 2879 mercedem!

200 2915 258 2955 At
288 2916 377 2955 ille:
418 2915 613 2965 Domine,
641 2921 785 2968 presto
819 2928 909 2952 sum
939 2913 1147 2953 voluntati
1183 2920 1313 2952 vestre
1346 2925 1428 2966 per
1467 2911 1606 2950 omnia
1637 2908 1890 2961 satisfacere.
