1919 3157
847 47 928 87 597

708 168 801 223 191,
834 181 981 223 germ.
1006 170 1076 212 53.

171 267 273 310 Erat
311 269 473 323 quidam
517 270 636 311 homo
675 270 742 324 qui
782 270 906 312 semel
947 270 1118 313 debebat
1159 269 1335 311 transire
1373 270 1422 312 de
1469 284 1547 312 uno
1595 284 1720 324 regno

57 338 107 381 ad
146 338 268 381 aliud.
323 339 444 382 Venit
482 341 532 382 ad
577 341 776 395 quendam
820 345 1006 396 pontem,
1048 355 1121 397 per
1160 354 1278 395 quem
1320 341 1495 383 transire
1536 341 1720 384 debebat·

56 410 164 452 Ante
195 424 287 453 eum
321 411 421 452 vidit
452 411 609 453 leonem
643 412 954 465 ferocissimum,
988 426 1037 454 ex
1070 411 1151 453 alia
1183 415 1299 466 parte
1331 411 1476 454 dextra
1508 412 1610 454 vidit
1630 413 1722 454 dra-

56 493 222 534 conem,
263 495 311 523 ex
347 489 463 536 parte
496 483 663 525 sinistra
695 497 819 524 mare.
873 482 975 525 Cum
1016 486 1150 525 autem
1190 482 1261 523 illa
1302 483 1381 524 tria
1412 483 1600 536 vidisset,
1642 497 1722 525 non

55 551 232 594 audebat
263 552 432 594 ulterius
465 554 697 608 procedere,
740 555 892 609 incepit
923 554 1071 596 reverti
1104 553 1281 594 domurn.
1333 553 1387 595 Et
1427 567 1517 596 eece
1555 554 1722 608 angelus

55 622 209 664 domini
241 628 382 665 contra
415 637 506 666 eum
539 625 687 678 stabat,
721 625 954 679 habensque
982 624 1162 678 gladium
1186 624 1445 677 evaginatum
1470 629 1510 667 et
1531 639 1720 667 coronam

53 694 96 735 in
128 707 252 736 manu
284 708 357 736 sua
383 700 422 737 et
445 709 605 737 versum
631 696 756 738 hunc:
792 695 960 752 Sperne,
993 696 1152 749 resiste,
1183 699 1289 749 tene,
1323 700 1477 738 sertum
1502 696 1605 738 dabo
1635 698 1723 738 sine

54 763 163 806 flere.
213 764 309 807 Sors
348 767 473 808 maris
511 771 652 808 nostra
684 768 768 809 fere
800 767 916 808 dolus
949 767 1092 820 anguis
1125 767 1288 820 sagiunt
1319 767 1525 810 miserere.
1575 766 1722 809 Statim

56 835 196 888 homo,
235 849 325 878 cum
369 837 557 891 angelum
593 838 761 880 vidisset
792 843 831 880 et
862 838 937 879 hoc
969 837 1169 890 audisset,
1212 838 1349 879 omnia
1381 838 1562 893 pericula
1594 838 1724 880 evasit

56 907 151 961 quia
181 907 338 950 leonem
373 912 413 950 et
445 909 661 951 draconem
696 909 844 950 occidit
875 913 915 951 et
947 922 1137 951 coronam
1171 908 1221 950 ab
1255 909 1397 962 angelo
1431 910 1598 964 accepit.

172 979 389 1021 Recluccio.
455 979 691 1033 Karissimi,
738 994 811 1035 per
850 980 973 1022 istum
1020 979 1225 1022 hominem
1266 979 1459 1022 debemus
1497 980 1725 1034 intelligere

55 1049 279 1104 quemlibet
320 1055 503 1092 nostrum
546 1052 614 1105 qui
655 1051 777 1093 habet
815 1051 990 1093 transire
1029 1051 1140 1092 omni
1179 1051 1244 1092 die
1277 1065 1417 1093 versus
1451 1052 1626 1106 patriam
1661 1064 1724 1093 ee-

54 1119 198 1163 lestem
231 1134 354 1176 super
387 1125 565 1177 pontem.
621 1121 728 1164 Pons
760 1122 838 1164 iste
870 1125 930 1164 est
962 1122 1047 1163 vita
1077 1121 1275 1176 humana,
1309 1135 1386 1177 que
1419 1126 1481 1164 est
1511 1123 1611 1164 satis
1642 1123 1725 1164 fra-

54 1191 160 1246 gilis,
193 1192 264 1234 sed
295 1193 382 1235 sine
414 1192 536 1235 dubio
569 1193 632 1235 leo
665 1197 727 1235 est
755 1193 953 1246 diabolus,
986 1193 1108 1234 draco
1132 1196 1193 1234 est
1213 1205 1321 1246 caro,
1354 1206 1467 1235 mare
1498 1194 1524 1235 i.
1549 1207 1582 1236 e.
1605 1207 1723 1236 mun-

54 1263 129 1305 dus
161 1276 235 1305 nos
275 1264 507 1319 impediunt
545 1268 741 1318 quantum
783 1268 964 1320 possunt.
1020 1262 1098 1306 Sed
1140 1264 1338 1306 attendite
1379 1264 1412 1305 si
1450 1268 1593 1307 eontra
1630 1265 1722 1307 illos

54 1347 237 1390 pugnare
268 1348 349 1377 non
391 1335 535 1389 vultis,
576 1336 674 1378 deus
713 1339 855 1378 tenens
894 1335 1075 1388 gladium
1114 1335 1139 1376 i.
1175 1349 1207 1377 e.
1241 1338 1486 1390 potestatem
1526 1349 1640 1378 suam
1682 1340 1722 1379 te

54 1405 272 1448 interficiet
310 1406 609 1459 eternabiliter3
655 1407 726 1448 sed
772 1407 806 1448 si
847 1406 948 1448 bene
987 1405 1188 1461 pugnabis
1227 1419 1418 1448 coronam
1465 1407 1547 1449 vite
1584 1411 1722 1450 eterne

55 1476 269 1520 obtinebis.
303 1477 561 1528 Querendum
595 1483 656 1520 est
688 1491 797 1531 ergo,
830 1477 1031 1532 quomodo
1064 1477 1211 1520 debeas
1243 1491 1437 1533 pugnare.
1479 1477 1598 1521 Certe
1629 1479 1721 1521 vide

55 1549 256 1602 quomodo
289 1549 457 1604 angelus
489 1550 613 1592 dixit:
648 1548 804 1605 Sperne
836 1548 922 1591 scil.
945 1548 1097 1590 mundo
1129 1549 1275 1591 resiste
1307 1549 1391 1592 scil.
1416 1549 1603 1605 dyabolo,
1635 1553 1721 1593 tere

54 1633 230 1663 carnem.

699 1814 798 1869 19⁶2,
831 1826 977 1868 germ.
1001 1814 1075 1856 56.

173 1916 380 1958 Adrianus
419 1916 624 1970 regnavit,
666 1916 735 1969 qui
773 1915 886 1958 dives
927 1918 1014 1957 erat
1050 1914 1188 1968 valde,
1232 1915 1274 1956 in
1312 1918 1470 1957 tantum
1504 1915 1610 1970 quod
1643 1915 1720 1958 sibi

57 1987 265 2030 basilicam
299 1990 571 2039 construeret3
605 1987 646 2028 in
670 1986 937 2028 fundamento
970 1999 1064 2028 vero
1097 1985 1262 2040 pallacii
1282 1985 1464 2028 fodiebat
1495 1991 1535 2029 et
1565 1987 1722 2029 invenit

57 2058 340 2113 sarchofagum
372 2072 540 2100 aureum
574 2058 703 2100 tribus
735 2057 897 2099 circulis
929 2057 1225 2099 circumdatum
1257 2060 1298 2099 et
1327 2057 1421 2099 talis
1454 2061 1542 2100 erat
1578 2072 1719 2114 super-

57 2130 246 2186 scriptio:
282 2129 486 2185 Expendi,
521 2129 694 2182 servavi,
727 2129 889 2181 donavi,
921 2128 1057 2182 habui,
1090 2129 1237 2184 recepi,
1270 2129 1442 2184 perdidi.

174 2202 405 2243 Mor-aliter.
458 2200 694 2253 Karissimi,
733 2201 810 2242 iste
850 2200 1075 2254 imperator
1107 2204 1169 2242 est
1200 2199 1371 2254 quilibet
1402 2199 1531 2242 bonus
1561 2201 1720 2243 cristia-

57 2285 133 2314 nus
165 2276 239 2314 ete.
289 2270 404 2326 [Fast
433 2271 617 2314 wortlich
650 2271 725 2313 wie
754 2270 825 2312 lat.
853 2269 936 2324 16.]

701 2535 801 2589 193,
834 2545 979 2588 germ.
1003 2535 1078 2578 59.

174 2636 357 2679 Herodes
388 2637 588 2690 regnavit,
621 2636 689 2690 qui
719 2635 847 2678 filiam
879 2635 1090 2691 pulchram
1123 2635 1299 2678 habebat
1320 2649 1440 2691 quam
1464 2636 1567 2678 miro
1598 2635 1719 2678 modo

61 2709 224 2763 dilexit,
264 2722 386 2763 quam
418 2721 522 2749 unus
552 2707 669 2749 miles
702 2707 750 2750 de
783 2707 867 2749 suis
898 2707 1042 2749 intime
1083 2707 1248 2761 dilexit,
1291 2707 1361 2750 sed
1393 2707 1467 2748 hoo
1508 2707 1720 2750 ostendere

59 2793 140 2822 non
172 2779 359 2822 audebat.
406 2778 588 2829 Quodam
621 2778 686 2820 die
718 2778 822 2820 vidit
852 2791 940 2820 eam
973 2777 1122 2832 solam,
1162 2779 1273 2820 venit
1310 2778 1361 2820 ad
1399 2791 1485 2820 eam
1525 2781 1565 2820 et
1595 2778 1718 2820 dixit:

61 2849 94 2892 Ο
126 2850 233 2893 bona
262 2850 417 2906 puella,
457 2850 491 2891 si
529 2849 604 2891 tibi
645 2862 726 2891 non
763 2849 1019 2904 displiceret,
1059 2849 1134 2892 tibi
1171 2850 1397 2906 proferrem
1436 2848 1583 2903 aliqua.
1636 2848 1721 2900 Que

14 2975 18 2979 .
65 2921 140 2964 ait:
172 2921 251 2965 Die
282 2934 359 2976 que
390 2920 465 2963 tibi
496 2920 670 2976 placent,
702 2933 776 2976 per
807 2920 956 2963 omnia.
1009 2919 1086 2971 Qui
1117 2921 1193 2963 ait:
1225 2920 1329 2964 Miro
1359 2924 1400 2962 te
1430 2920 1550 2962 modo
1582 2919 1720 2975 diligo,
