1949 3162
1007 64 1091 105 59ss

219 182 337 223 quam
371 167 579 211 ambulare
611 168 740 212 debet.
794 168 926 212 Senex
959 183 1081 225 super
1111 170 1267 212 foveam
1302 170 1446 212 sedens
1478 174 1539 212 est
1570 170 1755 213 Christus
1786 184 1877 214 cum

218 239 359 281 baculo
391 239 541 293 crucis,
583 253 702 294 quem
735 241 921 282 baculum
954 241 1147 283 debemus
1178 241 1220 282 111
1251 246 1430 284 mentem
1462 255 1621 284 sumere
1653 246 1692 284 et
1721 243 1878 298 passio-

216 323 309 351 nem
341 310 426 363 ejus
459 310 594 365 sepius
626 311 666 352 in
700 315 835 354 mente
867 315 1027 366 tenere,
1067 315 1108 354 et
1145 313 1202 354 sic
1242 326 1459 368 possumus
1498 316 1676 355 castrum
1714 314 1874 367 nigrum

215 381 410 434 invenire,
443 381 469 422 i.
494 395 526 423 6.
550 395 619 423 601
640 386 823 424 1105111111]
847 383 1012 438 plenum
1037 383 1228 438 peccatis,
1262 384 1358 438 quia
1379 384 1420 425 in
1444 384 1582 426 multis
1605 385 1722 426 deum
1753 383 1878 426 offen-

215 452 361 494 dimus.
416 451 531 494 Servi
565 454 632 507 qui
665 458 815 496 exeunt
847 458 941 496 sunt
971 458 1150 509 peccata,
1183 468 1260 510 que
1293 458 1444 497 exeunt
1475 469 1498 496 a
1529 456 1648 498 601116
1679 469 1752 511 per
1783 469 1877 497 con-

214 523 449 577 tricionem,
496 526 536 565 et
574 524 702 567 tradit
747 525 863 567 nobis
904 539 1052 580 equum
1091 527 1254 580 nigrum
1293 527 1319 568 i.
1355 540 1388 568 e.
1421 540 1582 569 carnem
1631 526 1877 569 maculatam

215 595 415 650 peccatis,
454 594 656 637 falconem
694 596 720 638 i.
753 611 787 639 6.
818 596 1111 639 conscienciam
1152 598 1236 640 sive
1277 598 1481 639 racionem
1522 597 1797 652 denigratam,
1837 602 1878 640 et

214 678 355 708 canem
393 665 494 708 bene
540 670 770 709 currentem
808 667 834 709 i.
870 681 904 710 e.
943 667 1194 710 voluntatem
1241 668 1449 723 obliquam
1495 669 1569 711 deo
1615 669 1876 723 contrariam,

213 750 339 779 cornu
370 737 532 791 nigrum
564 738 589 779 i.
615 752 647 780 e.
673 738 937 781 dileccionem
977 739 1041 781 dei
1081 743 1121 781 et
1157 740 1336 794 proximi
1375 739 1677 782 annichilatam.
1730 739 1879 782 Omnia

212 808 284 850 1116
316 822 339 850 6
369 809 489 851 601116
521 810 746 864 peccatoris
778 824 996 865 possumus
1028 811 1243 854 extrahere
1276 825 1347 866 per
1378 811 1565 853 baculum
1593 812 1620 853 i.
1645 825 1677 853 6.
1701 824 1775 866 per
1796 811 1878 853 vir-

212 883 345 921 tutum
378 880 580 934 passionis
613 880 777 922 Christi.
827 881 931 931 Quid
963 886 1061 925 tunc
1093 882 1305 937 sequitur?
1352 882 1471 924 Certe
1503 883 1640 924 omnia
1669 882 1740 924 illa
1769 881 1879 924 mala

212 951 346 992 reddit
385 951 420 992 ei
459 965 484 993 a
522 965 600 1006 quo
640 956 679 994 61
717 966 791 1008 per
827 967 945 1007 quem
978 955 1092 996 fuisti
1123 955 1342 1007 instigatus
1376 954 1426 996 ad
1462 954 1614 996 malum
1646 953 1875 996 faciendum

212 1022 238 1063 i.
263 1036 295 1064 6.
320 1036 392 1077 per
424 1022 664 1078 dyabolum,
705 1027 745 1066 et
776 1024 1071 1067 redundabitur
1109 1026 1150 1067 in
1190 1026 1467 1081 semetipsum.
1522 1025 1644 1067 Sedet
1680 1024 1877 1080 dyabolus

212 1093 255 1134 in
294 1093 437 1135 balneo
476 1094 729 1149 iniquitatis,
775 1096 890 1138 audit
928 1109 1047 1139 canes
1086 1097 1283 1139 latrantes
1331 1097 1381 1138 ad
1427 1110 1591 1139 cervum
1633 1096 1876 1151 capiendum

212 1164 238 1206 i.
272 1178 305 1206 e.
339 1168 571 1219 peccatores
604 1166 801 1208 mundum
834 1172 1061 1222 sequentes.
1100 1168 1310 1224 Dyabolus
1343 1168 1483 1210 statim
1513 1168 1711 1210 mundum
1744 1167 1878 1222 sequi-

212 1239 279 1277 tur
309 1236 334 1277 i.
360 1249 392 1277 e.
417 1236 647 1291 voluptates
678 1238 906 1281 mundanas
938 1240 981 1281 in
1012 1240 1216 1282 infernum
1250 1254 1339 1282 cum
1373 1253 1475 1294 equo
1507 1240 1624 1293 nigro
1647 1239 1674 1281 1.
1699 1252 1732 1281 6.
1757 1251 1878 1280 661116

212 1309 306 1362 post
336 1307 444 1349 diem
471 1307 617 1361 judicii
649 1309 873 1365 dampnata
905 1314 945 1352 et
974 1311 1147 1366 falcone,
1179 1312 1205 1353 i.
1230 1325 1262 1353 e.
1288 1312 1425 1353 anima
1456 1311 1682 1365 denigrata,
1714 1310 1876 1363 nigrum

213 1391 338 1419 cornu
369 1378 394 1419 i.
421 1392 454 1420 e.
479 1392 548 1420 601·
576 1379 834 1435 dyabolicum
867 1385 1009 1423 contra
1041 1383 1159 1424 deum
1192 1383 1441 1424 induratum.
1469 1406 1518 1411 —-
1542 1382 1618 1424 Vel
1640 1381 1758 1424 aliter
1777 1380 1879 1422 illud

212 1453 371 1503 gestum
411 1453 547 1505 potest
584 1451 744 1506 reduci,
790 1453 897 1507 quod
942 1453 1233 1508 imperatorem
1272 1454 1389 1496 illum
1428 1453 1647 1510 dyabolum
1686 1452 1878 1495 debemus

212 1521 460 1575 intelligere,
501 1522 569 1576 qui
608 1522 781 1565 militem
812 1524 838 1565 i.
864 1537 896 1565 e.
920 1525 1099 1579 primum
1132 1530 1289 1581 patrem
1323 1525 1456 1568 Adam
1498 1525 1662 1566 seduxit
1693 1528 1733 1566 et
1763 1537 1878 1565 suam

212 1592 479 1635 hereditatem
519 1593 569 1635 ab
609 1607 654 1635 eo
694 1594 855 1637 auferre
887 1595 1050 1638 volebat
1080 1610 1154 1652 per
1193 1611 1306 1639 esum
1345 1597 1469 1652 pomi.
1523 1596 1595 1638 Ille
1632 1609 1728 1638 vero
1767 1595 1880 1637 dedit

212 1664 384 1719 dyabolo
433 1678 580 1719 equum
628 1666 791 1719 nigrum
838 1666 864 1708 i.
898 1680 930 1709 e.
972 1681 1134 1710 carnem
1176 1682 1292 1710 suam
1338 1669 1379 1710 in
1427 1668 1662 1710 servitutem
1710 1669 1880 1722 propter

211 1739 421 1792 peccatum
457 1736 564 1790 quod
596 1737 814 1791 commisit,
849 1738 955 1780 unde
979 1737 1178 1781 Gen.:.In
1211 1739 1357 1781 sudore
1389 1739 1524 1781 vultus
1555 1739 1615 1780 tui
1647 1741 1722 1780 etc.
1754 1737 1880 1780 Dedit

213 1807 249 1848 ei
281 1807 409 1849 eciam
440 1806 642 1849 falconem
673 1808 836 1862 nigrum
869 1809 895 1851 i.
919 1823 951 1852 e.
976 1811 1155 1852 animam
1187 1811 1387 1865 sedatam,
1425 1824 1567 1853 canem
1599 1810 1761 1863 nigrum
1793 1810 1820 1851 i.
1843 1822 1876 1851 6.

212 1878 418 1920 racionem
452 1878 672 1933 obliquam,
705 1893 831 1922 cornu
862 1881 1038 1934 nigrum.
1086 1882 1221 1924 Cornu
1242 1883 1404 1936 nigrum
1426 1882 1548 1924 habet
1569 1895 1617 1923 ex
1649 1894 1732 1923 una
1762 1883 1879 1936 parte

213 1949 318 1991 sicut
349 1950 461 1991 scitis
494 1963 538 1991 os
576 1950 703 1992 latum
745 1955 784 1993 et
824 1956 1033 2007 apertum,
1075 1967 1148 2008 per
1186 1954 1292 2008 quod
1332 1954 1487 1995 sonitus
1526 1956 1665 2006 exeat,
1706 1966 1757 1995 ex
1798 1952 1880 1994 alia

212 2023 328 2075 parte
360 2020 482 2062 habet
513 2035 556 2063 os
589 2023 774 2064 strictum
808 2037 900 2065 cum
933 2037 1011 2079 quo
1044 2024 1242 2067 sufflatur.
1296 2025 1451 2067 Eodem
1485 2024 1604 2066 modo
1637 2037 1706 2066 cor
1735 2023 1879 2066 huma-

213 2105 310 2132 num
343 2095 383 2133 et
413 2092 608 2148 precipue
640 2094 762 2148 primi
795 2095 977 2149 parentis
1009 2095 1152 2138 habuit
1191 2110 1234 2138 05
1267 2096 1452 2138 5111611111]
1487 2099 1628 2138 6011116
1659 2094 1878 2151 dyabolum

212 2162 254 2203 in
286 2163 494 2205 creacione
527 2177 619 2218 sua,
661 2168 700 2206 et
739 2165 865 2207 eciam
899 2179 967 2208 cor
999 2166 1222 2208 Christiani
1254 2167 1386 2222 primo
1427 2170 1488 2209 est
1525 2167 1713 2209 strictum
1745 2167 1878 2222 primo

212 2246 286 2288 per
318 2234 508 2276 virtutem
543 2235 750 2290 baptismi.
805 2236 885 2279 Sed
923 2237 1120 2292 dyabolus
1158 2238 1255 2280 fecit
1285 2238 1420 2280 Adam
1458 2238 1668 2281 insufflare
1705 2223 1881 2280 hoc⁷est

213 2305 441 2347 consentire
473 2310 653 2361 peccato,
686 2299 793 2350 1111116
825 2308 999 2350 dabatur
1031 2323 1202 2363 magnus
1235 2310 1391 2351 sonitus
1423 2310 1482 2352 ita
1513 2310 1619 2365 quod
1649 2313 1736 2352 tota
1767 2310 1880 2351 curia

213 2376 372 2418 celestis
405 2377 562 2419 audivit
593 2378 753 2432 quando
786 2380 991 2434 peccavit3
1033 2381 1090 2422 sic
1129 2384 1190 2422 est
1221 2381 1270 2423 de
1303 2385 1527 2436 peccatore.
1579 2380 1718 2423 Primo
1757 2381 1880 2423 habet

213 2448 401 2490 strictum
433 2460 514 2501 cor,
548 2449 730 2491 strictam
765 2451 1075 2506 conscienciam,
1109 2452 1179 2494 sed
1212 2452 1373 2507 quando
1396 2452 1533 2494 sufflat
1554 2453 1579 2494 i.
1604 2466 1637 2495 6.
1661 2452 1878 2507 consentit,

213 2518 408 2560 dilatatur
440 2532 509 2561 cor
540 2524 580 2561 et
610 2520 655 2562 fit
686 2534 858 2574 magnus
892 2523 1049 2564 sonitus
1074 2523 1115 2564 in
1139 2527 1360 2578 conspectu
1382 2524 1458 2566 1161.
1499 2523 1647 2566 01111116
1666 2524 1748 2566 1516
1769 2524 1908 2566 mala<

214 2589 385 2644 dyabolo
419 2590 531 2632 dedit
561 2591 603 2632 in
635 2591 814 2646 inferno,
858 2607 1066 2648 quousque
1098 2593 1283 2636 Christus
1316 2599 1484 2637 venerat
1514 2598 1554 2637 et
1585 2608 1658 2637 5116
1687 2595 1879 2651 passione

214 2660 328 2702 illum
350 2661 553 2703 liberavit.
579 2661 750 2704 Studeat
772 2677 867 2717 ergo
884 2665 1163 2720 unusquisque
1179 2665 1447 2708 hereditatem
1472 2679 1586 2708 suam
1608 2666 1635 2708 i.
1655 2680 1687 2708 e.
1706 2679 1878 2720 regnum

213 2731 392 2773 celorum
424 2733 643 2787 custodire,
677 2734 727 2775 ad
760 2735 880 2789 quod.
