1919 3157
856 69 940 109 385

59 176 134 219 deo
174 177 215 218 in
248 176 453 230 baptismo
494 179 632 215 votum
674 174 846 226 fecerat,
887 173 994 228 quod
1036 186 1244 226 nunquam
1286 173 1371 213 viro
1404 172 1737 226 conjungeretur,

59 247 138 288 nisi
176 246 257 288 tria
296 251 572 300 perpetraret:
612 245 789 299 primum
824 250 906 297 est,
939 243 1046 298 quod
1079 248 1338 285 mensuraret
1371 250 1445 284 etc.
1479 242 1554 285 hoc
1587 248 1649 286 est
1678 243 1739 285 fa-

60 317 215 359 mulum
259 323 374 358 tuum
415 317 439 357 i.
471 331 503 357 e.
536 330 699 357 carnem
735 322 845 357 tuam
887 328 1126 356 mensurare
1159 313 1302 365 debes,
1336 318 1533 368 quantum
1567 313 1741 369 deliquit

60 393 100 430 et
132 402 205 444 pro
238 388 349 429 omni
376 386 523 428 delicto
547 400 692 440 penam
719 400 852 439 agere,
887 385 1090 427 elementa
1113 398 1364 437 mensurare,
1398 384 1554 426 scilicet
1575 398 1739 427 carnem

60 464 170 500 tuam
205 458 386 500 domare.
435 457 666 499 Secundum
702 463 763 499 est
795 462 954 498 mutare
997 462 1071 498 etc.
1107 455 1181 497 hoc
1213 459 1275 497 est
1307 455 1433 496 vitam
1467 460 1580 497 tuam
1615 456 1740 498 corri-

60 543 167 583 gere.
217 529 357 584 Equus
398 528 576 569 furiosus
611 533 671 569 est
712 532 922 583 peccator,
965 528 1032 581 qui
1073 527 1113 567 in
1147 526 1328 581 peccatis
1361 531 1594 580 permanet,
1635 526 1743 568 unde

61 604 224 656 oportet
264 600 299 641 ei
341 600 552 655 pocionem
587 599 707 651 (lare,
751 598 907 640 scilicet
947 602 991 639 ut
1029 597 1320 639 contricionem
1355 596 1504 638 habeat
1533 597 1574 638 in
1608 597 1742 650 corde,

61 671 357 713 confessionem
393 671 433 711 in
467 684 549 721 ore,
584 670 907 711 satisfactionem
942 669 982 709 in
1014 682 1151 723 opere,
1184 672 1224 709 et
1256 667 1331 709 hoc
1364 672 1426 709 est
1458 672 1623 709 ventum
1654 681 1744 709 mu-

60 746 162 795 tare,
196 741 302 783 unde
334 740 434 783 Job:
483 741 711 795 Tamquam
746 745 890 782 ventus
923 744 985 781 est
1015 740 1101 781 vita
1134 752 1235 780 mea.
1291 738 1480 780 Tercium
1514 743 1577 780 est
1607 739 1743 792 ignem

62 813 151 855 sine
182 812 336 854 lesione
380 818 564 867 portare:
606 812 711 865 ignis
744 812 819 853 iste
860 818 919 852 est
953 811 1058 863 ignis
1090 810 1273 862 luxurie,
1307 810 1505 863 avaricie,
1539 809 1744 865 superbie,

63 898 140 939 que
172 897 268 939 sepe
309 884 488 925 animam
530 888 567 924 et
612 897 760 938 corpus
804 887 1070 932 consumunt3
1110 881 1181 923 sed
1221 881 1255 922 si
1288 881 1520 934 desideras,
1562 885 1607 922 ut
1637 881 1746 935 ignis

62 955 139 997 iste
170 960 210 997 te
243 968 322 997 non
358 954 489 1007 ledat,
523 959 687 1009 oportet
721 960 763 996 ut
796 951 918 1007 [5712]
952 951 1132 1007 lapidem
1173 953 1215 994 in
1247 952 1380 994 loculo
1413 951 1499 994 scil.
1534 951 1745 994 dominum

61 1030 247 1068 nostrum
283 1026 443 1067 {hesum
477 1024 684 1066 Christum
726 1025 767 1066 in
800 1024 922 1066 corde
962 1023 1113 1065 habeas
1154 1037 1226 1078 per
1259 1037 1385 1079 opera
1429 1023 1661 1074 meritoria;
1708 1028 1748 1065 et

63 1098 98 1139 si
131 1097 280 1139 munde
313 1098 566 1152 portaveris,
599 1109 825 1150 numquam
858 1095 963 1148 ignis
996 1094 1168 1148 alicujus
1201 1095 1357 1150 peccati
1389 1093 1500 1136 ledet
1529 1099 1570 1136 te
1603 1098 1644 1137 et
1674 1108 1748 1150 per

63 1181 316 1223 consequens
349 1168 474 1209 vitam
509 1172 693 1210 eternam
727 1166 944 1209 obtinebis.

733 1397 835 1439 CAP.
871 1398 939 1438 71.
973 1397 1078 1447 (63.)

483 1485 552 1529 De
589 1485 958 1530 remuneracione
996 1489 1139 1528 eterne
1167 1483 1331 1542 patrie.

183 1593 270 1636 Rex
303 1597 404 1645 erat,
438 1593 506 1647 qui
538 1606 733 1646 magnum
767 1592 1000 1634 convivium
1029 1591 1206 1641 fecerat3
1247 1589 1394 1631 deinde
1424 1602 1497 1644 per
1526 1592 1657 1632 totum
1686 1602 1750 1631 re-

65 1678 188 1719 gnum
224 1677 420 1720 precones
453 1663 709 1716 destinabat,
754 1668 799 1705 ut
830 1663 1146 1719 preconizarent
1178 1661 1436 1714 convivium,
1475 1660 1667 1703 videlicet
1706 1665 1752 1703 ut

67 1750 209 1778 omnes
242 1736 534 1790 cujuscumque
567 1735 820 1777 condicionis
853 1734 903 1776 ad
936 1734 1168 1775 convivium
1203 1732 1392 1774 venirent
1424 1735 1465 1774 et
1485 1745 1567 1773 non
1589 1736 1751 1774 tantum

67 1807 301 1849 convivium
334 1806 484 1849 bonum
518 1806 727 1858 haberent,
761 1804 832 1847 sed
866 1809 905 1846 et
937 1805 1108 1846 divicias
1140 1803 1323 1846 infinitas
1355 1803 1600 1846 obtinerent.
1648 1802 1751 1845 Cum

70 1883 205 1921 autem
240 1891 435 1934 precones
469 1891 542 1932 per
574 1891 701 1931 regna
733 1881 772 1918 et
800 1881 937 1919 castra
959 1875 1231 1929 ambularent,
1265 1879 1502 1930 preceptum
1526 1874 1636 1927 regis
1657 1887 1752 1929 pro-

68 1949 310 2003 mulgando,
351 1953 468 1991 erant
507 1953 605 1990 tunc
645 1948 723 1990 duo
757 1947 942 1990 homines
980 1947 1022 1989 in
1063 1961 1144 1989 una
1175 1947 1343 1989 civitate
1380 1949 1615 1999 manentes,
1648 1958 1752 1987 unus

68 2021 147 2062 fuit
178 2021 295 2062 fortis
329 2024 369 2062 et
400 2019 606 2072 robustus,
640 2019 711 2060 sed
743 2023 881 2061 tamen
913 2032 1046 2071 cecuS,
1080 2018 1184 2060 alter
1215 2017 1386 2060 claudus
1419 2020 1459 2059 et
1488 2015 1648 2070 debilis,
1681 2015 1753 2058 sed

71 2092 224 2147 optime
262 2091 438 2133 videbat.
497 2090 614 2132 Dixit
652 2104 770 2132 cecus
809 2090 975 2132 claudo:
1023 2088 1265 2142 Carissime,
1307 2088 1386 2130 heu
1424 2087 1542 2130 nobis
1581 2086 1752 2142 duobus,

72 2176 143 2218 per
174 2167 306 2205 totum
340 2176 512 2216 regnum
545 2161 818 2214 dimulgatum
851 2165 935 2214 est,
980 2160 1088 2215 quod
1119 2173 1191 2202 rex
1225 2159 1299 2201 tali
1331 2162 1517 2214 tempore
1549 2158 1752 2213 optimum

72 2234 303 2276 convivium
337 2233 514 2285 tenebit,
556 2233 606 2274 ad
640 2232 747 2286 quod
785 2246 866 2274 non
899 2236 1060 2274 tantum
1095 2230 1266 2285 quilibet
1297 2230 1463 2272 habebit
1493 2228 1649 2271 cibaria
1678 2242 1753 2284 pro

72 2318 147 2346 sua
180 2304 403 2357 voluntate,
437 2304 509 2346 sed
541 2304 711 2345 divicias
743 2317 913 2357 magnas
947 2302 1129 2358 recipiet.
1179 2302 1241 2344 Tu
1273 2315 1369 2343 vero
1402 2315 1444 2343 es
1477 2300 1646 2343 claudus
1679 2313 1753 2354 ego

72 2389 168 2418 vero
201 2388 333 2428 cecus,
367 2379 408 2418 et
440 2388 537 2428 ergo
570 2375 621 2416 ad
653 2374 754 2416 illud
787 2374 1021 2416 convivium
1055 2388 1136 2415 non
1170 2373 1395 2428 poterimus
1428 2371 1633 2414 accedere.
1682 2370 1754 2412 Ait

1767 465 1788 499 <¹11

1773 820 1817 853 10

1776 1172 1819 1206 15

1778 1739 1822 1773 20

1779 2097 1824 2130 25

72 2446 262 2489 claudus:
297 2445 341 2488 Si
373 2446 589 2488 consilium
622 2459 756 2488 meum
789 2445 949 2498 feceris,
983 2444 1102 2486 ambo
1135 2443 1288 2486 ibidem
1320 2443 1546 2496 veniemus,
1579 2446 1619 2484 et
1649 2441 1753 2483 divi·
1779 2452 1824 2486 30

73 2518 157 2560 cias
195 2522 236 2560 et
273 2518 505 2559 convivium
546 2517 651 2558 sicut
690 2517 814 2558 ceteri
848 2516 1137 2558 obtinebimus.
1191 2514 1418 2570 Respondit
1449 2526 1588 2556 cecus:
1623 2511 1754 2554 Omne

75 2588 289 2631 consilium
323 2588 432 2642 quod
464 2593 526 2630 est
556 2587 674 2629 nobis
707 2587 805 2629 utile
838 2600 927 2628 sum
962 2590 1131 2642 paratus
1164 2585 1402 2640 adimplere.
1459 2584 1532 2626 Ait
1563 2583 1752 2625 claudus:

75 2659 137 2701 Tu
176 2673 218 2702 es
258 2659 377 2701 fortis
417 2663 458 2701 et
489 2659 681 2700 robustus
712 2658 754 2699 in
787 2671 978 2712 corpore,
1019 2671 1092 2710 ego
1124 2670 1221 2698 vero
1254 2656 1400 2698 debilis
1433 2655 1530 2710 quia
1561 2653 1753 2705 claudu83

76 2744 141 2772 me
173 2744 296 2786 super
335 2730 500 2772 dorsum
534 2734 650 2771 tuum
691 2729 895 2784 portabis,
937 2741 1010 2781 ego
1051 2741 1146 2770 vero
1180 2727 1254 2770 tibi
1288 2728 1397 2769 viam
1429 2725 1625 2778 dirigam,
1658 2724 1756 2779 quia

77 2802 177 2844 satis
209 2801 318 2844 clare
349 2801 467 2843 video
507 2805 547 2842 et
584 2800 642 2841 sic
675 2799 793 2841 ambo
827 2799 876 2840 ad
910 2798 1143 2840 convivium
1176 2798 1408 2851 veniemus,
1452 2801 1493 2838 et
1523 2794 1754 2837 mercedem
1779 2805 1825 2840 35

78 2872 183 2915 sicut
222 2873 346 2915 ceteri
385 2871 674 2915 obtinebimus.
724 2870 798 2912 Ait
829 2882 968 2911 cecus:
1001 2869 1135 2911 Amen
1168 2868 1259 2910 dico
1290 2868 1388 2921 tibi,
1423 2867 1625 2922 optimum
1658 2879 1755 2908 con-

173 2954 216 2988 18
240 2953 330 2997 Rex]
356 2959 441 2999 oriy.
459 2954 542 2987 Lex.
639 2952 683 2986 25
709 2949 868 2994 videbat]
895 2955 979 2995 oriy.
998 2949 1148 2983 viderat.

140 3024 360 3061 Oesterley.
385 3025 475 3052 Gesta
496 3024 704 3051 Romanorum.
1433 3012 1477 3047 25
