1919 3157
77 167 140 208 10.

76 310 140 350 11.

76 451 140 494 12.

75 593 141 635 13.

75 736 140 777 14.

76 877 140 919 15.

74 1021 139 1063 16.

75 1163 139 1205 17.

76 1305 140 1347 18.

74 1448 139 1490 19.

72 1591 140 1634 20.

71 1734 140 1776 21.

73 1876 141 1918 22.

72 2019 141 2060 23.

71 2161 140 2203 24.

71 2303 139 2346 25.

71 2445 138 2488 26.

72 2587 140 2629 27.

73 2728 140 2771 28.

73 2870 140 2913 29.

870 62 950 103 247

189 165 354 208 Pictura
387 166 589 222 superbie.
641 167 808 220 Legitur
837 169 878 209 in
902 168 1005 210 libro
1030 168 1197 210 deorum
1223 169 1330 222 quod
1354 168 1555 211 Socrates.
1605 169 1749 223 (Stolz‚

188 237 275 280 drei
309 238 495 289 kronen.)

188 307 354 351 Pictura
394 309 568 351 fortune.
625 308 856 351 Secundum
892 309 1187 365 Tytumlivium
1231 314 1417 353 matrone
1458 310 1748 353 Romanorum.

189 380 401 434 (Fortuna,
436 381 535 422 zwei
569 380 803 433 gesichter.)
858 394 952 436 app.
982 382 1045 422 13.

189 451 385 507 Hystoria
408 451 586 506 quinque
609 464 815 493 sensuum.
859 451 1028 505 Legitur
1051 452 1158 506 quod
1182 452 1289 494 inter
1311 451 1496 505 gentiles.
1538 451 1750 506 (Fortuna,

189 523 215 563 ἴ)
248 521 442 578 quellen.)

188 592 356 635 Pictura
387 592 645 635 humilitatis.
702 592 840 635 Refert
872 592 1001 648 Tytus
1033 593 1167 649 lyvius
1201 594 1307 648 quod
1340 607 1453 636 rome
1485 594 1563 636 fuit
1595 607 1748 636 mensa.

190 663 328 715 (Tisch
362 664 452 706 dem
487 664 732 715 weisesten.)
780 678 876 719 app.
907 665 968 706 12.

190 734 377 777 Historia
407 735 457 777 de
490 735 727 777 ascensione
754 734 921 776 domiui.
970 734 1141 789 Legitur
1163 737 1203 778 in
1228 736 1413 791 hystoria
1435 736 1748 782 atheniensium.

189 806 405 855 (Exilirter
436 806 513 848 mit
544 806 816 854 inschriften.)

187 876 385 933 Hystoria
416 891 491 933 pro
524 877 589 919 die
622 877 810 932 paschae.
860 877 1010 919 Narrat
1032 877 1185 933 plinius
1208 878 1258 920 ad
1281 877 1522 920 Maximum.
1571 877 1752 931 (Gotter-

189 948 310 1001 titel.)

187 1019 385 1076 Hystoria
424 1019 473 1062 de
510 1019 684 1061 fallaciis
723 1020 898 1062 fortune.
956 1020 1212 1073 Augustinus
1258 1021 1321 1062 15.
1352 1020 1456 1063 libro
1489 1021 1539 1063 de
1571 1021 1646 1063 civ.
1671 1021 1749 1063 dei.

190 1090 429 1143 (Chimera.)

188 1162 354 1205 Pictura
386 1162 549 1204 amoris.
598 1161 750 1204 Narrat
781 1161 1004 1216 fulgentius
1037 1162 1077 1204 in
1112 1163 1288 1217 quodam
1321 1162 1426 1205 libro
1459 1163 1508 1206 (le
1537 1164 1663 1217 gestis
1685 1177 1750 1206 ro-

187 1246 416 1276 manorum.
467 1233 626 1286 (Amor,
661 1234 806 1275 winter
840 1233 922 1275 und
955 1236 1166 1285 sommer.)

189 1304 373 1347 Historia
405 1304 454 1346 de
486 1309 667 1360 peccato.
717 1304 806 1346 Dea
829 1304 950 1347 Veste
983 1304 1281 1360 depingebatur
1313 1318 1403 1347 cum
1428 1305 1545 1347 libro.
1596 1305 1751 1360 (Vesta,

151 1387 156 1391 ·
187 1376 283 1418 funs
311 1375 460 1418 blatter
491 1376 568 1418 mit
599 1375 872 1427 inschriften.)

187 1447 354 1490 Pictura
392 1447 635 1503 penitencie.
691 1446 929 1490 Penitencia
967 1447 1268 1503 depingebatur
1308 1447 1349 1489 in
1389 1447 1558 1503 templo.
1616 1447 1752 1496 (Peni-

190 1519 338 1572 tencia‚
371 1519 489 1561 ritter
521 1519 562 1560 in
595 1517 771 1570 waffen.)

188 1590 373 1633 Historia
419 1603 499 1645 qua
539 1590 725 1632 homines
765 1590 806 1631 in
846 1589 1124 1645 prosperitate
1163 1593 1238 1632 etc.
1301 1589 1472 1644 Legitur
1509 1590 1617 1645 quod
1656 1593 1753 1632 sunt

188 1662 334 1717 pisces.
385 1661 595 1717 (Delphin,
628 1660 1018 1703 menschenstimme
1049 1661 1133 1703 und
1166 1661 1411 1713 nordwind.)

187 1732 373 1775 Historia
415 1733 465 1775 de
505 1745 637 1775 cruce.
700 1732 839 1775 Refert
876 1732 1055 1775 valerius
1095 1732 1145 1774 ad
1184 1732 1362 1774 rufinum
1403 1732 1509 1787 quod
1550 1732 1748 1787 panicius.

190 1804 507 1858 (Hangebaum.)
554 1804 624 1846 lat.
650 1804 718 1846 33.

189 1875 387 1932 Hystoria
418 1875 525 1930 quod
559 1875 759 1931 dyabolus
787 1875 945 1917 invidet
967 1879 1042 1917 etc.
1089 1875 1242 1917 Narrat
1263 1874 1416 1931 plinius
1439 1874 1547 1929 quod
1570 1877 1632 1916 est
1653 1887 1750 1929 que-

189 1947 284 1989 dam
315 1947 449 1990 arbor.
499 1947 724 1999 (Theriak.)
772 1960 900 2001 germ.
928 1947 999 1998 173
1038 1946 1109 1988 lat.
1138 1947 1267 1988 176α.

188 2017 304 2068 Quod
335 2018 513 2061 libenter
544 2018 742 2074 dyabolus
768 2018 989 2060 insidiatur
1012 2022 1086 2059 etc.
1135 2017 1338 2060 Narratur
1360 2018 1467 2072 quod
1489 2017 1597 2059 inter
1621 2016 1750 2073 philo-

188 2103 366 2132 menam.
417 2088 650 2143 (Nachtigal
683 2089 766 2131 und
799 2090 946 2141 krote.)
1000 2103 1094 2145 app.
1120 2090 1187 2131 32.

188 2160 385 2216 Hystoria
415 2161 465 2203 de
497 2161 688 2216 passione
720 2161 847 2203 cristi.
894 2160 1042 2203 Fertur
1068 2160 1271 2215 quendam
1293 2161 1420 2203 fuisse
1442 2161 1746 2215 imperatorem.

189 2231 403 2284 (Entfiihrt
434 2232 517 2274 und
549 2232 805 2284 beschenkt.)
853 2232 923 2274 lat.
952 2234 986 2274 1.

186 2303 383 2359 Hystoria
415 2303 464 2345 de
489 2303 646 2357 judicio
681 2307 878 2346 extremo.
926 2303 1035 2346 Nota
1064 2303 1170 2358 quod
1193 2306 1368 2357 quatuor
1391 2302 1749 2356 ewangelistarum

186 2374 294 2417 libri.
349 2373 462 2426 (Vier
495 2374 766 2428 evangelicu.)

185 2444 354 2488 Pictura
383 2445 508 2487 trium
542 2445 827 2487 condicionum
861 2449 936 2488 etc.
986 2445 1138 2487 Narrat
1170 2445 1340 2487 Ovidius
1372 2445 1414 2486 in
1446 2444 1551 2487 libro
1584 2458 1746 2498 magno.

187 2515 417 2573 (Spielball‚
450 2515 680 2567 Atalante.)
728 2516 798 2558 lat.
824 2517 892 2558 60.

188 2587 250 2630 De
289 2587 422 2630 tribus
463 2586 713 2629 vanitatibus
745 2587 900 2629 mundi.
954 2586 1107 2629 Narrat
1139 2587 1308 2629 Ovidius
1340 2587 1382 2629 in
1414 2586 1518 2629 libro
1552 2586 1746 2629 metham.

187 2657 408 2710 (Sirenen.)
456 2672 550 2714 app.
575 2659 643 2699 41.

188 2728 374 2772 Historia
412 2729 461 2772 de
499 2729 678 2771 domina.
736 2728 906 2783 Legitur
942 2729 1164 2772 secundum
1198 2730 1429 2783 remigium.
1487 2728 1638 2779 (Briefe
1670 2742 1748 2771 von

188 2800 276 2843 vier
307 2801 518 2855 konigen.)
566 2813 661 2856 app.
686 2801 753 2842 31.

188 2871 373 2914 Historia
404 2872 454 2914 de
485 2872 653 2914 domina
685 2872 924 2927 peccatrice.
973 2871 1112 2914 Refert
1133 2871 1330 2914 Romulus
1361 2871 1402 2913 in
1433 2870 1567 2913 annal.
1586 2870 1746 2925 judeor.

189 2941 335 2997 (Ringe
365 2943 449 2985 und
481 2943 616 2993 brief.)
664 2956 758 2999 app.
782 2944 850 2985 20.
