1929 3157
93 166 160 207 31.

92 308 161 348 32.

92 519 160 559 34.

91 659 159 700 35.

91 801 158 841 36.

91 943 159 983 37.

90 1083 159 1125 38.

91 1226 159 1267 39.

89 1297 159 1338 40.

89 1439 159 1479 41.

89 1723 158 1764 43.

89 1865 158 1906 44.

89 1935 158 1977 45.

88 2077 158 2118 46.

88 2219 160 2260 47.

88 2360 158 2401 48.

88 2500 158 2542 49.

89 2641 158 2683 50.

90 2782 159 2824 51.

27 2925 30 2928 ’
91 2923 161 2965 52.

902 64 982 105 103

208 165 400 208 Justinus
440 167 480 208 in
515 167 683 209 civitate
718 182 890 210 romana
922 170 1111 217 regnavit
1143 170 1212 223 qui
1246 170 1391 212 statuit
1424 184 1496 225 pro
1530 170 1631 224 lege.
1686 172 1788 214 ‹Un-

209 242 324 278 treue
357 251 486 290 gegeu
522 244 729 280 erretter.»
777 239 846 281 lat.
878 241 969 280 117.

209 306 314 349 Erat
346 308 512 362 quidam
547 309 739 350 domiuus
773 311 842 364 qui
878 310 1021 351 habuit
1046 310 1284 363 janitorem.
1333 311 1473 356 ‹Zssslss›
1521 311 1592 352 lat.
1622 312 1716 352 157.

209 376 444 433 Ροη]ρε)·υε
477 380 622 420 statuit
657 394 730 434 pro
764 380 854 433 lege
887 380 994 435 quod
1029 379 1203 434 quilibet
1228 380 1347 422 miles
1370 386 1465 436 post
1487 386 1675 424 mortem.
1724 382 1787 436 (ln

209 447 354 489 waffen
390 447 630 501 begraben.)
680 450 750 491 lat.
781 452 874 491 1234.

209 517 430 568 Quintinus
478 521 667 573 regnavit
716 525 862 576 potens
911 521 980 574 qui
1026 520 1153 563 semel
1193 534 1266 576 per
1307 521 1530 576 Imperium
1572 524 1786 578 equitavit.

209 588 418 642 (Ingratus
453 590 535 631 und
570 590 737 633 Gaulo.»
785 591 855 632 lat.
886 593 979 632 110.

208 658 473 702 Pomicianus
514 662 705 714 regnavit
743 663 783 703 in
827 662 995 703 civitate
1035 675 1208 703 romana
1247 662 1429 717 prudens
1472 662 1606 705 valde.
1669 663 1788 709 (Drei

208 730 463 772 wahrheiten
498 732 757 773 verkaufen.)
803 732 872 773 lat.
902 733 996 773 103.

208 799 407 843 Pollidius
449 802 499 844 de
538 802 793 855 agricultura
832 802 933 843 dicit
971 803 1040 856 qui
1081 802 1222 844 volens
1262 803 1449 846 invenire
1491 816 1640 858 aquam
1678 805 1789 846 intra

208 872 318 913 sicca
349 872 418 914 ubi
451 886 532 914 non
566 877 663 914 sunt
695 873 842 915 fontes

207 941 398 984 Justinus
430 943 558 985 refert
594 942 671 997 [in]
705 943 995 985 abreviacione
1028 943 1165 984 Trocii
1199 945 1366 999 pompei
1399 945 1507 999 quod
1540 946 1649 987 cives
1682 945 1789 988 laee-

207 1013 326 1054 done.
374 1013 704 1066 ‹Wachsschrift‚
740 1013 1041 1067 abweichend.)
1085 1014 1156 1055 lat.
1183 1015 1251 1056 21.

207 1083 350 1126 Refert
381 1084 507 1126 tulius
539 1085 581 1126 in
613 1085 821 1127 rhetorica
853 1085 960 1140 quod
983 1085 1254 1126 trithomathe
1277 1085 1566 1128 conduxerunt
1586 1087 1787 1141 pictorem

211 1155 415 1208 quendam
451 1155 626 1197 zelixem
661 1156 830 1197 scilicet.

207 1225 349 1268 Refert
388 1226 618 1279 fulgencius
652 1226 691 1267 in
726 1226 831 1268 libro
865 1227 914 1268 de
947 1226 1168 1267 ornacione
1201 1226 1312 1268 orbis
1346 1226 1455 1281 quod
1487 1240 1578 1269 cum
1612 1228 1786 1270 romani.

207 1295 381 1350 Legitur
419 1297 462 1339 in
501 1297 628 1350 gestis
669 1310 934 1339 romanorum
973 1296 1091 1346 Quod
1123 1310 1214 1339 cum
1250 1297 1435 1339 romulus
1468 1298 1657 1340 cinxerat
1688 1299 1788 1340 civi-

207 1372 334 1410 tatem
369 1381 500 1409 muro.

208 1436 381 1492 Legitur
419 1439 460 1480 in
501 1439 668 1480 civitate
708 1438 955 1480 iherusalem
999 1442 1088 1480 erat
1127 1438 1295 1492 quidam
1335 1438 1486 1481 nobilis
1525 1439 1596 1494 qui
1635 1453 1686 1482 ex
1719 1453 1788 1482 su-

209 1509 366 1565 perbia.

150 1613 159 1622 .
208 1579 382 1634 Legitur
413 1580 455 1622 in
489 1581 820 1635 experimentum
855 1584 896 1622 et
927 1580 1141 1635 inponitur
1174 1579 1331 1622 alberto
1364 1580 1471 1623 libro
1505 1594 1578 1623 suo
1602 1580 1652 1623 de
1676 1581 1787 1635 vegi-

208 1651 405 1693 tantibus.
454 1650 732 1705 (Glasasche.)
778 1650 849 1692 lat.
873 1652 943 1692 46.

207 1722 412 1764 Narratur
443 1722 487 1765 (i.
507 1735 540 1763 e.
565 1721 735 1775 Narrat)
768 1720 918 1763 Senica
949 1721 1055 1764 libro
1086 1721 1441 1764 declamacionum
1464 1725 1580 1764 sexto
1605 1722 1785 1778 capitulo

208 1793 343 1848 primo
377 1792 485 1847 quod
519 1793 686 1847 quidam
721 1792 941 1834 abdicavit.

207 1861 378 1917 Narrat(
380 1862 447 1917 ιιι-ζ)
481 1862 638 1906 Seneca
668 1864 711 1905 in
744 1863 849 1905 libro
880 1864 1014 1918 primo
1038 1863 1088 1905 de
1108 1863 1171 1904 ira
1193 1863 1236 1904 in
1259 1862 1340 1905 fine
1363 1863 1479 1913 Quod
1501 1877 1631 1919 gayus
1655 1877 1783 1906 cesar.

207 1933 376 1988 Narrat(
380 1943 446 1988 ur)
479 1935 724 1988 augustinus
761 1935 830 1975 18ο
862 1934 912 1976 de
945 1934 1112 1976 civitate
1145 1934 1211 1975 dei
1243 1934 1425 1989 capitulo
1459 1936 1502 1975 5Ο
1534 1938 1576 1977 et
1604 1934 1784 1976 valerius

207 2005 277 2047 lib.
301 2005 328 2047 5
361 2018 450 2059 cap.
474 2006 501 2045 4
535 2004 584 2046 de
617 2004 775 2046 cosdra.
823 2003 1014 2057 (Codrus,
1050 2002 1349 2058 abweichend.)
1395 2004 1464 2046 lat.
1489 2005 1558 2046 41.

206 2075 412 2118 Narratur
444 2075 494 2117 de
527 2075 706 2129 quodam
739 2089 835 2128 rege
868 2076 938 2130 qui
964 2075 1078 2117 dedit
1100 2075 1278 2129 quodam
1302 2088 1486 2130 paupere
1508 2075 1640 2117 multa
1662 2075 1781 2117 bona.

206 2146 581 2201 (Freundesprobe,
616 2145 834 2198 abweich.;
869 2147 918 2188 cf.
944 2147 1033 2196 25.)
1080 2145 1150 2187 lat.
1178 2146 1273 2187 129.

206 2217 361 2260 Narrat
398 2217 669 2258 damascenus
711 2217 760 2258 de
804 2217 980 2271 quodam
1023 2217 1188 2258 homine
1230 2230 1352 2271 quem
1385 2220 1660 2272 persequatur
1690 2217 1782 2258 uni-

207 2301 368 2330 cornus.
417 2286 586 2340 (Honig,
620 2286 837 2342 abweich.)
883 2288 954 2330 lat.
984 2288 1077 2329 168.

206 2359 360 2400 Narrat
391 2358 660 2400 crisostomus
693 2357 742 2399 de
775 2358 1017 2413 imperfecto
1051 2358 1160 2412 quod
1193 2358 1228 2400 si
1261 2371 1413 2413 vepera
1444 2357 1679 2399 momordat
1709 2356 1782 2398 ho-

206 2429 374 2471 minem.
426 2427 575 2482 (Suelit
606 2426 793 2482 wasser.)

205 2499 360 2542 Narrat
398 2498 637 2540 Jeronimus
685 2498 793 2552 quod
840 2499 949 2540 inter
996 2499 1171 2540 militem
1219 2502 1259 2540 et
1305 2498 1513 2553 quandam
1554 2498 1779 2539 dominam.

206 2568 387 2624 (Falke.)
432 2569 503 2611 lat.
529 2570 596 2610 84.

207 2640 362 2683 Narrat
394 2644 536 2682 sextus
559 2639 695 2681 Julius
728 2639 774 2680 In
805 2638 910 2681 libro
942 2639 1070 2681 tercio
1103 2639 1227 2694 capit.
1254 2639 1387 2694 primo
1421 2638 1471 2680 de
1502 2637 1692 2680 maetheo
1717 2641 1780 2680 ta-

207 2711 343 2754 thene.
389 2710 678 2765 (Stratagem.)

208 2782 362 2824 Narrat
401 2782 509 2836 quod
549 2781 693 2834 regina
731 2779 847 2822 Indie
886 2780 1026 2822 volens
1067 2779 1354 2822 allexandrum
1395 2779 1592 2822 occidere.
1654 2777 1780 2833 (Gist-

206 2853 430 2907 nahrung.)
475 2852 546 2894 lat.
575 2854 640 2893 11.

210 2923 365 2965 Dicunt
395 2923 606 2965 naturales
640 2921 749 2976 quod
782 2921 928 2976 perdix
962 2934 1054 2964 cum
1089 2921 1306 2964 abscondit
1335 2933 1484 2976 corpus
1517 2933 1650 2962 suum.
