1949 3162
161 448 181 479 ἴ)

141 804 182 837 10

139 1159 182 1193 15

138 1517 182 1550 20

141 2233 185 2266 30

142 2590 186 2623 35

1012 50 1097 91 464

207 157 406 207 cucurrit3
441 158 584 210 postea
616 155 763 196 iterum
798 155 963 196 cordam
997 155 1243 197 descendere
1275 156 1464 211 permisit
1495 159 1536 197 et
1567 169 1736 211 serpens
1769 170 1893 212 super

207 241 296 269 eam
331 226 518 279 saltavit,
552 239 671 279 quem
705 224 838 267 Guido
873 227 1073 279 extraxit3
1115 226 1359 281 applausum
1395 227 1431 268 ei
1462 227 1559 268 fecit
1591 230 1631 269 et
1663 227 1712 268 ad
1744 227 1889 269 silvam

208 298 410 348 cucurrit3
454 297 600 339 deinde
632 296 749 338 miles
783 297 995 338 clamavit:
1038 297 1069 339 O
1102 297 1335 349 carissime,
1377 297 1614 339 benedictus
1652 297 1892 351 altissimus,

201 370 287 423 jam
323 369 371 410 de
405 369 546 410 bestiis
580 381 668 410 sum
702 368 922 420 liberatus,
962 368 1127 409 cordam
1168 369 1361 423 permitte
1394 368 1662 421 descendere3
1706 369 1814 424 quod
1853 373 1894 411 et

206 441 358 482 factum
394 443 467 481 est.
516 439 634 481 Miles
667 453 709 481 se
742 440 946 481 succinxit
978 443 1018 481 et
1050 438 1183 481 Guido
1217 452 1309 480 eum
1344 440 1538 493 extraxit,
1572 439 1718 482 deinde
1741 453 1889 494 equum

208 514 498 563 extraxerunt;
534 511 672 552 statim
707 510 955 552 senescallus
988 523 1134 564 equum
1171 510 1356 551 ascendit
1393 514 1433 552 et
1464 511 1514 552 ad
1547 511 1751 566 palacium
1784 510 1893 564 regis

207 583 332 635 venit,
366 581 499 624 Guido
533 596 628 623 vero
661 582 770 624 domi
804 582 928 634 venit,
963 585 1003 623 et
1035 594 1138 622 uxor
1170 581 1313 622 videns
1339 595 1429 623 eum
1455 595 1626 624 vacuum
1652 581 1896 623 contristata

208 658 270 696 est
309 653 447 704 valde,
489 653 557 695 ille
600 667 694 695 vero
736 667 972 708 processum
1016 652 1051 694 ei
1093 653 1280 694 narravit
1321 657 1362 694 et
1395 653 1502 707 quod
1534 653 1764 695 mercedem
1798 666 1893 694 con-

209 726 373 779 dignam
410 724 625 779 reciperet,
659 725 707 766 de
741 739 819 779 quo
852 738 957 766 uxor
988 725 1130 778 gavisa
1162 728 1242 775 est3
1283 737 1401 765 mane
1433 738 1527 766 vero
1561 724 1694 766 Guido
1725 723 1811 766 ibat
1841 723 1893 765 ad

209 800 387 838 castrum
422 796 589 838 mittens
617 796 839 849 janitorem
876 796 924 837 ad
959 795 1251 849 senescallum,
1293 797 1399 850 quod
1441 797 1529 850 ipse
1562 795 1617 837 ibi
1657 800 1784 847 esset3
1824 795 1893 850 qui

207 869 343 923 prima
375 872 415 909 et
446 867 626 909 secunda
648 867 734 908 vice
767 868 935 920 negavit
966 868 1074 921 quod
1107 881 1197 909 eum
1233 881 1425 922 umquam
1461 867 1623 920 viderit,
1655 867 1781 908 immo
1813 866 1893 908 nisi

207 939 430 992 recederet,
463 939 597 993 ipsum
632 938 852 980 crudeliter
884 939 1132 981 verberaret.
1188 938 1264 988 Qui
1297 939 1392 980 dum
1426 939 1554 980 tercia
1586 939 1672 980 vice
1703 952 1893 980 reversus

208 1015 327 1063 esset,
360 1010 419 1051 ita
450 1010 670 1051 crudeliter
703 1011 910 1064 portarius
944 1024 1034 1052 eum
1069 1010 1315 1064 verberavit,
1350 1010 1456 1064 quod
1489 1010 1623 1065 ipsum
1648 1009 1890 1052 semivivum

207 1082 385 1136 reliquit.
442 1081 557 1131 Quod
598 1082 768 1123 audiens
811 1095 913 1122 uxor
954 1080 1153 1123 Guidonis
1194 1082 1305 1123 venit
1344 1086 1384 1123 et
1423 1095 1514 1123 cum
1555 1081 1670 1123 asino
1709 1095 1800 1123 eum
1842 1080 1892 1122 ad

209 1154 373 1195 domum
409 1153 528 1194 duxit
560 1159 599 1195 et
631 1153 700 1194 diu
733 1153 964 1195 infirmatus
998 1157 1060 1195 est
1092 1158 1132 1195 et
1164 1154 1301 1195 omnia
1333 1153 1439 1195 bona
1472 1166 1546 1195 sua
1577 1153 1618 1194 in
1652 1152 1893 1194 infirmitate

208 1225 477 1280 consumpsit,
511 1238 588 1279 que
620 1224 775 1265 habuit.
825 1224 932 1265 Dum
969 1229 1103 1267 autem
1135 1239 1259 1267 sanus
1281 1225 1414 1267 factus
1438 1229 1547 1267 esset
1568 1227 1608 1266 et
1629 1238 1712 1266 una
1733 1224 1891 1265 dierum

207 1297 321 1350 ligna
354 1295 578 1349 colligeret,
612 1295 715 1336 vidit
746 1309 770 1336 a
802 1295 922 1348 longe
956 1296 1094 1338 decem
1128 1296 1266 1338 asinos
1299 1300 1489 1338 oneratos
1522 1309 1612 1337 cum
1645 1295 1829 1337 fardellis
1855 1299 1896 1337 et

207 1368 366 1410 leonem
407 1381 430 1409 a
462 1371 579 1422 parte
613 1367 829 1422 posteriori
870 1371 1106 1421 sequentem
1147 1372 1256 1410 recto
1290 1368 1455 1410 tramite
1488 1381 1629 1410 versus
1662 1366 1893 1409 Guidonem

209 1453 278 1482 eos
311 1439 449 1488 duxitg
483 1438 615 1480 Guido
648 1439 792 1480 intime
826 1439 1009 1494 respexit
1038 1439 1198 1481 leonem
1233 1443 1273 1481 et
1303 1440 1442 1481 statim
1474 1438 1714 1480 memoriam
1737 1437 1893 1491 habuit,

209 1510 316 1565 quod
350 1514 438 1552 erat
460 1509 527 1551 ille
560 1510 637 1563 leo,
672 1523 790 1563 quem
817 1510 865 1552 de
887 1510 1005 1552 fovea
1037 1510 1231 1552 extraxit.
1279 1510 1361 1552 Leo
1394 1524 1484 1552 cum
1509 1510 1560 1552 ad
1584 1523 1677 1552 eum
1700 1509 1892 1562 venisset,

208 1596 299 1624 cum
333 1582 436 1637 pede
469 1581 631 1634 signum
666 1581 702 1623 ei
733 1581 849 1635 fecit,
888 1586 932 1623 ut
964 1596 1056 1623 cum
1090 1582 1216 1623 asinis
1249 1582 1428 1624 oneratis
1462 1581 1628 1623 domum
1662 1580 1892 1632 accederet3

209 1654 318 1708 quod
357 1657 397 1695 et
436 1653 544 1694 fecit.
609 1652 742 1694 Guido
783 1653 920 1694 asinos
961 1667 1098 1695 secum
1139 1653 1250 1695 domi
1291 1654 1410 1695 duxit
1449 1653 1484 1695 ei
1525 1653 1588 1695 leo
1632 1652 1892 1707 sequebatur,

210 1738 420 1780 quousque
468 1723 600 1765 Guido
654 1724 705 1765 ad
753 1724 918 1765 domum
975 1725 1182 1779 pervenit;
1237 1738 1327 1766 cum
1381 1728 1515 1766 autem
1571 1724 1676 1766 asini
1727 1723 1894 1766 domum

209 1796 457 1848 intrassent,
490 1795 552 1838 leo
585 1809 676 1837 cum
711 1795 842 1836 cauda
875 1795 1119 1850 applausum
1153 1796 1250 1838 fecit
1281 1795 1460 1838 Guidoni
1492 1800 1532 1838 et
1564 1796 1614 1837 ad
1648 1795 1792 1837 silvam
1827 1808 1895 1837 cu-

210 1867 350 1909 currit.
400 1866 532 1909 Guido
566 1880 639 1921 per
662 1866 845 1908 diversas
868 1867 1062 1909 ecclesias
1094 1868 1341 1923 proclamari
1373 1867 1484 1919 fecit,
1517 1868 1551 1909 si
1583 1867 1732 1921 aliquis
1759 1866 1895 1908 asinos

211 1939 430 1980 amisisset.
483 1936 586 1992 [100
599 1936 637 1991 b]
673 1937 727 1979 Et
759 1952 841 1979 non
874 1942 935 1979 est
966 1939 1157 1980 inventus
1191 1953 1309 1992 unus,
1343 1939 1412 1994 qui
1445 1938 1721 1994 profiteretur,
1755 1952 1798 1980 se
1821 1937 1895 1980 ali—

211 2023 329 2064 quem
367 2009 605 2064 perdidisse.
661 2008 752 2064 Ipse
784 2010 975 2064 aperiens
1007 2010 1201 2052 fardellas
1234 2010 1405 2052 divicias
1438 2010 1588 2053 multas
1626 2010 1805 2063 invenit,
1846 2009 1896 2051 de

211 2081 357 2134 quibus
390 2094 470 2122 non
505 2080 709 2121 modicum
743 2081 926 2133 gaudens
959 2082 1073 2124 dives
1107 2081 1274 2124 effectus
1308 2085 1381 2124 est.
1437 2081 1538 2123 Cum
1583 2095 1678 2124 vero
1718 2080 1897 2124 secunda

211 2152 276 2193 die
324 2151 456 2194 Guido
514 2151 563 2192 ad
610 2151 804 2193 forestam
854 2153 967 2194 venit
1014 2156 1053 2195 et
1097 2153 1418 2195 instrumentum
1465 2153 1643 2195 ferreum
1695 2156 1741 2194 ut
1784 2152 1897 2206 ligna

211 2223 416 2265 scinderet
447 2237 527 2264 non
569 2223 756 2276 haberet,
796 2224 982 2279 respexit
1020 2224 1209 2280 superius
1243 2228 1283 2266 et
1314 2224 1419 2265 vidit
1457 2224 1640 2277 simiam,
1684 2237 1807 2278 quam
1848 2223 1897 2266 de

210 2295 330 2336 fovea
363 2294 556 2347 extraxit,
591 2308 668 2348 que
701 2308 792 2336 cum
817 2295 1007 2337 dentibus
1033 2299 1074 2337 et
1095 2295 1299 2348 unguibus
1332 2299 1494 2337 tantum
1525 2295 1756 2349 frangebat,
1789 2294 1897 2349 quod

211 2365 345 2407 Guido
398 2366 485 2407 sine
532 2365 672 2407 labore
725 2366 886 2408 asinum
940 2380 1057 2408 suum
1107 2366 1294 2408 oneravit
1340 2370 1380 2408 et
1426 2366 1536 2408 domi
1585 2369 1648 2408 est
1692 2380 1895 2408 reversus,

211 2436 357 2479 Tereia
398 2451 492 2478 vero
534 2437 598 2478 die
638 2436 770 2478 Guido
811 2438 862 2479 ad
900 2438 1095 2479 forestam
1142 2437 1384 2490 revertitur,
1432 2441 1472 2479 et
1514 2450 1607 2480 cum
1646 2437 1808 2480 sederet
1846 2437 1895 2479 ad

211 2508 516 2563 preparandum
551 2508 886 2562 instrumentum,
921 2509 1024 2550 vidit
1055 2512 1303 2564 serpentem,
1338 2522 1455 2562 quem
1491 2509 1540 2550 de
1564 2509 1683 2551 fovea
1715 2508 1903 2551 extraxit

213 2583 446 2634 portantem
478 2578 658 2633 lapidem
692 2579 734 2620 in
757 2593 825 2621 ore
849 2594 920 2621 suo
953 2580 1181 2622 coloratum
1214 2579 1369 2635 triplici
1400 2580 1554 2632 eolore3
1589 2594 1638 2622 ex
1670 2593 1753 2621 una
1780 2583 1898 2635 parte

213 2654 302 2692 erat
333 2650 471 2702 albus,
508 2664 557 2692 ex
591 2649 671 2691 alia
703 2650 840 2704 niger,
882 2665 932 2693 ex
964 2652 1092 2693 tercia
1124 2650 1395 2702 rubicundus3
1434 2663 1479 2692 os
1511 2664 1627 2692 suum
1663 2651 1827 2706 aperuit
1858 2654 1898 2693 et

212 2721 254 2762 in
296 2721 451 2774 gremio
492 2721 577 2774 ejus
617 2721 807 2776 permisit
846 2722 991 2765 cadere
1033 2725 1074 2764 et
1112 2722 1300 2764 abcessit.
1365 2721 1498 2764 Guido
1537 2734 1628 2763 cum
1668 2721 1806 2777 lapide
1846 2721 1897 2762 ad

213 2805 338 2833 unum
387 2792 564 2847 peritum
613 2792 804 2844 accessit3
855 2794 921 2847 qui
970 2807 1062 2835 cum
1108 2807 1199 2835 eum
1246 2793 1417 2835 vidisset
1454 2796 1494 2834 et
1533 2793 1727 2834 virtutem
1768 2792 1898 2848 ipsius

213 2863 485 2917 cognovisset,
519 2863 695 2905 libenter
727 2867 890 2905 centum
923 2863 1098 2907 florenos
1131 2878 1204 2919 pro
1237 2864 1375 2919 lapide
1407 2863 1600 2917 dedisset,
1633 2862 1767 2905 Guido
1799 2876 1897 2905 vero

310 2944 350 2978 19
377 2944 491 2988 duxit]
519 2950 603 2990 orz'q.
629 2943 729 2978 dixit.
