1954 3137
977 61 1031 102 88

278 166 405 210 Gesta
442 167 720 210 Romanorum
764 166 1003 208 moralisata
1044 167 1147 218 (von
1186 166 1366 210 fremder
1406 167 1537 222 hand,
1581 167 1653 210 der
1691 166 1844 210 letzten

162 239 234 281 des
267 239 425 291 codex).

193 329 228 369 1.

191 470 228 510 Ζ).

169 1982 233 2022 13.

170 2131 234 2171 14.

170 2278 234 2320 15.

172 2428 235 2468 16.

172 2724 235 2764 18.

172 2872 236 2912 19.

279 327 511 370 Dorotheus
559 328 787 383 imperator
830 327 977 369 statuit
1016 340 1088 381 pro
1130 326 1220 381 lege
1259 328 1368 382 quod
1408 326 1482 369 filii
1521 332 1712 383 parentes
1750 340 1845 370 suos

278 402 571 441 sustentarent.
622 398 765 448 (Vater
797 398 896 440 oder
927 401 1081 439 mutter
1112 398 1279 451 folgen.)
1326 399 1397 440 lat.
1424 399 1489 440 14.

279 468 510 522 Gorgonius
544 470 733 523 regnavit
764 470 809 511 In
843 470 1009 511 civitate
1042 482 1213 510 romana
1245 469 1315 523 qui
1347 483 1519 511 uxorem
1544 469 1756 525 pulchram
1780 482 1844 511 ac-

278 541 398 595 cepit.
448 540 591 588 (Vater
613 540 761 594 heilen,
795 544 948 582 mutter
978 540 1121 591 nicht.)
1169 540 1239 582 lat.
1269 541 1363 582 11⁶2.

278 611 466 653 Adonias
496 612 686 665 regnavit
708 611 822 653 dives
847 611 965 653 valde
988 611 1057 666 qui
1080 615 1367 653 torneamenta
1389 615 1429 654 et
1450 611 1685 653 hastiludia.
1727 611 1844 663 (Tur-

278 682 397 734 nier.)
445 682 516 724 lat.
544 683 637 723 113.

278 752 500 795 Pollemius
541 753 583 794 iu
622 753 789 794 civitate
828 752 1047 808 babylonie
1086 753 1274 805 regnavit
1315 754 1384 807 qui
1423 757 1507 795 tres
1546 753 1652 795 filios
1689 753 1844 796 habuit.

280 823 381 873 (Der
412 824 592 873 faulste.)
640 824 710 865 lat.
736 826 802 865 91.

277 895 517 937 Alexander
550 895 740 948 regnavit
772 896 841 948 qui
874 895 1100 936 dominium
1135 895 1265 937 tocius
1299 895 1442 936 mundi
1475 895 1664 938 obtinuit.
1715 895 1850 947 (Basi—.

278 966 390 1018 lisk.)
439 967 508 1008 lat.
537 967 630 1007 139.

280 1036 456 1086 Quidam
488 1037 608 1078 miles
640 1037 719 1078 fuit
741 1038 809 1091 qui
833 1036 1011 1079 habebat
1032 1040 1212 1079 castrum
1234 1037 1352 1079 10116.
1400 1036 1640 1089 (Storchin.)
1685 1036 1757 1079 lat.
1778 1037 1844 1078 82.

221 1147 229 1155 .
280 1113 452 1167 Legitur
485 1115 534 1156 de
567 1114 745 1168 quodam
777 1114 1029 1169 imperatore
1053 1127 1223 1155 romano
1246 1117 1522 1156 construente.
1572 1113 1846 1170 (Sarkophag,

280 1186 395 1227 kur2.
462 1185 532 1227 lat.
561 1187 626 1227 16.

278 1186 450 1310 Legitbr
483 1257 533 1299 de
566 1256 744 1311 quodam
777 1257 965 1312 principe
999 1256 1107 1311 quod
1140 1269 1232 1298 cum
1266 1256 1455 1298 omnibus
1488 1256 1657 1299 viribus.
1712 1256 1847 1309 (Wein

279 1329 502 1382 vergiftet.)
548 1328 621 1370 lat.
647 1329 714 1370 88.

281 1400 368 1442 Rex
402 1400 570 1454 quidam
604 1403 692 1441 erat
724 1400 794 1453 qui
826 1399 970 1442 habuit
990 1402 1074 1442 tres
1099 1398 1203 1441 filios
1228 1399 1296 1453 qui
1319 1412 1412 1441 cum
1435 1399 1544 1455 cepit
1565 1399 1683 1441 mori.
1731 1398 1848 1452 (Drei

280 1471 428 1523 ringe.)
476 1471 546 1512 lat.
572 1471 638 1512 89.

280 1541 450 1595 Legitur
481 1542 523 1583 in
556 1542 683 1595 gestis
707 1555 971 1584 romanorum
996 1542 1105 1596 quod
1128 1555 1216 1583 mos
1240 1545 1328 1584 erat
1348 1555 1626 1584 romanorum.
1668 1541 1846 1594 (Kerze.)

280 1612 350 1654 lat.
374 1614 442 1654 98.

223 1717 231 1725 .
280 1684 433 1726 Narrat
473 1684 662 1726 eusebius
703 1685 753 1726 de
791 1684 966 1738 quodam
1001 1684 1252 1739 imperatore
1285 1685 1354 1738 qui
1386 1684 1584 1740 populum
1618 1698 1847 1727 romanum.

281 1754 520 1807 (Coriolan.)
568 1755 637 1796 lat.
667 1756 760 1797 137.

282 1832 465 1882 Quedam
513 1833 664 1874 nobilis
710 1833 833 1874 vidua
880 1833 1122 1888 paciebatur
1162 1832 1314 1875 multas
1353 1833 1538 1887 injurias.
1602 1832 1727 1884 (Stab
1765 1833 1850 1876 und

281 1903 452 1951 tasche.)
499 1904 570 1946 lat.
596 1905 663 1945 25.

282 1980 451 2033 Legitur
475 1981 583 2035 quod
606 1981 771 2034 quidam
797 1981 1028 2036 Imperator
1050 1981 1201 2024 nobilis
1225 1982 1292 2036 qui
1315 1981 1460 2024 habuit
1475 1981 1687 2037 pulchram
1706 1981 1847 2024 filiam.

284 2052 622 2105 (Kaisertochter,
657 2053 899 2102 seneschal.)
948 2067 1074 2107 germ.
1104 2056 1168 2096 11.

284 2129 388 2171 Erat
429 2130 595 2183 quidam
630 2129 861 2185 Imperator
894 2131 963 2185 qui
996 2131 1142 2173 statuit
1174 2145 1248 2187 pro
1281 2131 1370 2184 lege
1402 2134 1442 2173 et
1473 2130 1548 2173 sub
1579 2144 1688 2186 pena
1717 2131 1848 2184 gravi.

286 2200 540 2252 (Schinden.)
588 2201 658 2242 lat.
685 2201 751 2242 39.

285 2278 460 2328 Quidam
508 2279 737 2333 imperator
785 2279 853 2333 qui
902 2279 1048 2321 statuit
1094 2293 1168 2335 pro
1209 2280 1298 2333 lege
1338 2279 1445 2335 quod
1487 2279 1650 2334 quilibit
1689 2279 1848 2322 victori.

285 2349 535 2403 (Triumph.)
585 2349 654 2390 lat.
681 2350 748 2391 30.

285 2426 346 2468 De
379 2430 511 2468 morte
542 2426 769 2468 alexandri.
820 2425 920 2468 Cum
955 2427 1169 2482 sepultura
1201 2428 1287 2482 ejus
1318 2427 1436 2470 fieret
1467 2440 1602 2469 aurea.
1652 2428 1850 2479 (Alexan-

285 2498 377 2539 ders
410 2497 659 2550 begrabniS.)
708 2497 776 2539 lat.
802 2499 869 2539 31.

228 2609 235 2616 .
284 2575 424 2616 Refert
456 2574 645 2616 Valerius
694 2575 801 2629 quod
849 2576 1015 2630 patinus
1056 2576 1157 2618 flens
1200 2576 1305 2617 dixit
1344 2576 1478 2618 vicino
1520 2589 1605 2618 suo.
1671 2576 1849 2630 (Hange-

285 2646 439 2696 baum.)
487 2645 557 2687 lat.
583 2646 650 2687 33.

286 2722 459 2778 Pipinus
492 2723 681 2776 regnavit
703 2723 745 2764 in
769 2724 933 2767 civitate
955 2737 1126 2766 romana
1149 2725 1219 2779 qui
1241 2724 1447 2780 quandam
1471 2723 1664 2780 puellam.
1711 2724 1850 2778 (81161-

286 2794 386 2834 kind
419 2794 502 2835 und
535 2793 778 2846 leibliches.)
825 2794 895 2837 lat.
924 2797 1018 2837 110.

288 2870 427 2912 Refert
449 2871 655 2926 dyogenes
679 2872 747 2926 qui
771 2871 831 2914 ita
852 2872 893 2914 in
917 2876 1162 2928 paupertate
1183 2873 1273 2915 fuit.
1320 2872 1541 2926 (Diogenes
1564 2872 1647 2914 und
1669 2873 1850 2916 Alexan—

289 2941 391 2992 der.)
440 2955 567 2994 germ.
596 2944 660 2983 15.
