1919 3157
902 125 985 164 63:32)

97 206 147 249 de
169 211 320 253 mundo
343 215 526 258 extincti.
580 219 692 264 L'ude
723 226 956 279 psalmista:
991 231 1040 273 de
1063 239 1243 278 stercore
1274 240 1434 292 erigens
1458 257 1677 300 pauperem
1703 254 1777 292 etc.

96 277 152 320 In
183 280 358 334 ydomea
389 290 451 328 est
482 288 585 343 fons,
619 294 686 346 qui
720 302 864 349 quater
896 299 936 340 in
970 315 1076 344 anno
1109 306 1284 349 colorem
1320 317 1473 363 mutat;
1507 316 1639 359 tribus
1663 333 1776 362 men-

92 347 204 391 sibus
242 357 305 394 est
345 356 675 416 pulverulentus,
718 366 848 409 tribus
889 374 1169 430 sangwiueus,
1209 379 1340 422 tribus
1382 383 1523 427 viridis
1565 393 1604 429 et
1642 391 1774 434 tribus

89 418 236 464 clarus.
276 426 506 471 Morale'ter.
551 431 629 475 lste
660 434 750 477 fons
782 439 950 483 eristum
984 444 1185 501 designat,
1220 451 1287 504 qui
1321 465 1400 494 non
1435 459 1594 500 tantum
1629 466 1774 515 quater

87 491 158 533 sed
179 494 319 549 sepius
341 511 415 552 pro
446 514 595 554 genere
628 504 805 550 humano
828 513 1067 565 paciebatur
1099 523 1139 560 et
1159 519 1271 562 color
1303 523 1388 576 ejus
1422 529 1678 577 mutabatur:
1712 534 1771 577 sic

87 560 129 603 in
162 565 378 611 nativitate
410 577 552 626 natus,
586 575 626 617 in
659 577 811 631 frigore
843 583 1107 630 circumcisus
1140 594 1229 632 octo
1263 593 1348 635 dics
1381 594 1512 640 flevit.
1574 600 1617 642 In
1651 617 1769 648 cruce

83 630 312 688 flagellatus
355 640 506 694 ligatus
540 651 614 688 etc.
682 650 735 690 In
776 651 934 696 effalale
974 657 1064 700 lacu
1096 660 1221 714 judee
1254 664 1309 705 nil
1342 666 1480 710 vivum
1513 673 1642 726 mergi
1675 680 1767 730 pot-

81 708 144 746 est
181 711 222 749 et
259 721 379 754 omne
411 715 517 768 quod
559 730 638 760 non
675 720 775 764 vivit
807 727 1006 779 mergitur
1038 730 1080 772 in
1113 733 1383 791 profundum,
1417 738 1583 784 lucerna
1616 745 1764 789 ardens

77 780 236 820 nautat.
298 780 377 824 Sed
417 786 600 831 extincta
646 793 784 834 statim
834 798 1045 851 mergitur.
1109 804 1340 848 Mor-aliter.
1393 808 1491 852 Item
1532 812 1645 857 lacus
1686 817 1763 861 iste

76 846 214 900 signat
244 851 505 911 religionem,
537 859 579 901 in
607 874 686 915 quo
720 866 852 908 omnis
886 869 954 922 qui
987 872 1167 924 perfecte
1200 876 1301 919 vivit
1333 879 1373 921 in
1410 882 1493 924 vita
1525 897 1599 927 sua
1632 890 1761 943 mergi

73 930 156 960 non
195 926 331 976 potest
368 939 442 981 per
480 929 633 985 aliquid
677 936 968 994 extrinsicum,
1001 955 1075 996 per
1107 947 1438 1002 temptacionem.
1475 953 1564 1005 ‘Sed
1602 958 1637 999 si
1677 973 1759 1002 non

71 988 197 1033 fuerit
236 994 353 1038 vivus
394 999 464 1041 sed
506 1007 691 1047 mortuus
732 1021 806 1062 per
836 1016 1005 1065 peccata
1036 1014 1077 1056 in
1111 1018 1262 1074 anima,
1303 1023 1443 1065 statim
1477 1028 1674 1081 mergitur
1707 1032 1757 1074 ad

69 1059 408 1118 dampnacionem
442 1073 575 1115 acrius
607 1088 730 1130 quam
762 1079 915 1123 ferrum
949 1083 990 1124 in
1014 1098 1139 1140 aqua3
1174 1103 1249 1133 nec
1276 1091 1443 1137 lucerna
1475 1098 1636 1154 ardens,
1669 1101 1694 1143 i.
1720 1116 1752 1146 e.

66 1131 251 1186 prelatus
283 1139 465 1184 existens
498 1144 538 1185 in
572 1147 743 1191 ecclesia
766 1151 829 1193 vel
860 1154 1094 1208 predicator
1118 1160 1284 1205 verbum
1319 1164 1382 1207 dei
1416 1180 1580 1224 semper
1609 1177 1755 1216 nautat

63 1214 140 1257 per
170 1205 235 1248 dei
267 1209 606 1271 misericordiam,
639 1232 713 1274 per
741 1221 922 1266 divinam
946 1226 1139 1271 virtutem
1173 1231 1214 1274 in
1249 1233 1364 1278 bonis
1397 1238 1631 1284 virtutibus.
1671 1243 1751 1287 Sed

62 1273 98 1314 si
129 1274 254 1320 fuerit
285 1294 359 1334 per
390 1297 516 1340 opera
548 1289 658 1332 mala
679 1293 860 1337 extincta
885 1298 1023 1340 statim
1047 1301 1368 1358 submerguntur
1389 1312 1430 1351 et
1451 1312 1749 1366 extinguuntur

60 1346 330 1400 spiritualiter
360 1353 563 1409 loquendo
597 1364 672 1403 etc.
730 1364 787 1406 In
820 1368 989 1411 tessalia
1021 1371 1100 1414 duo
1134 1380 1230 1417 sunt
1260 1376 1451 1433 flumina3
1491 1396 1541 1425 ex
1573 1398 1652 1427 uno
1688 1387 1746 1430 bi-

60 1415 202 1462 bentes
235 1435 330 1466 oves
363 1426 466 1470 fiunt
497 1429 599 1473 albe.
640 1432 701 1476 De
735 1435 863 1479 altero
896 1440 1025 1494 nigre.
1067 1442 1145 1486 Per
1175 1448 1355 1501 primum
1389 1450 1540 1496 flumen
1573 1457 1743 1501 eristum

55 1487 283 1548 intelligas,
331 1498 399 1551 qui
432 1498 610 1545 bibuerit
641 1505 691 1547 de
723 1520 769 1548 eo
803 1509 891 1552 sine
923 1511 1046 1555 dubio
1080 1516 1215 1559 anime
1247 1533 1385 1564 eorum
1419 1523 1523 1567 fiunt
1554 1529 1739 1573 candide.

52 1557 116 1603 De
147 1562 276 1607 altero
307 1568 377 1622 qui
410 1569 559 1615 biberit
589 1574 614 1615 i.
639 1588 672 1617 e.
708 1578 777 1631 qui
809 1581 920 1636 sapit
950 1587 1248 1640 temptaciones
1280 1591 1444 1648 dyaboli
1477 1596 1614 1641 dulces
1637 1599 1741 1644 fiunt

52 1632 188 1676 anime
227 1637 343 1691 nigre
381 1644 421 1682 et
452 1655 525 1697 per
556 1657 811 1702 consequens
844 1652 919 1694 deo
953 1654 1234 1711 displicientes
1267 1666 1307 1704 et
1339 1665 1510 1709 odibiles
1544 1674 1618 1712 etc.
1679 1674 1739 1715 In

50 1701 191 1748 boecia
229 1714 326 1751 sunt
363 1711 442 1754 duo
488 1715 643 1769 fontes3
690 1732 796 1763 unus
840 1723 939 1766 facit
985 1726 1244 1781 ingeniosum
1290 1738 1330 1777 et
1376 1736 1479 1780 bone
1524 1744 1734 1787 memorie.

46 1773 166 1818 Alter
204 1778 462 1826 obliviosum.
522 1785 686 1832 Primus
725 1792 815 1835 fons
863 1799 925 1838 est
956 1798 1119 1854 cristus,
1155 1803 1224 1856 qui
1256 1804 1327 1848 dat
1358 1806 1514 1852 homini
1548 1813 1733 1870 virtutes,

45 1844 149 1889 alter
186 1854 249 1892 est
287 1851 508 1911 dyabolus,
548 1860 617 1913 qui
658 1862 757 1906 facit
793 1864 1000 1910 hominem
1035 1870 1220 1915 oblivisci
1255 1875 1376 1919 deum
1409 1894 1482 1935 per
1503 1890 1729 1938 peccatum.

44 1916 102 1958 In
123 1924 343 1977 campania
373 1931 470 1970 sunt
499 1928 579 1973 duo
617 1945 741 1987 aque3
784 1949 866 1980 una
898 1940 1079 1984 virorum
1113 1943 1319 1996 insaniam
1350 1949 1479 2006 fugat,
1514 1954 1617 1998 alter
1649 1962 1731 2001 ste-

40 1987 236 2034 rilitatem
275 1994 411 2039 abolet
453 1999 714 2046 feminarum.
776 2006 917 2052 Prima
954 2024 1060 2067 aqua
1099 2018 1162 2057 est
1201 2018 1372 2075 cristus,
1413 2024 1483 2077 qui
1522 2025 1726 2072 insaniam

37 2065 300 2114 peccatorum
332 2067 461 2124 fugat,
493 2071 597 2116 alter
628 2079 691 2118 est
722 2079 867 2122 oratio.

703 2330 804 2386 254,
838 2346 942 2390 app.
967 2337 1041 2380 58.

146 2416 378 2464 Secundum
424 2423 692 2479 Fulgencium
739 2435 780 2474 et
821 2433 1040 2480 Ysidorum
1088 2454 1236 2495 ymago
1288 2447 1442 2488 amoris
1488 2448 1567 2492 fuit
1613 2465 1714 2506 puer

27 2485 161 2531 alatus
206 2491 246 2532 4.
287 2492 375 2535 alis.
439 2493 654 2553 Scriptura
694 2503 827 2557 prime
866 2505 929 2549 ale
976 2509 1070 2552 talis
1118 2517 1226 2555 erat:
1277 2514 1441 2560 Primus
1488 2533 1604 2562 amor
1650 2526 1712 2564 est

22 2555 142 2601 fortis
189 2564 230 2604 et
274 2576 423 2618 magne
470 2567 656 2625 virtutis,
705 2586 867 2617 omnem
909 2580 1143 2632 angustiam
1184 2587 1225 2626 et
1256 2586 1467 2631 miseriam
1499 2592 1710 2646 pacienter

21 2630 198 2674 sustinet
228 2632 279 2676 ob
310 2634 507 2679 intuitum
539 2639 649 2683 illius
682 2645 789 2698 quod
829 2652 1003 2691 amatur.
1060 2650 1275 2709 Scriptura
1306 2660 1484 2703 secunde
1516 2662 1579 2704 ale
1612 2663 1705 2707 talis

19 2696 118 2742 fuit:
159 2701 289 2746 Verus
327 2719 443 2749 amor
483 2722 564 2752 non
603 2714 756 2768 querit,
796 2730 874 2771 que
914 2732 989 2762 sua
1027 2727 1143 2777 sunt,
1184 2731 1225 2768 et
1265 2742 1383 2772 verus
1424 2737 1584 2775 amator
1622 2748 1703 2777 non

18 2774 92 2824 est,
125 2773 195 2827 qui
225 2787 306 2817 non
339 2776 512 2831 largitur
544 2795 629 2825 sua.
679 2784 895 2842 Scriptura
927 2792 1052 2834 tercie
1081 2794 1145 2837 ale
1178 2797 1272 2840 talis
1305 2805 1413 2843 erat:
1448 2802 1701 2848 Tribulacio-

14 2850 110 2883 nem
141 2847 183 2886 et
212 2848 446 2900 angustiam
479 2864 599 2895 verus
630 2868 748 2898 amor
785 2858 972 2915 mitigat,
1013 2867 1053 2905 et
1092 2878 1168 2920 pro
1201 2869 1354 2912 eisdem
1393 2886 1474 2916 non
1511 2877 1696 2931 tepescit.

15 2907 230 2968 Scriptura
269 2923 414 2972 quarte
446 2921 509 2964 ale
539 2924 634 2967 talis
663 2932 768 2970 erat:
804 2928 899 2972 Veri
931 2934 1084 2976 amoris
1117 2942 1179 2980 est
1212 2953 1309 2984 vera
1339 2942 1420 2998 lex,
1454 2946 1561 2999 quod
1591 2961 1697 2991 nun-

11 2992 133 3036 quam
165 2989 343 3031 senescit
373 2992 445 3034 sed
477 3006 641 3051 semper
666 2998 910 3052 juvenescit.

1332 3088 1410 3123 42·je
