1949 3162
981 35 1064 77 568

183 153 239 185 est
271 145 448 198 questio,
488 144 597 183 unde
638 144 818 194 devenit,
859 144 969 183 venit
1002 144 1190 197 piscator
1221 143 1277 182 ad
1312 156 1447 197 reqem
1487 150 1524 183 et
1560 143 1641 182 ait:
1681 141 1862 183 Domine

181 215 306 256 nolite
338 215 602 255 contristari!
629 214 761 255 Nocte
790 216 873 254 ista
903 215 948 254 in
978 215 1092 254 mari*
1115 214 1317 268 piscando
1342 228 1453 253 eram
1477 221 1514 254 et
1529 214 1797 268 peregrinum
1817 214 1862 254 in

182 287 293 326 mari
316 285 549 340 projectum
579 287 732 337 inveni,
768 300 887 340 quem
919 286 1061 340 accepi
1091 293 1127 325 et
1157 286 1202 325 in
1234 285 1400 325 domum
1420 299 1552 324 meam
1582 285 1798 325 introduxi
1828 292 1864 325 et

184 372 275 398 eum
317 357 581 397 dormientem
625 353 724 408 [149
738 353 777 409 b]
812 357 963 396 dimisi.
1021 356 1110 396 Rea:
1142 371 1233 396 cum
1263 356 1338 396 hoc
1369 356 1569 407 audisset,
1607 357 1776 411 qai-isus
1807 363 1864 396 est

113 432 134 466 <5¹

181 428 315 478 valde,
339 428 464 468 mittit
485 427 541 467 ad
564 442 666 478 eum,
691 435 735 468 ut
756 442 796 467 se
819 428 874 468 ad
896 427 1044 467 bellum
1063 435 1322 482 prepararet.
1357 426 1532 467 Plebeus
1555 441 1645 466 eum
1667 427 1862 477 audisset,

184 499 296 553 quod
326 506 511 539 mortuus
542 513 627 538 non
658 507 777 550 esset,
818 500 955 539 timuit
992 498 1131 549 valde,
1173 499 1365 538 inducias
1406 497 1502 538 belli
1538 513 1564 538 a
1602 512 1696 552 reqe
1728 499 1860 552 petiit.

185 569 276 610 Rea:
321 569 513 609 inducias
565 570 688 609 unius
739 570 837 610 liore
880 571 918 609 ei
971 569 1188 609 concedere
1241 569 1417 609 nolebat.
1488 568 1621 609 Ambo
1674 583 1866 624 eampum

182 639 416 691 intrabant,
457 640 560 680 duos
598 641 703 680 ictus
744 641 963 692 dederunt,
1005 640 1076 680 sed
1112 641 1157 679 in
1199 641 1323 681 tercio
1362 642 1446 681 ictu
1481 637 1620 682 Guido
1652 639 1866 680 brachium

184 711 268 765 ejus
300 712 550 766 amputavit,
592 712 738 752 deinde
770 719 917 767 caput,
953 719 988 751 et
1018 712 1108 765 reqi
1136 713 1396 766 presentavit.
1453 711 1543 752 Rex
1573 725 1667 752 vero
1697 712 1865 766 qavisus

118 787 159 821 10
185 791 242 823 est
272 783 405 833 valde,
440 783 553 837 quod
580 784 825 837 pereyrinus
859 791 942 824 tam
971 782 1153 836 ylario&
1175 782 1460 837 triumphavit,
1495 790 1641 823 etcum
1670 783 1864 834 audisset,

186 854 297 909 quod
317 853 405 906 filii
437 853 578 894 Plebei
609 868 698 894 eum
728 855 771 894 in
804 868 917 894 mare
949 853 1230 908 projecerunt,
1274 868 1339 894 eos
1376 855 1421 894 in
1445 853 1638 909 patibulo
1670 853 1870 909 suspendi

173 925 304 980 feeit,
346 926 597 980 pereyrinus
636 940 730 965 vero
772 925 979 966 licentiam
1018 941 1042 965 a
1080 940 1173 980 reye
1214 927 1381 980 accepit.
1439 925 1515 966 Ille
1551 939 1646 966 vero
1688 925 1869 966 donaria

183 996 314 1037 multa
358 998 396 1036 ei
434 996 598 1047 obtulit,
639 1004 684 1037 ut
720 1011 854 1037 secum
893 1004 1095 1045 'maneret3
1135 998 1206 1037 sed
1243 997 1313 1037 ille
1350 995 1515 1037 nolebat
1553 998 1590 1037 ei
1627 997 1864 1037 consentire.

186 1067 351 1108 Aurum
383 1075 419 1108 et
449 1075 665 1123 arqentum
695 1069 742 1108 in
772 1083 925 1122 maqna
958 1069 1186 1122 quantitate
1218 1069 1343 1119 dedit,
1379 1069 1452 1122 qui
1476 1069 1615 1108 omnia
1642 1066 1771 1123 Tyrio
1793 1082 1866 1108 suo

117 1145 160 1179 15
186 1140 297 1180 dedit
335 1147 372 1180 et
411 1154 500 1180 eum
539 1154 630 1179 eum
665 1154 759 1194 reqe
794 1140 840 1179 in
865 1141 1049 1194 pristino
1079 1140 1217 1193 qradu
1250 1147 1286 1179 et
1314 1141 1360 1179 in
1391 1140 1548 1180 divitiis
1578 1140 1717 1180 multis
1749 1141 1868 1181 insti-

186 1212 264 1251 tuit
294 1218 331 1251 et
359 1211 449 1251 vale
469 1210 687 1266 reqifecit.
741 1211 830 1252 Rea:
852 1225 946 1251 «vero
969 1212 1029 1251 ait
1051 1212 1107 1251 ei:
1141 1209 1374 1263 Carissime‚
1403 1219 1580 1266 propter
1601 1212 1721 1252 deum
1741 1226 1869 1252 unum

186 1297 213 1322 a
251 1289 286 1322 te
317 1289 436 1337 peto,
480 1291 701 1337 antequam
737 1283 924 1333 recedas,
970 1283 1094 1323 dicito
1135 1283 1258 1334 milii,
1302 1283 1414 1337 quod
1452 1291 1510 1323 est
1545 1297 1694 1324 nomen
1731 1283 1872 1324 tuum!

186 1353 261 1394 Ait
295 1354 389 1394 ille.-
436 1353 639 1405 Domine,
687 1352 825 1396 Guido
865 1368 1009 1405 vocor,
1051 1355 1099 1394 de
1142 1368 1221 1409 quo
1262 1355 1400 1409 sepius
1440 1355 1606 1394 audisti.
1665 1354 1756 1395 Rex
1795 1353 1870 1394 lioc

186 1425 373 1476 audiens,
408 1426 555 1466 cecidit
584 1440 709 1481 super
741 1426 890 1466 collum
922 1425 1021 1478 ejus,
1054 1441 1249 1480 ‘maynam
1275 1433 1439 1480 partem
1474 1427 1512 1465 ei
1534 1426 1733 1480 promisit
1751 1426 1872 1480 reqni

117 1503 162 1537 20
187 1497 265 1547 sui,
300 1497 338 1536 si
366 1511 526 1536 moram
559 1512 649 1537 cum
681 1512 724 1537 eo
759 1497 947 1538 traheret.
1004 1496 1081 1537 Ille
1114 1511 1206 1537 ¹vero
1238 1497 1352 1537 nullo
1384 1497 1504 1537 modo
1538 1498 1576 1537 ei
1595 1496 1754 1538 volebat
1774 1512 1869 1538 con-

186 1568 347 1618 sentire,
381 1568 452 1608 sed
483 1568 688 1609 osculatus
720 1576 777 1609 est
806 1583 942 1623 reqem
972 1576 1009 1609 et
1037 1567 1086 1608 ab
1111 1583 1154 1609 eo
1176 1570 1350 1609 recessit.
1389 1566 1528 1610 Guido
1550 1583 1644 1609 vero
1667 1568 1870 1624 Anyliam

185 1639 359 1679 intravit
407 1647 444 1680 et
489 1640 545 1680 ad
578 1641 805 1695 proprium
846 1648 1027 1680 castrum
1058 1641 1258 1695 perrexit.
1314 1640 1424 1681 Ante
1461 1648 1626 1695 portam
1659 1654 1869 1696 pauperes

187 1710 365 1750 sedentes
395 1712 442 1750 in
472 1726 626 1766 ‹mayna
656 1711 918 1752 multitudine
949 1713 1106 1752 invenit
1137 1719 1173 1751 et
1202 1712 1310 1751 inter
1341 1727 1406 1752 eos
1430 1711 1635 1766 informa
1650 1712 1871 1767 pereqrine

188 1782 396 1822 comitissa
427 1783 532 1823 sedit
561 1797 669 1823 uaror
705 1783 812 1836 ejus,
853 1783 1129 1838 personaliter
1160 1783 1336 1837 sinqzdis
1369 1783 1510 1823 diebus
1541 1782 1806 1824 ministrabat
1835 1790 1873 1823 et

119 1859 163 1894 25
189 1852 353 1893 cuilibet
376 1854 563 1908 pauperi
594 1854 812 1894 denarium
844 1855 956 1895 dedit
987 1856 1147 1895 dicens:
1191 1853 1316 1894 Orate
1342 1869 1424 1909 pro
1458 1855 1623 1895 domino
1654 1869 1741 1895 meo
1768 1852 1870 1896 Gui-

190 1924 307 1975 done,
341 1932 386 1964 ut
416 1932 637 1979 antequam
669 1927 827 1965 moriar
856 1927 1060 1980 glaudium
1092 1926 1140 1965 de
1171 1940 1214 1966 eo
1247 1925 1433 1977 habeam,
1472 1933 1509 1966 et
1536 1933 1583 1966 ut
1599 1926 1786 1980 feliciter
1817 1926 1873 1966 ad

188 2010 250 2035 me
287 2003 536 2047 revertatur,
587 1997 785 2050 quoniam
826 1998 883 2038 ad
919 2005 1074 2038 terram
1110 2005 1296 2037 sanctam
1336 1997 1409 2037 diu
1449 1998 1650 2052 perrexit.
1705 1997 1874 2038 Accidit

190 2067 329 2107 eodem
368 2067 457 2118 die,
504 2068 615 2121 quod
641 2068 760 2119 filius
800 2068 905 2121 ejus,
956 2070 1030 2123 qui
1067 2076 1216 2124 septem
1257 2083 1463 2109 annorum
1501 2076 1610 2120 erat,
1658 2069 1873 2123 splendide

190 2138 360 2178 indutus
398 2146 498 2179 esset
537 2146 574 2179 et
609 2147 781 2179 matrem
818 2141 925 2180 inter
950 2155 1161 2195 pauperes
1193 2139 1447 2194 sequebatur.
1503 2139 1642 2181 Filius
1674 2155 1765 2181 cum
1795 2155 1871 2180 au-

121 2218 167 2252 30
193 2210 337 2261 disset,
377 2218 549 2250 matrem
590 2210 754 2251 cuilibet
787 2213 973 2266 pauperi
1007 2212 1219 2252 dominum
1255 2209 1486 2253 Guiclonem
1516 2214 1751 2263 nominare,
1792 2213 1871 2252 ait:

196 2280 230 2322 O
268 2289 419 2333 mater,
461 2289 519 2321 est
554 2282 674 2322 illene
708 2290 833 2337 pater
870 2297 1004 2335 meus,
1047 2297 1165 2337 quem
1202 2282 1459 2337 pauperibus
1497 2285 1588 2324 istis
1626 2285 1685 2324 sie
1719 2297 1872 2324 reeom-

191 2353 389 2393 mendas?
429 2352 489 2393 At
522 2353 621 2393 illa:
660 2353 829 2405 Eciam,
860 2354 932 2406 fili
967 2355 1034 2394 mi.
1097 2352 1244 2393 Tereia
1279 2362 1414 2406 nocte,
1449 2363 1677 2410 postquam
1707 2362 1743 2396 te
1774 2369 1871 2395 eon—

193 2425 305 2478 cepi,
353 2440 377 2464 a
424 2437 485 2464 ‘me
531 2426 694 2464 recessit
734 2432 770 2464 et
810 2425 991 2479 amplius
1031 2439 1119 2465 eum
1156 2439 1240 2465 non
1276 2427 1375 2466 vidi.
1433 2424 1533 2467 Cum
1569 2441 1663 2467 vero
1704 2427 1874 2467 domina

192 2496 300 2535 inter
323 2509 533 2550 pauperes
563 2510 640 2550 per
672 2496 858 2536 ordinem
890 2496 1132 2547 ambularet,
1166 2498 1276 2537 venit
1306 2498 1361 2537 ad
1391 2498 1527 2537 virum
1557 2513 1677 2537 suum
1711 2495 1871 2539 Guido-
1911 2524 1919 2528 »

124 2575 168 2609 35
193 2580 285 2605 nem
317 2574 351 2606 et
382 2566 643 2606 elemosinam
676 2568 714 2606 ei
744 2568 879 2615 dedit‚·
911 2569 982 2608 sed
1014 2568 1150 2622 qualis
1181 2576 1292 2620 esset,
1323 2570 1487 2623 penitus
1513 2569 1746 2623 iqnorabat.
1796 2568 1874 2610 Ille

192 2651 287 2677 vero
322 2645 447 2691 caput
477 2652 596 2677 suum
627 2638 870 2690 inclinabat,
904 2654 953 2679 ne
985 2648 1284 2693 aqnoscerstur.
1340 2640 1528 2681 Domina
1559 2655 1649 2680 cum
1680 2642 1738 2682 ad
1767 2641 1872 2682 alios

189 2723 397 2763 pauperes
428 2708 688 2759 ambulasset,
723 2709 839 2761 filius
872 2710 1129 2764 sequebatur,
1171 2708 1390 2765 Guidoque
1421 2711 1557 2752 oeulos
1587 2726 1683 2752 suos
1713 2712 1873 2752 elevans

194 2780 417 2834 vidensque
445 2780 586 2832 filium
625 2795 764 2831 suum,
807 2795 925 2834 quem
963 2789 1055 2821 ante
1086 2782 1270 2822 nondum
1301 2782 1485 2833 viderat,
1525 2797 1608 2823 non
1633 2790 1803 2837 poterat
1831 2797 1873 2823 se

196 2851 399 2890 continere
410 2866 421 2898 ‚·
463 2847 583 2903 [150]
609 2850 752 2908 filium
781 2852 889 2891 inter
921 2851 1091 2892 brachia
1122 2854 1279 2907 accepit
1309 2861 1345 2893 et
1376 2853 1580 2893 osculatus
1612 2861 1668 2894 est
1699 2868 1803 2905 eum,
1836 2861 1873 2894 et

126 2928 172 2963 40
196 2921 277 2960 ait:
321 2919 354 2961 Ο
376 2921 449 2974 fili
478 2921 732 2973 dulcissime,
772 2922 869 2962 deus
901 2923 968 2963 det
997 2922 1074 2963 tibi
1099 2925 1282 2978 qratiam
1314 2924 1386 2964 deo
1413 2924 1604 2979 placere!
1645 2923 1901 2980 Domieelle¹
