1949 3162
1006 73 1090 114 60ss

216 183 273 225 At
310 182 401 223 ille:
450 180 566 230 Quod
604 179 711 233 dixi,
751 179 837 220 dixi
870 182 910 220 et
940 178 1016 220 hoc
1047 178 1089 219 in
1128 177 1249 218 corde
1289 189 1378 217 meo
1420 173 1633 216 affirmavi.
1685 172 1770 223 Que
1803 174 1880 215 ait:

217 253 392 295 Domine
418 251 568 305 judex,
609 264 659 293 ex
691 263 769 304 quo
800 251 859 291 ita
891 252 953 290 est
984 248 1091 303 quod
1123 260 1197 289 nec
1228 259 1348 302 prece
1387 258 1461 287 nec
1501 245 1637 300 precio
1669 245 1746 286 iste
1778 257 1899 286 mer-.

217 328 330 366 cator
361 326 496 377 potest
526 321 653 374 flecti,
694 325 787 376 peto
827 321 1029 362 instanter
1061 323 1105 360 ut
1134 318 1267 372 legem
1301 330 1491 359 exerceas
1532 321 1616 357 tam
1649 328 1722 370 pro
1755 314 1884 356 milite

218 408 338 448 quam
372 406 446 448 pro
479 396 717 434 mercatore.
774 391 891 433 Dixit
916 390 1063 444 judex:
1104 389 1309 443 Quidquid
1341 388 1407 429 lex
1441 387 1558 441 jubet
1588 387 1663 428 hoc
1693 385 1883 441 implebo.

217 466 289 507 Ait
319 464 390 506 illa
424 464 658 505 mercatori:
692 463 769 505 Dic
800 462 923 503 michi
954 461 995 502 in
1029 474 1108 514 qua
1140 463 1256 515 parte
1288 459 1470 514 corporis
1503 471 1645 499 carnes
1678 457 1764 511 ejus
1786 456 1886 498 velis

219 535 439 578 abscidere.
474 534 529 576 Et
559 534 648 576 ille:
681 534 725 576 In
759 537 934 589 pectore,
966 531 1035 573 ubi
1058 543 1126 572 cor
1144 531 1266 584 jacet.
1301 530 1386 580 Que
1409 529 1513 571 dixit
1531 528 1680 582 judici:
1712 527 1888 569 Domine

218 608 294 660 mi,
342 619 479 648 coram
526 605 714 647 omnibus
752 604 893 646 dixisti
933 602 1040 657 quod
1072 601 1281 656 justiciam
1325 601 1426 642 velis
1466 604 1604 642 tenere
1644 612 1716 654 pro
1758 597 1888 639 milite

220 679 326 720 sicut
358 691 431 732 pro
462 681 702 718 mercatore.
742 676 807 717 Ex
840 688 917 729 quo
949 674 1007 715 ita
1039 677 1113 726 est,
1145 676 1238 727 peto
1271 673 1473 714 instanter
1502 669 1740 712 beneficium
1774 668 1888 722 legis.

219 749 307 791 Rex
339 749 450 801 dicit,
484 748 592 802 quod
624 748 868 801 quicumque
900 745 1142 798 sanguinem
1174 744 1345 797 alicujus
1378 741 1579 794 effuderit,
1611 740 1778 794 sanguis
1805 740 1890 794 ejus

221 833 294 876 pro
327 833 373 862 eo
406 818 650 861 effundatur.
693 817 812 859 Miles
845 817 921 858 iste
953 820 1113 858 tantum
1148 814 1461 857 convencionem
1495 812 1647 854 fecerat
1679 811 1727 853 de
1759 811 1891 853 carni-

221 892 296 934 bus
329 890 629 942 abscindendis,
662 902 743 930 non
775 888 824 930 de
856 887 1051 930 effusione
1084 885 1308 939 sanguinis.
1362 885 1422 926 Tu
1454 897 1549 937 ergo
1581 886 1783 925 mercator
1814 882 1891 924 im-

223 963 336 1018 pleas
368 961 685 1003 convencionem
717 964 844 1012 tuam,
878 959 1122 1012 ubicumque
1164 957 1339 999 volueris
1376 956 1420 997 in
1458 958 1543 997 toto
1583 967 1753 1009 corpore
1793 952 1891 1007 ejus,

223 1034 295 1076 sed
327 1033 478 1086 videas,
512 1046 563 1074 ne
595 1032 834 1085 sanguinem
868 1031 954 1084 ejus
977 1028 1173 1082 effundas,
1207 1029 1302 1083 quia
1334 1027 1368 1068 si
1392 1026 1468 1068 hoc
1487 1026 1632 1068 feceris
1653 1023 1892 1067 beneficium

223 1105 324 1158 legis
357 1104 543 1159 recipies,
587 1103 698 1145 Dicit
730 1103 766 1145 ei
800 1104 1021 1143 mercator:
1054 1100 1119 1142 Ex
1152 1113 1229 1153 quo
1262 1099 1320 1140 ita
1352 1102 1426 1151 est,
1460 1097 1511 1139 da
1532 1096 1656 1139 michi
1678 1095 1893 1151 pecuniam

223 1190 356 1218 meam
391 1179 431 1217 et
461 1175 537 1216 tibi
568 1175 733 1217 remitto
767 1186 929 1214 omnem
962 1172 1168 1213 accionem
1202 1183 1323 1224 quam
1357 1173 1499 1211 contra
1529 1172 1570 1211 te
1600 1167 1771 1210 habebo.
1809 1165 1895 1216 Que

225 1249 300 1290 ait:
341 1247 444 1289 Dico
475 1246 565 1299 tibi,
599 1245 694 1300 quia
725 1258 806 1287 non
839 1243 1053 1286 denarium
1087 1242 1135 1284 ab
1173 1255 1218 1284 eo
1258 1240 1474 1296 optinebis.
1527 1239 1675 1282 Coram
1707 1237 1895 1280 omnibus

225 1320 300 1361 tibi
333 1317 464 1373 optuli
498 1321 537 1359 et
568 1316 781 1358 rennuisti.
834 1314 890 1356 Et
921 1327 1119 1356 conversa
1151 1313 1202 1355 ad
1227 1313 1408 1366 judicem
1444 1312 1520 1353 ait:
1565 1310 1812 1363 Karissime,
1845 1308 1898 1350 da

220 1390 434 1445 judicium.
487 1388 564 1438 Qui
605 1388 680 1429 ait:
722 1387 817 1428 Vita
857 1390 918 1428 est
958 1385 1116 1427 salvata
1158 1383 1301 1425 militis
1339 1396 1561 1437 numquam
1607 1381 1727 1424 evelli
1765 1382 1900 1436 potest

227 1463 314 1503 sine
347 1460 558 1513 sanguinis
591 1457 809 1511 effusione,
850 1457 899 1499 de
933 1470 1011 1512 quo
1043 1455 1292 1498 mentionem
1325 1454 1423 1496 fecit
1454 1454 1496 1495 in
1528 1451 1820 1505 convencione,
1860 1453 1900 1492 et

229 1533 324 1587 quia
354 1535 557 1574 mercator
590 1529 753 1571 rennuit
785 1529 891 1583 quod
925 1542 1042 1570 suum
1077 1532 1184 1580 erat,
1217 1529 1402 1568 transeat
1433 1539 1528 1579 ergo
1561 1525 1648 1566 sine
1679 1522 1897 1565 solucione.

227 1604 302 1646 Illa
340 1616 431 1645 cum
471 1602 546 1644 hoc
588 1601 792 1653 audisset,
832 1600 992 1654 gracias
1024 1598 1155 1653 judici
1192 1597 1372 1639 reddidit
1411 1600 1451 1638 et
1487 1596 1572 1638 ait:
1611 1595 1808 1648 Domine,
1849 1592 1900 1634 ad

229 1675 394 1717 domum
434 1678 474 1715 te
513 1671 822 1724 recommendo,
863 1671 991 1713 exivit
1031 1674 1070 1712 et
1109 1683 1258 1724 equum
1298 1668 1481 1711 ascendit
1520 1673 1560 1710 et
1591 1667 1756 1708 domum
1788 1664 1902 1719 cqui-

229 1747 345 1788 tavit.
399 1745 551 1787 Omnes
585 1748 720 1785 autem
747 1743 869 1797 juxta
894 1742 1075 1796 judicem
1111 1741 1298 1783 sedentes
1331 1740 1542 1781 dixerunt:
1581 1737 1699 1780 Miles
1730 1737 1808 1778 iste
1839 1748 1902 1777 re-

230 1818 377 1860 cedens
422 1816 525 1857 miro
563 1815 684 1856 modo
729 1818 769 1856 et
817 1814 1024 1869 sapienter
1061 1812 1236 1854 militem
1283 1811 1398 1853 illum
1444 1809 1638 1863 salvavit,
1685 1813 1726 1851 et
1763 1819 1902 1850 omnes

231 1888 452 1931 credebant
484 1900 572 1928 eam
606 1899 695 1928 esse
727 1885 872 1926 virum.
926 1884 1063 1926 Finito
1104 1887 1238 1925 autem
1274 1882 1428 1936 judicio
1468 1894 1608 1922 omnes
1647 1880 1905 1922 recesserunt

233 1964 274 2002 et
304 1962 507 2001 mercator
540 1958 590 1999 ad
622 1957 787 1998 domum
820 1970 936 1998 suam
969 1955 1160 1998 confusus
1193 1954 1304 1996 abiit.
1346 1953 1463 1995 Miles
1497 1956 1632 1994 autem
1664 1951 1717 1993 ad
1738 1950 1901 1992 domum

234 2031 368 2087 puelle
406 2030 492 2072 ivit.
556 2026 631 2070 Illa
669 2032 806 2070 autem
844 2027 1009 2069 interim
1049 2026 1211 2068 ornavit
1248 2039 1291 2067 se
1336 2025 1442 2066 sicut
1488 2024 1601 2079 prius
1648 2022 1699 2064 ad
1737 2020 1903 2063 modum

233 2101 418 2144 mulieris
451 2104 491 2142 et
521 2099 782 2155 amplexatus
815 2102 876 2140 est
907 2112 999 2140 eum
1033 2101 1073 2140 et
1105 2098 1181 2139 ait:
1223 2096 1470 2148 Karissime,
1504 2093 1705 2149 quomodo
1739 2091 1905 2135 evasisti

234 2173 381 2215 hodie?
433 2171 510 2222 Qui
549 2171 625 2212 ait:
665 2170 752 2224 Ego
794 2183 906 2212 eram
939 2169 1194 2223 adjudicatus
1226 2167 1350 2209 morti
1382 2170 1422 2208 et
1453 2166 1586 2208 subito
1618 2163 1788 2206 intravit
1817 2162 1906 2217 qui-

236 2245 332 2287 dam
363 2243 481 2285 miles
512 2242 677 2296 juvenis
716 2241 834 2283 valde
876 2244 916 2283 et
956 2241 1119 2296 sapiens
1161 2242 1201 2281 et
1241 2250 1462 2292 generosus
1505 2240 1545 2279 et
1583 2236 1797 2290 eloquens,
1837 2233 1906 2288 qui

235 2330 310 2372 per
342 2315 591 2371 sapienciam
625 2326 742 2355 suam
774 2326 839 2354 me
869 2311 1061 2354 liberavit
1100 2314 1140 2353 et
1171 2310 1246 2352 hoc
1277 2323 1358 2351 non
1391 2308 1578 2351 obstante
1610 2307 1669 2349 ita
1700 2306 1906 2361 sapienter

236 2387 498 2442 loquebatur,
539 2385 647 2440 quod
685 2384 812 2426 eciam
852 2382 978 2425 nichil
1016 2381 1234 2425 mercatori
1271 2384 1412 2423 tenero
1453 2379 1611 2421 solvere
1649 2378 1746 2432 quia
1778 2376 1907 2431 judex

238 2472 313 2514 pro
352 2471 418 2499 me
457 2456 708 2499 sentenciam
749 2454 862 2497 dedit
907 2458 946 2497 et
992 2457 1195 2496 mercator
1236 2453 1323 2495 sine
1369 2451 1574 2493 solucione
1621 2449 1733 2491 abiit.
1790 2446 1908 2489 Dixit

239 2529 398 2586 puella:
441 2528 506 2570 Ex
539 2541 618 2582 quo
650 2530 690 2568 te
721 2527 819 2568 deus
852 2539 925 2581 per
956 2525 1207 2580 sapienciam
1238 2523 1358 2578 hujus
1389 2509 1533 2564 militis
1564 2519 1750 2572 salvavit,
1783 2531 1908 2573 quare

238 2601 375 2656 ipsum
409 2599 461 2641 ad
491 2598 710 2654 prandium
742 2611 825 2639 non
855 2596 1037 2639 vocasti?
1068 2595 1295 2650 Respondit
1324 2593 1461 2636 miles:
1496 2591 1638 2634 Subito
1668 2590 1839 2633 intravit
1869 2591 1910 2632 et

239 2672 354 2714 finito
381 2670 537 2725 judicio
571 2669 699 2712 exivit
729 2681 804 2710 nec
837 2673 980 2723 postea
1010 2668 1126 2723 potui
1156 2667 1293 2722 ipsum
1324 2665 1473 2707 videre.
1512 2661 1740 2717 Respondit
1763 2661 1908 2715 juven-

242 2743 360 2785 cula:
405 2742 447 2784 Si
486 2754 577 2783 eum
617 2740 797 2793 videres,
838 2739 1038 2793 numquid
1069 2738 1265 2780 noticiam
1301 2737 1386 2791 ejus
1416 2732 1620 2776 haberes?
1671 2731 1747 2782 Qui
1785 2731 1908 2773 dixit:
1948 2748 1949 2780 l

244 2814 423 2869 Optime.
476 2812 550 2854 Illa
592 2824 796 2853 cameram
837 2810 1009 2852 intravit
1050 2813 1090 2851 et
1120 2809 1225 2851 sicut
1255 2808 1369 2863 prius
1402 2820 1444 2848 se
1476 2804 1655 2855 ornavit
1694 2816 1772 2857 quo
1802 2802 1909 2844 facto
1947 2781 1949 2856 l

246 2886 385 2927 exivit.
434 2883 551 2925 Miles
584 2895 673 2924 cum
709 2894 795 2923 eam
830 2881 1000 2922 vidisset
1032 2880 1140 2922 ultra
1172 2893 1293 2934 quam
1332 2877 1442 2920 credi
1475 2879 1608 2932 potest
1638 2873 1843 2928 gaudebat
1872 2874 1912 2914 et

245 2955 451 2997 osculatus
482 2958 545 2996 est
575 2966 664 2995 eam
697 2956 737 2994 et
768 2952 844 2993 ait:
882 2951 1154 2993 Benedicatur
1186 2951 1286 2992 hora
1324 2950 1366 2990 in
1398 2961 1476 3003 qua
1506 2946 1621 2988 fuisti
1651 2948 1760 2987 nata.
1812 2943 1911 2985 Post
