1919 3157
874 86 954 126 4:37

74 192 174 232 quos
207 181 256 222 ad
291 195 362 223 uos
396 198 467 238 per
502 193 667 239 peccata
701 203 905 237 vocamus,
940 197 1145 236 terrentur
1179 201 1218 236 et
1250 197 1524 252 depelluntur,
1559 206 1598 242 et
1629 203 1751 244 draco

73 249 97 290 i.
121 263 154 292 e.
189 251 375 295 diabolus
409 256 640 310 expellitur.
701 260 946 304 Mem-atores
981 265 1004 304 i.
1030 280 1062 306 e.
1100 266 1376 320 predicatores
1410 277 1449 312 et
1481 274 1748 327 confessores,

71 321 138 374 qui
173 323 321 366 cotidie
345 324 555 369 lucrantur
588 331 759 377 animas,
794 347 894 387 quas
928 335 1113 378 diabolus
1136 343 1307 380 conatur
1331 343 1501 383 auferre.
1555 344 1631 386 iste
1654 349 1750 387 tunc

68 391 282 436 deducitur
314 396 353 437 in
380 398 486 438 viam
522 405 671 442 rectam
706 404 885 446 civitatis
919 413 1059 448 sancte
1094 406 1215 462 [nuh]
1252 410 1512 466 Hierusalem,
1548 415 1597 456 ad
1625 430 1746 470 quam

62 475 140 504 nos
173 465 368 518 perducat
403 468 591 512 dominus
626 479 763 515 noster
799 475 934 517 ihesus
968 477 1155 520 Christus
1190 485 1264 522 etc.
1795 495 1817 528 5

717 703 817 746 CAP.
843 707 934 748 115.
955 709 1088 759 (107.)

313 784 387 829 De
423 794 563 833 morte
604 789 770 836 Clere'sle'
797 808 886 852 pro
926 800 1080 839 nostra
1119 800 1501 846 reconciliacione.

175 890 347 941 Quidam
384 894 608 950 imperator
640 904 747 951 erat,
782 901 850 954 qui
885 904 1089 956 quandam
1123 905 1316 949 forestam
1353 908 1547 964 habebat,
1590 913 1628 953 in
1663 928 1741 968 qua

57 961 190 1003 fuerat
231 964 396 1018 quidam
446 966 632 1023 elephas,
681 972 743 1012 cui
793 974 955 1027 penitus
996 975 1132 1017 nullus
1174 980 1507 1035 appropinquare
1550 984 1738 1027 audebat.

56 1032 240 1076 Audiens
274 1049 369 1077 vero
402 1036 476 1079 hoc
509 1053 578 1081 rex
614 1055 636 1082 a
661 1042 914 1099 philosophis
948 1049 987 1086 et
1015 1048 1270 1101 sapientibus
1293 1056 1483 1094 naturam
1509 1054 1739 1109 elephantis
1770 1065 1809 1098 10

55 1105 250 1158 quesivit,
290 1106 349 1148 illi
390 1122 485 1150 vero
526 1113 827 1166 responderunt
867 1120 907 1157 et
945 1117 1159 1172 dixerunt,
1209 1121 1314 1174 quod
1358 1122 1524 1178 elephas
1565 1127 1737 1170 mundas

54 1175 233 1228 virgines
280 1178 451 1221 multum
501 1182 691 1235 diligeret
737 1189 776 1226 et
824 1200 962 1229 earum
1013 1195 1133 1231 cantu
1182 1191 1467 1237 delectaretur.
1531 1196 1617 1238 Rex
1661 1198 1737 1241 hoc

53 1246 221 1290 audiens
272 1251 412 1292 statim
460 1253 556 1295 fecit
603 1255 753 1309 inquiri
801 1257 902 1300 duas
942 1260 1099 1314 puellas
1140 1262 1331 1306 honestas
1371 1270 1411 1307 et
1451 1267 1642 1322 pulchras
1689 1284 1736 1313 ac

51 1317 224 1361 dulciter
266 1326 500 1377 cantantes,
542 1339 642 1379 quas
681 1328 721 1368 in
755 1342 880 1382 regno
915 1344 986 1372 suo
1028 1332 1215 1376 habebat.
1274 1335 1442 1379 Invente
1483 1344 1578 1381 sunt
1609 1341 1735 1394 igitur

51 1388 128 1432 due
161 1391 339 1445 virgines
373 1395 474 1436 satis
509 1396 675 1451 pulchre
709 1404 747 1440 et
781 1400 970 1455 honeste,
1004 1417 1105 1457 quas
1138 1418 1207 1447 rex
1242 1406 1339 1447 fecit
1371 1408 1569 1452 denudari
1602 1417 1642 1454 et
1673 1413 1732 1455 fo·
1762 1422 1803 1456 15

48 1465 199 1503 restam
232 1463 290 1505 sic
321 1465 429 1507 nude
461 1467 634 1512 intrare:
671 1484 750 1512 una
783 1485 921 1514 earum
956 1474 1107 1529 pelvim
1132 1478 1290 1532 accepit
1312 1482 1351 1520 et
1374 1479 1502 1523 altera
1524 1482 1730 1537 gladium3

49 1537 88 1574 et
126 1533 347 1578 intrabant.
405 1537 449 1579 In
491 1539 661 1582 introitu
705 1542 946 1598 inceperunt
985 1546 1159 1589 dulciter
1199 1554 1378 1592 cantare.
1436 1551 1523 1594 Hoc
1560 1555 1730 1598 audiens

47 1603 213 1659 elephas
232 1608 343 1649 venit
359 1608 411 1650 ad
430 1623 511 1662 eas,
536 1613 644 1667 cepit
662 1614 866 1657 mamillas
890 1630 1027 1659 earum
1053 1618 1247 1673 lambere,
1271 1625 1311 1662 et
1336 1623 1514 1676 virgines
1537 1627 1730 1670 continue

45 1676 267 1719 cantabant
298 1680 469 1734 tamdiu,
503 1696 714 1738 quousque
745 1685 910 1742 elephas
933 1688 974 1730 in
997 1691 1152 1742 gremio
1177 1693 1296 1733 unius
1319 1693 1490 1747 virginis
1512 1698 1725 1751 requievit.

44 1746 140 1789 Alia
172 1749 286 1803 virgo
318 1751 462 1793 videns
496 1753 754 1809 elephantem
789 1758 829 1799 in
863 1760 1019 1813 gremio
1043 1760 1214 1803 alterius
1237 1764 1408 1817 virginis
1432 1766 1612 1810 dormire
1635 1783 1726 1812 cum
1753 1780 1797 1812 20

43 1817 178 1871 gladio
211 1833 303 1862 eum
347 1823 514 1877 occidit,
557 1831 596 1867 et
628 1828 765 1882 virgo,
810 1830 850 1871 in
884 1831 998 1885 cujus
1030 1833 1186 1885 gremio
1226 1835 1440 1890 dormivit,
1483 1839 1635 1893 pelvim
1677 1841 1726 1884 de

43 1891 241 1944 sanguine
274 1892 503 1949 elephantis
536 1897 730 1952 replevit,
774 1905 814 1942 et
845 1902 903 1943 sic
936 1902 986 1944 ad
1019 1917 1155 1957 regem
1190 1912 1484 1960 perrexerunt3
1523 1924 1594 1952 rex
1630 1926 1724 1954 vero

41 1961 206 2014 gavisus
245 1969 307 2006 est
349 1965 485 2020 valde,
527 1972 567 2010 et
606 1970 746 2011 statim
786 1972 883 2013 fecit
922 1973 1008 2016 fieri
1051 1989 1276 2031 purpuram
1321 1983 1361 2020 et
1401 1980 1529 2022 multa
1562 1982 1643 2024 alia
1674 1984 1724 2026 de

41 2032 179 2075 eodem
214 2037 424 2089 sanguine.
1321 2038 1323 2040 ¹

157 2106 443 2150 Moralizacio.
509 2109 735 2166 Carissimi,
770 2114 846 2156 iste
870 2116 1094 2171 imperator
1126 2123 1188 2160 est
1209 2124 1326 2174 pater
1348 2121 1524 2176 celestis,
1557 2124 1722 2180 elephas
1748 2136 1792 2169 25

39 2173 227 2218 dominus
267 2183 407 2221 noster
449 2180 589 2224 lhesus
630 2183 840 2239 Christus,
881 2187 949 2241 qui
991 2192 1086 2231 ante
1124 2190 1454 2235 incarnacionem
1495 2200 1583 2237 erat
1621 2197 1721 2239 satis

38 2250 244 2301 austerus,
286 2249 364 2292 due
397 2251 576 2305 virgines
616 2255 782 2298 fuerunt
813 2256 945 2300 Maria
977 2263 1017 2300 et
1047 2259 1156 2314 Eva,
1198 2275 1276 2316 que
1313 2264 1432 2306 ambe
1464 2271 1582 2308 erant
1612 2268 1720 2310 nude

37 2316 86 2359 ab
121 2320 231 2361 omni
265 2326 446 2376 peccato,
479 2323 611 2366 Maria
643 2327 899 2370 sanctificata
930 2329 971 2370 in
1000 2335 1127 2385 utero,
1160 2332 1250 2374 Eva
1280 2332 1415 2376 locata
1446 2335 1487 2376 in
1509 2339 1715 2392 paradiso.

35 2385 122 2430 Eva
153 2389 334 2443 gladium
368 2395 552 2448 portavit
582 2397 607 2437 i.
633 2411 665 2439 e.
701 2404 934 2454 peccatum,
973 2403 1079 2456 quod
1113 2404 1321 2446 commisit
1351 2411 1494 2449 contra
1526 2408 1591 2450 dei
1624 2423 1717 2464 pre-

35 2464 164 2515 cepta,
198 2467 368 2518 propter
399 2466 504 2518 quod
529 2465 717 2510 Christus
741 2484 859 2512 verus
883 2471 1050 2526 elephas
1073 2478 1258 2516 mortuus
1291 2481 1364 2518 est.
1409 2477 1539 2520 Maria
1563 2480 1713 2535 pelvim
1740 2494 1786 2527 30

33 2529 59 2571 i.
83 2544 116 2572 e.
158 2537 317 2575 uterum
359 2536 611 2591 virgineum,
652 2539 693 2580 in
733 2555 812 2595 quo
852 2548 1073 2598 conceptus
1111 2550 1199 2587 erat
1231 2546 1418 2590 Christus
1451 2554 1491 2591 et
1522 2551 1608 2604 ejus
1641 2552 1714 2594 hu-

34 2603 209 2645 manitas
249 2605 437 2649 formata.
494 2608 674 2664 Elephas
713 2612 840 2654 ubera
880 2613 1087 2657 lambebat
1128 2617 1152 2658 i.
1177 2630 1210 2659 e.
1251 2618 1379 2672 legem
1422 2621 1631 2676 antiquam
1674 2629 1714 2666 et

32 2684 200 2728 novam,
241 2689 318 2730 que
357 2683 453 2720 sunt
492 2679 571 2721 duo
612 2681 757 2736 ubera,
798 2697 871 2738 per
910 2699 987 2739 que
1020 2685 1083 2729 lac
1115 2687 1260 2730 salutis
1293 2704 1439 2743 sugere
1472 2694 1709 2747 poterimus.

33 2740 218 2787 Christus
250 2751 423 2803 utraque
460 2750 686 2806 lambebat,
725 2753 749 2795 i.
775 2768 808 2796 e.
846 2759 1063 2811 utramque
1100 2757 1229 2812 legem
1268 2761 1457 2817 implevit
1493 2777 1584 2805 cum
1617 2779 1711 2807 san-

30 2814 192 2867 guinem
243 2831 359 2861 suurn
408 2820 569 2876 effudit,
620 2823 670 2866 de
710 2826 825 2879 cujus
866 2828 1066 2881 sanguine
1112 2831 1248 2874 anime
1286 2838 1426 2876 nostre
1470 2835 1575 2878 facte
1614 2842 1711 2880 sunt
1735 2847 1780 2881 35

30 2891 256 2940 purpurate
288 2892 399 2933 omni
431 2892 585 2936 honore
617 2899 658 2937 et
694 2896 865 2950 gaudio,
904 2907 950 2940 ut
987 2900 1046 2941 sic
1079 2901 1113 2944 si
1147 2901 1331 2945 volumus
1365 2905 1491 2947 vitam
1524 2910 1706 2951 eternam

28 2957 324 3015 possideamus,
357 2963 408 3004 ad
441 2976 562 3018 quam
596 2979 670 3009 uos
701 2967 912 3024 perducat.
