1919 3157
860 98 944 139 365

61 202 136 244 deo
168 203 327 256 gracias
360 194 540 245 reddidit
577 207 616 245 et
653 207 738 245 toto
777 207 963 258 tempore
996 204 1078 245 vite
1118 217 1189 245 sue
1222 204 1263 244 in
1297 203 1403 245 bona
1436 217 1534 259 pace
1568 205 1671 246 vixit
1702 208 1742 247 et

61 274 252 329 spiritum
287 273 361 315 deo
393 274 583 315 reddidit.

178 344 405 397 Carissimi,
435 345 511 387 iste
542 346 767 400 imperator
789 348 925 400 potest
947 345 1025 386 dici
1050 345 1221 398 quilibet
1243 345 1362 386 bomo
1385 346 1566 388 totaliter
1589 346 1740 388 mundo

61 415 194 468 datus,
229 416 297 470 qui
332 421 500 471 propter
532 416 702 458 divicias
736 421 775 458 et
805 416 977 457 honores
1011 416 1050 457 in
1075 416 1269 470 superbia
1301 417 1434 457 cordis
1468 418 1652 470 erigitur,
1687 418 1741 459 si-

59 491 130 528 cut
168 486 272 529 alter
310 486 675 539 Nabugodonosor,
717 488 785 542 qui
826 487 976 528 divinis
1011 487 1215 541 preceptis
1255 501 1336 528 non
1369 487 1562 529 obedivit.
1614 488 1741 530 Vocat

59 557 212 600 milites
251 559 277 599 i.
312 571 345 599 e.
386 572 549 610 sensus,
593 559 725 613 pergit
764 558 814 599 ad
855 557 1086 599 venandum
1128 559 1267 599 mundi
1309 559 1532 610 vanitates,
1574 560 1739 601 interim

59 628 171 670 calor
202 629 489 671 intollerabilis
522 631 547 670 i.
573 644 593 671 e
616 630 836 685 temptacio
861 628 1064 670 diabolica
1093 642 1183 670 eum
1209 630 1368 684 arripit,
1403 630 1508 684 quod
1532 631 1740 683 quiescere

60 713 141 742 non
183 705 338 756 potest,
387 714 597 754 quousque
640 702 677 742 in
721 701 836 754 aquis
877 700 1097 740 mundanis
1143 700 1196 741 sit
1235 701 1418 742 totaliter
1458 702 1738 754 refrigeratus,

58 771 139 813 ista
171 772 433 825 refrigeracio
467 776 529 813 est
557 772 847 813 detrimentum
874 771 1009 812 anime
1039 775 1079 812 et
1101 771 1159 812 sic
1181 772 1333 814 milites
1367 773 1391 813 i.
1416 786 1449 813 e.
1475 786 1618 813 sensus
1652 773 1740 814 sine

58 843 243 884 custodia
264 843 470 884 hominem
490 843 725 894 demittunt,
759 843 1114 897 quocienscunque
1137 842 1177 883 in
1201 856 1307 896 aqua
1324 843 1533 884 mundana
1555 843 1739 885 balneari

58 913 245 956 intendit.
295 913 376 956 Sed
417 914 464 956 de
507 928 609 968 equo
650 915 782 970 primo
822 913 1045 966 descendit,
1085 914 1110 954 i.
1143 927 1176 955 e.
1210 928 1233 955 a
1270 914 1349 956 tide
1391 918 1518 968 errat,
1562 916 1657 969 quia
1696 915 1738 956 in

57 984 261 1040 baptismo
308 985 481 1027 firmiter
529 986 603 1028 deo
653 985 844 1041 promisit
892 984 1088 1026 adherere
1128 988 1167 1026 et
1213 986 1376 1040 pompis
1424 986 1575 1028 diaboli
1622 986 1738 1028 abre-

56 1057 276 1109 nunciare,
324 1057 394 1099 sed
441 1070 562 1111 quam
611 1057 689 1098 cito
729 1057 912 1098 totaliter
954 1069 996 1097 se
1037 1055 1078 1096 in
1120 1057 1236 1109 aquis
1284 1057 1504 1098 mundanis
1551 1056 1737 1110 involvit,

56 1127 176 1170 fidem
208 1128 363 1181 frangit
396 1132 435 1170 et
466 1128 542 1170 hoc
574 1133 636 1170 est
668 1128 716 1170 de
749 1142 850 1182 equo
882 1128 1140 1169 descendere.
1190 1127 1349 1170 Deinde
1381 1128 1572 1183 deposuit
1604 1132 1738 1170 vestes

55 1199 82 1240 i.
107 1212 140 1240 e.
165 1199 351 1253 virtutes,
385 1213 486 1254 quas
520 1200 557 1241 in
593 1199 798 1254 baptismo
831 1199 1000 1254 recepit,
1034 1202 1074 1240 et
1107 1199 1163 1240 sic
1196 1200 1328 1241 nudus
1362 1200 1486 1242 miser
1518 1200 1558 1241 in
1596 1200 1739 1241 mundi

56 1270 307 1313 vanitatibus
342 1271 464 1324 jacet.
528 1269 633 1320 Quid
674 1275 735 1312 est
773 1269 1030 1312 faciendum?
1078 1269 1197 1312 Certe
1237 1274 1282 1312 ut
1321 1270 1425 1312 alius
1458 1271 1614 1312 scilicet
1646 1284 1739 1326 pre-

55 1341 177 1395 latus,
218 1343 286 1396 qui
326 1341 447 1383 fidem
482 1346 520 1383 et
551 1341 725 1383 virtutes
759 1341 881 1383 habet
914 1354 1004 1383 eum
1038 1341 1257 1395 custodire,
1290 1343 1315 1383 i.
1341 1355 1373 1384 e.
1398 1342 1645 1384 vestimenta
1675 1356 1739 1384 re-

56 1403 206 1468 cipere,
239 1413 335 1467 quia
367 1413 525 1468 prelato
559 1413 680 1454 datur
697 1416 880 1468 potestas
903 1413 1087 1455 solvendi
1106 1417 1377 1468 peccatorem,
1411 1413 1604 1467 quociens
1635 1426 1737 1468 puro

55 1484 177 1526 corde
206 1484 256 1525 ad
286 1484 405 1526 deum
437 1498 480 1526 se
512 1484 726 1526 convertit.
774 1484 1019 1526 <Iovinianus
1052 1498 1143 1526 cum
1177 1485 1226 1526 de
1259 1498 1366 1539 aqua
1397 1484 1527 1526 exivit
1561 1488 1635 1526 etc.
1672 1484 1739 1526 Sic

54 1555 181 1598 miser
213 1555 348 1609 homo,
382 1569 473 1597 cum
507 1555 557 1597 de
590 1569 695 1609 aqua
727 1556 936 1597 mundana
969 1570 1042 1611 per
1074 1555 1139 1597 dei
1177 1556 1358 1609 graciam
1393 1555 1572 1597 intendit
1612 1556 1736 1610 exire,

54 1627 211 1669 nullam
251 1627 444 1668 virtutem
488 1627 682 1679 inveniet,
723 1627 820 1681 quia
858 1641 999 1669 omnes
1039 1641 1113 1682 per
1152 1632 1366 1682 peccatum
1409 1627 1600 1683 perdidit,
1641 1640 1737 1681 ergo

55 1698 180 1741 habet
210 1698 427 1740 materiam
460 1697 637 1739 dolendi.
687 1697 896 1747 Quomodo
938 1699 1088 1741 debent
1126 1712 1221 1752 ergo
1262 1699 1434 1740 virtutes
1473 1698 1738 1753 recuperari?

55 1769 175 1812 Certe
214 1769 265 1811 ad
305 1769 471 1811 domum
510 1768 654 1810 militis
694 1769 828 1825 primo
868 1770 989 1812 debet
1020 1784 1202 1826 pergere.
1252 1770 1368 1812 Miles
1406 1770 1485 1811 iste
1517 1774 1579 1811 est
1612 1770 1736 1823 racio,

54 1855 132 1896 que
163 1841 288 1883 habet
317 1844 358 1883 te
388 1839 610 1894 flagellare,
644 1841 740 1894 quia
770 1841 881 1883 racio
914 1841 1055 1895 dictat,
1091 1842 1198 1896 quod
1220 1845 1419 1896 quantum
1442 1844 1584 1882 contra
1615 1841 1736 1882 deum

53 1913 318 1968 perpetrasti,
356 1912 398 1953 in
439 1911 559 1953 corde
598 1915 666 1953 tuo
708 1911 782 1954 hoc
815 1913 1020 1966 emendes,
1061 1917 1101 1955 et
1132 1913 1224 1955 ideo
1256 1926 1336 1954 non
1370 1912 1524 1967 poteris
1556 1912 1734 1967 teipsum

53 1983 188 2026 dicere
217 1983 510 2039 imperatorem
534 1982 558 2023 i.
579 1996 612 2024 e.
637 1982 906 2025 christianum
930 1984 1027 2039 quia
1048 1997 1174 2039 opera
1196 1984 1407 2026 christiani
1428 1997 1500 2038 per
1521 1987 1737 2039 peccatum

53 2055 290 2110 perdidisti;
321 2055 432 2096 racio
466 2067 560 2106 ergo
594 2057 634 2096 te
666 2055 837 2110 expellit
867 2055 918 2097 ab
949 2056 1060 2097 omni
1086 2056 1205 2097 vicio.
1253 2053 1357 2105 Quid
1381 2068 1477 2108 ergo
1501 2059 1563 2097 est
1583 2054 1737 2096 facien-

53 2125 178 2168 dum?
216 2125 370 2180 Pergas
409 2125 460 2167 ad
500 2128 679 2167 castrum
721 2126 835 2168 ducis
875 2126 1033 2169 scilicet
1072 2127 1123 2168 ad
1161 2127 1460 2169 conscienciam
1493 2130 1607 2167 tuam
1642 2138 1736 2181 pro-

52 2197 201 2252 priam,
234 2211 312 2252 que
333 2200 477 2238 contra
497 2203 537 2237 te
558 2196 740 2249 graviter
762 2202 1007 2251 murmurat,
1030 2198 1159 2240 donec
1186 2197 1474 2240 reconciliatus
1497 2197 1571 2239 deo
1594 2197 1735 2249 fueris,

51 2268 178 2310 immo
209 2268 252 2310 in
284 2281 488 2310 carcerem
521 2271 561 2308 te
594 2268 721 2322 ponit,
761 2268 836 2311 hoc.
869 2273 931 2310 est
961 2270 1004 2310 in
1037 2270 1353 2325 perplexitatem
1388 2281 1594 2322 magnam,
1636 2281 1735 2322 quo-

53 2339 174 2382 modo
208 2343 248 2382 et
278 2353 352 2395 per
385 2352 506 2393 quam
539 2338 646 2379 viam
680 2338 754 2380 deo
787 2339 950 2395 placere
981 2344 1098 2395 potes
1131 2345 1172 2383 et
1207 2339 1295 2394 [47]
1330 2340 1502 2382 vulnera
1531 2340 1580 2381 ab
1603 2352 1648 2381 eo
1672 2353 1736 2381 re-

53 2411 190 2466 cipere
228 2411 254 2452 i.
279 2423 312 2452 e.
344 2410 478 2453 cordis
516 2410 894 2464 compunctionem,
934 2425 1008 2466 per
1046 2426 1166 2466 quam
1209 2412 1376 2465 sanguis
1406 2412 1432 2452 i.
1456 2424 1490 2453 e.
1522 2414 1736 2466 peccatum

55 2485 186 2524 exeat.
235 2481 394 2524 Deinde
434 2481 485 2523 ad
526 2481 731 2536 palacium
773 2482 906 2523 cordis
939 2484 998 2524 tui
1031 2483 1210 2538 pulsare,
1250 2484 1274 2524 i.
1301 2497 1334 2524 e.
1365 2483 1509 2524 intime
1541 2482 1734 2536 cogitare,

53 2553 256 2607 quomodo
297 2556 338 2595 et
375 2566 456 2607 qua
494 2552 544 2594 de
582 2565 706 2594 causa
743 2557 887 2595 contra
919 2554 1039 2595 deum
1080 2554 1303 2608 deliquisti.
1351 2553 1515 2595 ‹Ianitor
1546 2553 1571 2594 i.
1597 2566 1629 2594 e.
1665 2565 1734 2593 vo-

51 2623 202 2678 luntas,
244 2637 322 2679 que
355 2626 417 2666 est
446 2623 588 2676 libera,
629 2623 779 2665 ostium
821 2625 955 2666 cordis
994 2625 1054 2666 tui
1086 2624 1210 2667 habet
1248 2625 1410 2680 aperire
1443 2628 1483 2666 et
1513 2628 1552 2666 te
1585 2623 1733 2665 ducere

52 2694 102 2736 ad
143 2695 321 2750 primum
364 2698 531 2748 statum,
574 2707 694 2749 quem
735 2694 776 2736 in
815 2694 1020 2750 baptismo
1061 2696 1265 2751 recepisti.
1315 2696 1452 2748 Canis,
1493 2695 1562 2749 qui
1594 2694 1732 2749 saltat,

52 2768 98 2807 ut
135 2768 175 2807 te
214 2765 373 2807 occidat
412 2770 487 2807 etc.
529 2769 591 2808 est
628 2778 723 2807 caro
755 2769 827 2807 tua
858 2767 1040 2821 propria,
1084 2780 1155 2821 per
1188 2780 1309 2821 quam
1344 2766 1464 2808 homo
1497 2766 1634 2820 sepius
1667 2778 1733 2807 oc-

53 2835 215 2890 ciditur,
247 2836 328 2878 nisi
360 2836 460 2878 deus
492 2836 724 2891 impediret.
778 2836 833 2878 Et
863 2837 968 2879 falco
991 2838 1031 2878 in
1057 2838 1218 2893 partica
1239 2841 1356 2879 extra
1377 2838 1598 2879 fenestram
1623 2836 1734 2878 volat

53 2909 127 2948 etc.
160 2907 187 2948 i.
211 2920 244 2948 e.
275 2908 465 2962 potencia
504 2907 646 2949 divina
685 2920 766 2949 non
806 2911 937 2950 tecum
983 2909 1167 2951 manebit
1206 2908 1401 2964 quamdiu
1433 2908 1473 2949 in
1507 2908 1617 2950 mala
1649 2908 1734 2950 vita

145 2988 191 3022 32
216 2988 336 3033 quam]
362 2994 445 3034 oriy.
472 2999 552 3033 que.

1768 848 1810 882 10

1769 1205 1809 1239 15

1763 1560 1808 1594 20

1762 1919 1807 1952 25

1761 2276 1806 2310 30
