1929 3157
69 203 163 245 153.

71 345 163 387 154.

69 629 165 671 156.

68 770 163 812 157.

68 912 163 954 158.

68 1054 164 1095 159.

68 1197 87 1236 1
95 1196 163 1238 60.

68 1332 164 1379 161.

70 1480 165 1522 162.

70 1622 166 1664 163.

70 1763 166 1806 164.

71 1906 166 1948 165.

72 2049 167 2091 166.

71 2190 166 2232 167.

71 2332 167 2374 168.

72 2475 167 2516 169.

73 2617 168 2663 170.

75 2759 169 2800 171.

41 2926 44 2929 -
76 2901 169 2942 172.

875 100 958 141 155

212 202 353 258 Gayus
387 205 428 246 in
460 204 629 246 civitate
661 205 846 247 Romanu
880 206 1069 259 regnavit
1091 206 1161 260 qui
1182 206 1309 248 ‘filiam
1337 206 1564 262 pulchram.
1613 206 1765 262 (Spiel-

214 273 327 325 ball.)
376 275 446 317 lat.
472 277 540 316 61).

213 344 411 388 Claudius
444 347 634 399 regnavit
667 348 735 401 qui
769 351 930 390 tantum
965 348 1129 390 unicam
1162 347 1289 389 filiam
1314 348 1504 390 habebat.
1555 347 1764 396 (Socrates

213 416 450 463 heli-athet.)
498 417 568 459 lat.
597 418 664 458 (⁷31.

127 487 163 530 ”.
213 486 354 542 Gayus
386 488 577 541 regnavit
609 488 649 530 in
683 489 850 531 civitate
883 503 1058 531 romana
1086 490 1269 545 prudens
1293 490 1423 532 valde.
1475 490 1764 542 (Florentina.)

211 558 282 600 lat.
308 559 376 599 62.

214 629 470 671 Theodosius
504 630 545 671 in
578 630 746 672 civitate
779 643 952 673 romana
983 631 1176 684 regnavit
1199 631 1381 686 prudens
1407 631 1537 675 valde.
1586 632 1765 686 (Riigen-

212 700 388 753 glocke.)
437 700 506 741 lat.
539 702 631 742 105.

212 770 494 826 Vespasianus
535 771 576 812 in
616 771 784 813 civitate
824 785 997 814 romana
1038 773 1229 826 regnavit
1267 773 1336 827 qui
1373 772 1500 815 filiam
1536 773 1764 827 pulchram.

213 841 416 892 (Ariadne
449 866 500 870 —
532 841 718 894 Agl-aes.)
766 842 838 884 lat.
864 844 932 884 63.

210 911 315 954 Erat
362 913 530 966 quidam
578 926 650 955 rex
691 914 760 967 qui
800 914 1059 956 consciencia
1099 918 1236 956 motus
1279 914 1329 956 ad
1370 918 1524 956 terram
1565 918 1765 957 sanctam.

213 982 608 1032 (waenhoohzeit.)
658 997 752 1039 app.
781 984 849 1025 20.

213 1053 388 1104 Quidam
422 1054 542 1097 miles
576 1057 666 1097 erat
698 1054 766 1108 qui
797 1056 1085 1110 superomnia
1107 1057 1252 1098 venari
1275 1056 1434 1098 dilexit.
1485 1055 1767 1108 (Androclus.)

212 1124 283 1166 lat.
312 1126 407 1166 104.

213 1195 388 1245 Quidam
422 1209 497 1237 rex
527 1200 617 1238 erat
639 1197 709 1251 qui
732 1197 927 1239 thaurum
951 1198 1172 1240 candidum
1197 1197 1388 1241 habebat.
1438 1198 1607 1252 (Argus,
1640 1198 1767 1241 sehon

214 1267 301 1318 34.)
348 1266 420 1308 lat.
450 1268 545 1308 111.

212 1336 386 1390 Legitur
425 1338 535 1392 quod
574 1351 647 1380 rex
688 1338 856 1392 quidam
898 1339 1042 1382 habuit
1082 1339 1244 1382 leonem
1285 1343 1327 1383 et
1362 1340 1524 1382 leenam
1559 1352 1651 1382 oum
1683 1339 1768 1382 leo-

213 1408 358 1464 pardo
408 1408 600 1460 (Lowin.)
651 1409 723 1451 lat.
752 1411 846 1452 181.

216 1479 541 1522 Dominacianus
589 1481 780 1534 regnavit
827 1482 1009 1537 prudens
1058 1481 1177 1525 valde
1224 1495 1272 1524 ao
1317 1495 1393 1538 per
1433 1483 1574 1525 omnia
1613 1483 1766 1537 justus.

215 1550 332 1601 (Drei
366 1551 607 1593 weisheiten
639 1552 898 1604 verkaufen.)
950 1553 1022 1595 lat.
1051 1555 1146 1595 103.

217 1622 248 1663 T
253 1634 434 1677 rayanus
466 1623 509 1664 in
542 1623 711 1666 civitate
743 1638 916 1666 romana
948 1625 1140 1677 regnavit
1171 1624 1242 1679 qui
1273 1625 1380 1666 miro
1412 1625 1534 1667 modo
1566 1625 1766 1680 pomeria.

215 1692 343 1745 (Eber
375 1693 481 1735 ohne
514 1693 644 1746 herz.)
690 1695 762 1737 lat.
789 1696 856 1736 83.

216 1764 439 1820 Adryanus
471 1766 664 1819 regnavit
694 1767 764 1820 qui
798 1766 913 1809 dives
941 1770 1031 1808 erat
1052 1766 1172 1809 valde
1195 1767 1436 1809 intantum.
1489 1766 1766 1822 (Sarkophag‚

216 1835 343 1877 sehon
377 1836 463 1888 32.)
511 1836 582 1878 lat.
610 1838 676 1879 16.

215 1907 422 1948 Antonius
467 1908 537 1962 qui
582 1908 624 1949 in
672 1921 847 1950 romana
893 1909 1062 1951 civitate
1109 1909 1303 1967 regnavit
1344 1909 1414 1964 qui
1453 1912 1538 1952 tres
1578 1909 1766 1952 virtutes.

217 1977 382 2030 (Hemd,
417 1977 505 2020 drei
538 1978 649 2031 zoll.)
697 1979 768 2021 lat..
795 1981 862 2022 64.

214 2048 437 2104 Pompejus
469 2049 512 2090 in
544 2049 676 2092 Roma
708 2051 899 2104 regnavit
931 2051 971 2092 in
1006 2051 1122 2105 eujus
1154 2051 1330 2107 imperio
1364 2055 1453 2093 erat
1485 2051 1662 2105 quedam
1695 2050 1767 2093 do-

216 2120 343 2162 mina.
392 2120 569 2172 (Falke.)
617 2121 689 2163 lat.
716 2122 784 2163 84.

217 2190 465 2234 Tholomeus
487 2193 678 2246 regnavit
700 2193 815 2235 dives
838 2193 958 2236 valde
980 2195 1023 2235 in
1045 2194 1161 2248 eujus
1184 2207 1311 2248 regno
1334 2197 1424 2236 erat
1445 2193 1612 2248 quidam
1632 2193 1764 2236 miles.

216 2261 502 2313 (Wachsbild.)
549 2263 621 2305 lat.
648 2264 743 2306 102.

214 2331 368 2375 Lucius
414 2334 457 2375 in
494 2334 628 2376 Roma
672 2336 864 2388 regnavit
910 2336 1092 2391 prudens
1131 2336 1252 2378 valde
1291 2335 1360 2390 qui
1402 2334 1583 2378 habebat
1621 2334 1763 2377 filiam.

217 2403 558 2460 (Fleischpfand.)
605 2419 734 2459 germ.
759 2408 827 2448 68.

214 2474 320 2516 Erat
359 2475 527 2530 quidam
568 2476 797 2532 imperator
838 2478 880 2518 in
919 2478 1035 2531 cujus
1074 2477 1250 2533 imperio
1292 2481 1411 2520 erant
1448 2477 1528 2519 duo
1568 2476 1763 2519 latrones.

216 2544 512 2599 (Biirgschaft.)
559 2547 630 2589 lat.
660 2548 754 2589 108.

216 2616 381 2660 Marcus
412 2618 605 2672 regnavit
634 2619 816 2674 prudens
845 2618 963 2661 valde
985 2619 1054 2673 qui
1076 2622 1238 2661 tantum
1262 2619 1430 2662 unicum
1452 2618 1596 2660 filium.
1648 2617 1766 2670 (Gre-

217 2688 388 2741 gorius.)
435 2689 507 2731 lat.
533 2690 600 2730 81.

216 2759 321 2801 Erat
353 2760 530 2814 quedam
562 2773 712 2816 ymago
745 2760 787 2802 in
820 2760 988 2803 civitate
1018 2774 1191 2803 romana
1224 2773 1301 2815 que
1334 2759 1473 2802 stabat
1503 2760 1626 2802 rectis
1650 2759 1767 2816 pedi-

218 2830 306 2872 bus.
357 2830 547 2881 (Percute
579 2831 675 2883 hic.)
722 2831 794 2873 lat.
822 2832 917 2873 107.

219 2900 327 2943 Olim
361 2905 481 2944 erant
511 2906 595 2944 tres
621 2902 721 2944 socii
745 2902 816 2955 qui
839 2902 889 2944 ad
913 2902 1261 2957 peregrinandum
1286 2901 1527 2958 pergebant.
1575 2901 1766 2953 (Traum-

218 2971 352 3024 brod.)
399 2972 469 3015 lat.
497 2974 591 3014 106.
