1949 3162
1016 55 1101 97 712

229 149 466 192 Voluntarie
497 155 572 207 qui
600 169 640 194 se
671 165 833 198 ea·cecat
862 158 1096 213 beneficium
1127 163 1227 219 leyis
1258 181 1342 207 non
1371 168 1566 223 impetrat
1596 170 1663 213 73.

228 219 424 262 Voluntas
453 231 595 265 nostra
628 225 818 282 lampadi
846 230 1011 272 ardenti
1040 243 1306 289 comparatur
1337 253 1426 293 cap.
1453 239 1489 280 1.

227 290 539 335 Vulnerantium
569 293 773 339 Christum
803 314 938 354 reyem
969 302 1179 346 hominum
1210 309 1293 348 tria
1322 317 1417 350 sunt
1443 325 1596 365 9enera
1625 312 1694 355 45.

226 360 447 404 Vulnerum
478 363 631 407 Christi
658 369 853 411 notabilis
883 373 1064 415 reductio
1097 390 1186 431 cap.
1215 378 1234 417 1
1270 380 1382 420 circa
1401 381 1542 432 finem.

225 431 381 474 Vulnus
407 436 591 490 9i9antis
624 438 753 481 Rome
781 443 940 483 int-enti
971 453 1150 498 quatuor
1174 450 1331 503 pedum
1349 451 1444 504 fuit
1473 460 1510 494 et
1539 454 1707 496 dimidii
1738 455 1832 499 158.

224 501 408 545 Vulturis
436 514 589 548 natura
621 509 718 550 dum
746 513 921 565 predam
951 514 1071 556 habet
1100 517 1168 558 34.

224 571 335 615 Umor
370 576 513 617 militis
545 578 759 631 cujusdam
794 583 868 625 deo
901 585 1037 627 devoti
1073 602 1165 628 cum
1197 591 1379 643 quodam
1409 593 1555 636 clerico
1585 597 1886 651 niqromantico

301 645 534 689 adulterata
564 657 634 702 est,
666 652 760 693 vide
784 654 1008 708 pulchram
1038 657 1255 701 historiam
1290 661 1384 702 102.

213 711 540 759 Christianorum
570 727 608 761 et
636 720 866 766 Judeorum
898 730 1097 770 contentio
1131 731 1180 771 de
1216 745 1356 772 eorum
1394 733 1498 790 leye,
1541 750 1618 791 que
1654 739 1707 779 sit
1743 739 1888 782 melior

299 794 337 827 et
358 788 586 842 perfectior
617 790 685 832 76.

212 853 467 900 Christianus
492 875 714 916 perversus
746 868 952 909 sacerdoti
982 869 1139 912 lubrico
1172 883 1439 929 comparatur
1472 876 1538 918 12.

215 921 333 980 [169]
382 926 640 973 Christianus
687 937 800 989 quod
845 945 1002 980 tenetur
1047 942 1120 983 deo
1159 952 1392 987 construere
1429 946 1644 991 basilicam
1683 953 1884 1006 quomodo

295 999 541 1056 intelliqitur
574 1003 639 1044 16.

211 1065 467 1112 Christianus
497 1073 631 1114 malus
662 1075 782 1118 deum
805 1082 1075 1135 persequitur
1108 1083 1172 1125 19.

211 1136 467 1183 Christianus
498 1142 627 1185 bonus
658 1147 741 1187 tria
773 1162 941 1202 querere
962 1151 1089 1206 debet,
1123 1155 1208 1197 scil.
1241 1156 1571 1202 habundantiam
1600 1163 1688 1204 sine
1708 1162 1881 1218 defectu,

294 1212 496 1266 qaudz'um
525 1216 613 1256 sine
643 1218 820 1259 tristicia
849 1228 888 1261 et
918 1221 1051 1264 lumen
1083 1226 1171 1267 sine
1201 1227 1376 1270 tenebris
1409 1230 1505 1271 101.

210 1278 394 1323 Christus
424 1292 483 1325 est
511 1299 686 1340 sponsus
716 1297 854 1331 noster
873 1291 1001 1345 juxta
1032 1296 1187 1338 dictum
1220 1297 1321 1341 Osee
1351 1315 1441 1356 cap.
1470 1301 1506 1342 1.

210 1349 395 1394 Christus
425 1362 483 1395 est
506 1370 598 1410 paa:
626 1367 780 1401 nostra.
830 1361 1002 1406 Ibidem.

209 1420 394 1465 Christus
425 1425 538 1467 dedit
565 1427 683 1470 nobis
713 1445 907 1474 coronam
934 1436 1289 1490 'qloriosissimam
1337 1441 1510 1484 Ibidem.

210 1491 393 1536 Christus
436 1499 660 1552 pereyrino
712 1513 979 1558 comparatur
1030 1510 1105 1563 qui
1151 1512 1330 1554 restituit
1378 1514 1541 1556 domine
1588 1529 1761 1571 reqnum
1811 1518 1878 1559 de-

288 1566 501 1621 perditum
532 1566 600 1609 25.

208 1633 391 1678 Christus
422 1645 550 1679 totum
572 1654 656 1694 pro
687 1642 805 1684 nobis
836 1660 877 1687 se
908 1647 1053 1690 obtulit
1083 1649 1150 1692 29.

208 1704 391 1749 Christus
421 1723 506 1764 pro
543 1710 844 1765 reformacione
879 1726 1016 1760 nostre
1048 1723 1172 1776 pacis
1213 1725 1260 1764 in
1297 1733 1472 1768 montem
1509 1725 1698 1771 Calvarie
1736 1731 1880 1773 ductus

295 1786 332 1820 et
362 1780 517 1821 occisus
548 1790 607 1822 est
635 1781 703 1824 35.

207 1846 391 1890 Christus
414 1865 498 1906 pro
528 1851 647 1894 nobis
676 1856 891 1899 victoriam
925 1859 1101 1904 obtinuit
1128 1862 1198 1904 40.

207 1917 390 1962 Christus
419 1925 592 1964 mutavit
621 1924 806 1968 habitum
836 1937 872 1970 et
899 1939 1085 1974 mortuus
1116 1942 1174 1975 est
1202 1935 1272 1976 41.

206 1988 388 2033 Christus
421 1993 568 2035 clausit
598 1995 733 2037 lacum
762 1998 922 2052 inferni
949 2016 1025 2044 sua
1053 2005 1293 2048 voluntaria
1322 2017 1450 2050 morte
1481 2009 1550 2051 43.

205 2059 388 2104 Christus
418 2071 498 2105 tres
518 2065 634 2118 filios
664 2067 809 2110 habuit
839 2071 986 2125 quibus
1017 2074 1128 2116 dedit
1158 2078 1242 2117 tria
1270 2092 1444 2121 munera
1468 2084 1663 2136 preciosa
1694 2083 1761 2125 89.

205 2131 388 2175 Christus
412 2135 655 2191 philomena
686 2139 853 2193 dicitur,
887 2144 988 2196 quia
1018 2152 1100 2185 tam
1129 2146 1304 2189 dulciter
1332 2151 1379 2190 in
1400 2150 1547 2194 arbore
1577 2162 1714 2197 sancte
1741 2157 1875 2198 crucis

292 2208 485 2259 cantavit,
519 2209 631 2262 quod
659 2224 729 2250 cor
759 2211 845 2264 ejus
875 2214 1136 2256 scindebatur
1170 2217 1264 2259 121.

204 2272 387 2318 Christus
419 2277 553 2319 lacum
575 2282 790 2334 passionis
821 2283 931 2325 solus
959 2286 1192 2341 in97·editu1r
1225 2287 1320 2330 155.

204 2344 407 2388 Christum
418 2351 604 2404 yraviter
605 2354 876 2407 percutimus,
888 2357 1053 2409 quando
1062 2367 1276 2412 peccatum
1290 2361 1463 2404 mortale
1479 2367 1762 2409 committimus
1775 2368 1870 2410 141.

204 2415 407 2460 Christum
436 2421 475 2460 si
502 2421 611 2462 alere
641 2422 840 2477 volumus,
873 2428 1049 2469 mundus
1078 2444 1153 2470 nos
1185 2431 1279 2472 odio
1310 2431 1474 2475 habebit
1502 2433 1540 2476 2.

211 2487 365 2545 Ymayo
398 2488 552 2533 Christi
579 2493 792 2536 mirabilia
810 2495 926 2550 facit
953 2500 1000 2539 in
1019 2498 1173 2541 Edissa
1206 2503 1368 2544 civitate
1398 2511 1493 2546 teste
1527 2504 1725 2550 Gervasio
1775 2508 1868 2551 154.
1895 2528 1901 2532 ’

210 2558 366 2616 Yma90
397 2563 595 2604 trinitatis
626 2572 684 2605 est
713 2567 855 2608 anima
885 2567 952 2608 75.

210 2629 365 2687 Yma90
397 2647 474 2688 que
505 2641 585 2675 stat
615 2650 705 2676 cum
735 2651 832 2678 arco
864 2647 1046 2693 extenso,
1087 2656 1164 2697 que
1202 2657 1361 2700 semper
1383 2656 1584 2704 prompta
1614 2657 1691 2703 est,
1732 2664 1870 2706 quem-

290 2702 386 2746 libet
412 2713 598 2746 nostrum
624 2715 849 2761 percutere,
880 2718 1049 2752 mortem
1078 2714 1292 2768 siqnificat.

210 2772 364 2830 Ymaqo
391 2790 470 2830 per
500 2776 691 2818 clericum
720 2780 1066 2833 nicromanticum
1096 2792 1227 2826 erecta
1258 2787 1361 2841 quid
1390 2789 1590 2843 significet
1620 2789 1715 2832 102.

209 2843 338 2886 Ydolo
371 2855 636 2902 comparatur
667 2850 789 2891 timor
817 2853 1052 2895 mundanus
1075 2864 1253 2912 propter
1274 2871 1393 2913 quem
1422 2859 1561 2901 nullus
1592 2862 1716 2903 audet
1734 2863 1867 2906 dicere

286 2918 506 2959 veritatem.
553 2918 722 2961 Ibidem.
