1919 3157
844 60 927 102 679

50 180 175 209 unum
209 179 232 208 a
263 171 302 208 te
335 166 426 208 volo
467 166 709 221 implorare:
750 166 879 219 Perge
918 166 967 207 ad
1000 164 1199 206 tumulum
1235 164 1412 206 defuncti
1445 168 1485 206 et
1509 164 1632 217 juxta
1662 176 1723 206 se-

52 237 240 293 pulcrum
276 238 415 290 jaceas
457 243 497 279 et
535 238 726 291 quicquid
760 237 909 278 ibidem
944 236 1121 278 audieris
1154 235 1253 276 mihi
1287 235 1484 277 veraciter
1515 235 1723 277 renuncia.

50 308 125 350 Ait
156 307 293 350 miles:
331 308 433 350 lllud
456 309 617 350 faciam.
668 308 857 349 Armavit
891 321 932 349 se
965 312 1005 349 et
1036 307 1217 361 perrexit
1248 306 1298 347 ad
1321 305 1522 347 tumulum
1547 305 1728 347 defuncti

51 385 92 420 et
128 378 184 420 ibi
228 379 514 433 pernoctabat,
557 383 596 420 et
636 379 770 420 media
808 383 924 419 nocte
964 378 1138 432 desuper
1179 381 1242 418 est
1272 390 1348 417 vox
1389 376 1529 430 elapsa
1567 376 1727 417 dicens:

52 448 84 491 Ο
117 448 221 495 dux,
264 450 359 503 quid
400 463 423 491 a
454 463 519 491 me
552 450 680 504 petis,
722 449 827 503 quod
861 453 956 503 poto
990 446 1201 503 prestare?
1240 448 1297 488 At
1334 446 1423 488 ille:
1456 446 1574 488 Juste
1600 446 1728 499 judex

51 517 170 561 lhesu
203 518 357 573 Criste,
391 533 580 561 succurre
614 520 734 572 mihi,
774 533 848 561 nec
881 518 989 560 aliud
1024 532 1046 559 a
1079 518 1192 560 vobis
1225 522 1318 573 peto
1352 531 1473 571 quam
1508 517 1728 559 vindictam

53 603 127 644 pro
159 591 357 643 sanguine
390 604 495 643 meo,
529 591 623 644 qnia
656 591 805 644 injuste
838 603 925 631 suin
960 589 1117 631 occisus
1150 602 1224 643 pro
1258 588 1374 630 bonis
1406 588 1520 629 meis.
1578 587 1729 630 lterum

52 673 152 702 vox:
192 660 323 703 Hodie
362 662 411 703 ad
452 666 575 702 xxx¹⁶
609 675 736 702 annos
777 661 996 702 vindictam
1037 659 1234 701 invenies
1290 658 1391 701 Cum
1435 659 1509 700 hoe
1549 658 1732 700 audisset

52 731 169 773 miles
211 733 478 774 contristatus
518 736 580 773 est
621 732 759 783 valde,
809 731 909 772 abiit
948 730 996 771 ad
1039 730 1246 770 dominam
1287 729 1538 771 denuncians
1579 729 1615 770 ei
1653 741 1731 783 que

53 802 250 844 audierat.
320 803 497 844 Domina
547 816 636 843 cum
680 802 754 844 hoc
801 802 982 843 audisset
1022 801 1101 841 ait:
1149 799 1328 855 Tempus
1368 803 1491 842 xxx¹⁶
1530 812 1730 841 annorum

54 886 245 926 magnum
287 874 469 929 spacium
512 873 645 914 habet.
708 873 855 914 Statim
896 872 1097 913 concessit
1134 870 1256 912 militi
1297 875 1336 913 et
1377 884 1465 912 eam
1508 869 1623 911 miles
1663 869 1732 911 de-

54 945 285 998 sponsavit,
328 958 399 999 per
439 948 567 985 totum
613 944 712 985 illud
752 949 913 998 tempus
951 956 1042 984 cum
1084 941 1231 995 gaudio
1273 946 1312 983 et
1349 942 1487 983 leticia
1524 941 1730 982 vixerunt.

55 1013 157 1056 Cum
201 1020 334 1056 autem
377 1019 540 1069 tempus
582 1019 703 1056 xxv
743 1027 942 1056 annorum
986 1014 1358 1068 appropinquaret,
1398 1012 1516 1054 miles
1555 1011 1732 1052 fortissi-

55 1098 166 1126 mum
201 1091 380 1128 castrum
415 1086 511 1127 fecit
534 1086 635 1127 etin
660 1085 762 1126 ostio
796 1085 867 1126 hos
890 1098 1032 1126 versus
1065 1084 1133 1137 qui
1167 1088 1358 1125 secuntur
1395 1083 1579 1138 scripsit:
1621 1081 1732 1124 Dum

54 1156 140 1198 fero
172 1156 433 1209 languorem,
475 1156 566 1197 volo
598 1156 808 1209 religionis
847 1169 1040 1197 amorem.
1095 1154 1257 1209 Expers
1288 1154 1498 1206 languoris
1530 1166 1611 1195 non
1643 1166 1735 1194 sum

57 1240 215 1269 memor
249 1228 369 1282 hujus
407 1228 571 1268 amoris.
627 1226 716 1268 Heu
749 1240 839 1268 cum
873 1226 1094 1279 languebat
1126 1238 1254 1278 agnus
1286 1225 1407 1280 lupus
1441 1237 1528 1266 esse
1559 1223 1732 1266 volebat.

55 1296 279 1352 Postquam
327 1298 535 1339 convaluit
586 1297 680 1339 talis
731 1302 776 1339 ut
822 1304 915 1339 ante
961 1297 1050 1339 fuit.
1116 1295 1289 1351 Satrape
1336 1309 1427 1338 cum
1473 1295 1546 1337 hos
1593 1307 1734 1337 versus

58 1361 274 1423 legissent,
327 1369 638 1411 admirabantur
690 1372 730 1410 et
781 1368 981 1410 dicebant.
1050 1367 1256 1420 Rogamus
1308 1371 1354 1409 ut
1403 1379 1567 1408 causam
1615 1366 1735 1407 istius

59 1440 261 1495 scripture
293 1454 486 1496 exponas.
544 1441 600 1481 At
632 1439 721 1481 ille:
755 1439 916 1494 Pauper
949 1453 1060 1480 eram
1094 1443 1134 1481 et
1163 1438 1336 1491 languor
1367 1450 1432 1479 me
1465 1436 1737 1492 apprehendit

59 1517 229 1567 propter
258 1526 393 1554 meam
425 1515 733 1566 paupertatem,
767 1514 807 1552 et
840 1514 1007 1565 propter
1039 1509 1113 1551 hoc
1145 1522 1209 1550 me
1242 1509 1284 1550 in
1317 1508 1504 1550 omnibus
1538 1507 1661 1549 habui
1691 1511 1737 1549 ut

59 1582 274 1636 religiosus
315 1584 355 1624 in
391 1582 667 1637 simplicitate.
727 1581 949 1635 Postquam
992 1594 1086 1623 vero
1127 1580 1175 1622 ab
1207 1579 1447 1621 infirmitate
1479 1579 1735 1634 paupertatis

60 1653 246 1696 convalui
280 1654 479 1696 memoria
507 1653 571 1694 dei
605 1653 767 1694 transiit
801 1667 823 1693 a
846 1666 923 1704 me,
957 1655 997 1693 et
1028 1656 1196 1706 propter
1217 1651 1455 1703 languorem
1481 1649 1735 1705 paupertatis

61 1725 220 1766 ostendi
267 1738 331 1766 me
379 1738 526 1778 agnum
573 1728 831 1765 mansuetum
875 1723 995 1764 uxori
1035 1736 1123 1764 mee
1170 1721 1330 1776 quando
1375 1734 1461 1763 eam
1503 1720 1733 1763 sollicitavi.

60 1794 178 1837 Unde
221 1799 382 1836 tantum
431 1809 518 1837 eam
567 1795 713 1847 dilexi,
761 1794 868 1848 quod
908 1793 1050 1835 ducem
1090 1797 1259 1848 propter
1299 1792 1468 1834 divicias
1506 1791 1736 1847 prodiciose

62 1866 203 1908 occidi.
272 1865 398 1907 Facta
445 1867 646 1908 occisione
700 1866 750 1907 ad
797 1879 861 1906 me
907 1878 1047 1906 vocem
1099 1864 1275 1919 desuper
1320 1863 1522 1918 dilapsam
1576 1862 1734 1904 audivi:

62 1936 193 1979 Hodie
233 1936 283 1978 ad
317 1941 440 1978 xxx¹³
473 1951 601 1978 annos
641 1936 806 1989 sanguis
847 1936 968 1977 occisi
1010 1936 1296 1978 vindicabitur.
1358 1935 1508 1977 Vocem
1553 1933 1734 1976 auditam

63 2007 181 2049 uxori
220 2021 309 2049 mee
342 2008 650 2050 denunciabam.
709 2007 795 2049 Hoc
834 2020 915 2048 non
948 2006 1135 2049 obstante
1167 2021 1232 2049 me
1270 2007 1311 2048 in
1344 2006 1474 2047 virum
1509 2004 1667 2060 accepit
1697 2008 1738 2047 et

62 2078 141 2120 huc
185 2091 313 2132 usque
361 2079 482 2120 vitam
525 2079 716 2120 duximus
764 2091 854 2119 cum
895 2078 1056 2130 gaudio.
1127 2077 1205 2119 Sed
1252 2077 1371 2119 hodie
1418 2076 1468 2118 ad
1513 2079 1602 2118 octo
1649 2075 1736 2118 dies

62 2148 202 2190 finitur
232 2153 396 2203 tempus
429 2153 552 2190 xxx¹⁶
587 2162 798 2190 annorum.
854 2148 965 2202 Rogo
1005 2162 1076 2190 vos
1115 2162 1254 2191 omnes
1292 2153 1337 2190 ut
1373 2160 1531 2189 mecum
1572 2146 1660 2188 sitis
1694 2146 1735 2188 in

64 2219 263 2262 convivio.
321 2220 379 2261 At
416 2220 495 2261 illi:
540 2220 811 2262 Concedimus
850 2224 891 2262 et
926 2223 1024 2261 tunc
1056 2233 1194 2261 vocem
1238 2219 1416 2261 auditam
1458 2216 1733 2273 probabimus.

65 2290 194 2332 Adest
225 2290 312 2331 dies
344 2291 521 2332 convivii
554 2296 594 2333 et
626 2304 774 2343 magna
806 2290 1014 2345 plenitudo
1047 2290 1189 2346 populi
1228 2290 1380 2332 ibidem
1414 2293 1511 2331 erat.
1566 2286 1736 2338 Quando

65 2375 206 2403 omnes
239 2364 355 2402 erant
386 2361 427 2402 in
459 2374 602 2402 mensa
632 2361 818 2403 collocati
851 2368 891 2403 et
921 2375 1012 2403 cum
1045 2362 1218 2403 diversis
1240 2360 1456 2414 generibus
1488 2359 1736 2401 musicorum

65 2432 115 2474 de
152 2431 316 2474 ferculis
348 2431 592 2484 ministrati,
632 2433 803 2474 intravit
833 2446 905 2486 per
944 2432 1147 2486 quandam
1183 2433 1403 2474 fenestram
1445 2430 1617 2485 quedam
1650 2429 1737 2472 avis

66 2503 240 2544 diversis
282 2502 485 2544 coloribus
527 2502 707 2544 colorata
753 2507 793 2544 et
840 2503 995 2557 incepit
1039 2503 1142 2544 miro
1182 2503 1302 2544 modo
1349 2502 1521 2544 dulciter
1558 2505 1736 2544 cantare.

66 2573 184 2616 Miles
223 2573 413 2614 dominus
446 2573 590 2614 domus
631 2573 847 2626 diligenter
888 2573 1117 2614 ascultabat
1154 2578 1194 2615 et
1232 2574 1307 2615 ait:
1350 2572 1479 2615 Credo
1519 2572 1623 2627 quod
1663 2572 1737 2614 heo

68 2645 154 2686 avis
193 2643 345 2686 malum
380 2644 645 2698 pronosticat.
700 2644 871 2698 Accepit
900 2657 1040 2685 arcum
1073 2648 1113 2685 et
1143 2645 1334 2697 sagittam
1368 2648 1408 2686 et
1439 2657 1575 2685 coram
1607 2643 1737 2685 omni-

68 2715 142 2758 bus
183 2728 297 2757 avem
339 2714 498 2756 occidit.
561 2713 708 2755 Statim
748 2718 859 2756 terra
899 2715 1059 2769 aperuit
1098 2719 1138 2757 et
1177 2718 1353 2756 castrum
1394 2727 1484 2755 cum
1524 2713 1652 2756 milite
1698 2716 1738 2756 et

68 2785 235 2828 domina
285 2790 326 2827 et
363 2785 551 2826 omnibus
592 2786 631 2826 in
671 2785 812 2827 eodem
855 2785 1125 2827 existentibus
1166 2786 1404 2827 subversum
1447 2789 1528 2838 est,
1575 2785 1618 2826 in
1657 2797 1737 2839 quo

70 2855 158 2898 loco
191 2856 312 2898 modo
346 2860 408 2897 est
440 2868 544 2909 aqua
576 2855 911 2910 profundissima,
944 2856 985 2897 in
1009 2869 1089 2909 qua
1120 2856 1221 2898 nihil
1253 2860 1388 2912 potest
1407 2868 1620 2899 remanere
1640 2855 1738 2913 quin

8 2951 12 2955 ·
68 2927 110 2968 in
142 2926 390 2982 profundum
421 2925 552 2967 cadat.
