1919 3157
841 50 926 92 675

44 152 96 195 ad
125 152 297 206 lignum,
329 154 388 195 ita
419 154 526 208 quod
558 167 639 195 non
671 159 844 209 possunt
874 156 1042 197 moveri.
1091 155 1245 197 Eodem
1278 156 1397 198 modo
1419 155 1557 209 lingue
1580 168 1723 211 pecca-

43 228 179 266 torum
220 228 315 265 sunt
353 224 477 278 ligate
517 229 676 266 tantum
717 238 790 280 per
822 225 1051 278 diabolum,
1091 225 1198 279 quod
1238 239 1319 268 non
1352 231 1524 281 possunt
1554 240 1596 269 se
1628 239 1724 268 con-

43 293 162 336 fiteri.
226 293 423 336 Diabolus
473 308 566 337 vero
612 295 711 338 facit
758 296 808 337 ad
854 297 1019 338 modum
1063 296 1248 338 latronis.
1306 295 1431 339 Latro
1473 298 1507 339 si
1548 298 1725 340 audierit

43 377 164 407 canes
203 364 354 407 latrare
394 366 565 421 projecit
604 366 661 407 eis
702 367 836 408 cibum
878 372 917 409 et
949 367 1144 409 latratum
1184 367 1408 410 dimittunt.
1466 367 1580 409 Tunc
1618 368 1724 410 latro

44 435 209 477 domum
249 436 376 478 intrat
407 437 568 491 quando
602 437 750 492 accipit
782 438 966 480 homines
1000 451 1072 493 per
1103 441 1326 491 gutturam,
1359 451 1409 480 ne
1442 438 1619 481 clament
1650 451 1724 494 pro

45 506 197 548 auxilio
237 511 279 548 et
319 507 523 561 extinguit
561 508 666 561 ignis
699 509 827 551 donec
860 510 913 550 sit
950 522 1130 551 securus.
1186 508 1342 550 Eodem
1385 509 1505 551 modo
1537 509 1725 552 diabolus

44 578 208 633 projicit
254 579 458 632 peccatori
498 579 701 633 quandam
747 580 1009 622 dileccionem
1058 580 1144 621 sive
1191 581 1485 633 cogitacionem
1531 580 1723 624 dicendo:

45 647 154 690 Satis
180 648 344 701 juvenis
378 663 489 701 sum,
530 650 630 691 satis
664 651 907 705 tempestive
941 664 1105 705 possum
1141 650 1202 691 vel
1236 650 1443 703 confiteri,
1483 655 1523 693 et
1553 652 1612 693 sic
1644 665 1724 694 non

44 718 95 761 ad
127 719 400 762 confessorem
440 720 588 773 currit,
630 725 669 762 01
708 722 741 762 81
775 722 898 762 vadat
937 721 1086 776 accipit
1117 734 1210 763 eum
1243 734 1317 776 per
1348 725 1510 775 guttur,
1552 722 1628 765 1100
1664 726 1727 765 081

44 789 220 843 dictum,
268 790 454 845 ponendo
503 791 538 832 ei
588 792 874 833 verecundiam
923 797 967 834 ut
1012 805 1093 833 non
1140 791 1384 834 confiteatur
1432 796 1472 834 et
1515 806 1607 835 cum
1650 793 1726 836 1100

44 861 297 915 extinguitur
329 862 436 914 ignis
469 861 714 903 devocionis.
763 862 855 905 Ideo
887 863 1091 904 carissimi
1122 863 1173 905 ab
1207 863 1284 904 isto
1315 862 1474 905 latrone
1507 877 1724 907 caveamus

43 931 129 974 scil.
163 932 338 985 diabolo,
372 933 468 987 quia
500 933 704 974 nescimus
739 946 818 987 qua
849 934 950 975 hora.
980 934 1046 975 fur
1078 934 1103 975 1.
1129 947 1161 976 e.
1197 947 1307 976 mors
1341 935 1474 987 venit,
1513 939 1648 977 utrum
1682 936 1725 978 in

43 1007 252 1046 senectute
294 1003 357 1045 vel
396 1003 437 1044 in
471 1004 708 1057 juventute,
751 1008 792 1046 et
823 1005 950 1047 simus
983 1005 1117 1060 parati
1150 1018 1240 1047 cum
1274 1005 1356 1047 illis
1389 1006 1614 1059 virginibus
1647 1020 1726 1061 que

43 1080 308 1129 sumpserunt
347 1073 480 1116 oleum
521 1088 657 1116 secum
691 1075 777 1116 scil.
811 1089 937 1130 opera
968 1076 1181 1118 meritoria
1212 1081 1253 1119 et
1283 1077 1341 1118 sic
1372 1077 1599 1132 poterimus
1631 1090 1725 1134 per—

43 1145 182 1188 venire
215 1145 266 1187 ad
298 1149 440 1188 eterna
470 1146 632 1199 gaudia.
681 1146 748 1187 Ad
779 1159 901 1200 quam
935 1161 1008 1188 nos
1041 1152 1117 1189 etc.

721 1399 818 1452 275,
852 1411 955 1453 app.
979 1400 1051 1441 79.

161 1499 365 1541 Antonius
397 1499 438 1540 in
462 1499 628 1541 civitate
652 1513 822 1541 romana
855 1501 1044 1554 regnavit
1075 1500 1255 1555 prudens
1287 1499 1420 1553 valde,
1453 1500 1522 1554 qui
1551 1499 1725 1542 multum

45 1583 137 1612 cum
168 1570 337 1612 canibus
368 1569 509 1612 ludere
541 1570 699 1612 solebat
731 1575 771 1612 et
802 1575 896 1626 post
926 1571 1068 1613 ludum
1099 1574 1188 1613 tota
1215 1571 1280 1613 die
1311 1570 1472 1612 inludo
1505 1571 1652 1613 8030011
1683 1583 1727 1613 80

45 1642 283 1697 occupabat.
337 1640 439 1683 Cum
477 1641 603 1684 semel
641 1641 810 1684 ludebat
850 1646 890 1684 et
921 1642 1024 1683 vidit
1061 1655 1199 1695 regem
1231 1641 1318 1684 ludi
1350 1643 1391 1683 in
1425 1642 1582 1684 scacoio
1614 1641 1725 1697 poni,

45 1711 171 1767 aliqui
203 1712 364 1766 subter,
397 1713 524 1767 aliqui
556 1726 700 1768 super,
740 1713 850 1755 intra
881 1727 924 1755 se
956 1713 1181 1767 cogitabat:
1216 1712 1283 1755 Sic
1314 1726 1404 1756 cum
1439 1716 1624 1755 mortuus
1657 1726 1726 1756 ero

45 1783 184 1825 subter
224 1787 336 1826 terra
375 1784 598 1827 absconsus
639 1797 720 1826 ero.
786 1783 935 1826 Statim
975 1784 1117 1826 divisit
1154 1798 1326 1838 regnum
1366 1784 1408 1826 in
1450 1788 1533 1827 tres
1571 1789 1725 1840 partes,

44 1867 166 1896 unam
200 1854 312 1896 dedit
341 1855 428 1909 regi
460 1855 731 1909 Iherusalem,
775 1856 898 1898 aliam
932 1856 1110 1911 satrapis
1142 1855 1329 1910 imperii,
1369 1856 1537 1897 terciam
1571 1868 1726 1911 paupe-

43 1925 171 1979 ribus,
205 1930 245 1968 et
277 1926 328 1967 ad
358 1930 512 1968 terram
547 1931 731 1970 sanctam
765 1927 948 1982 perrexit
980 1927 1049 1969 ubi
1082 1927 1122 1968 in
1145 1939 1247 1981 pace
1279 1927 1407 1968 vitam
1431 1940 1547 1968 suam
1579 1926 1725 1969 finivit.

161 1998 392 2039 Moraliter.
450 1997 687 2052 Karissimi‚
728 2000 806 2041 iste
842 1999 1068 2053 imperator
1109 1997 1178 2052 qui
1214 1997 1354 2039 ludum
1397 1997 1551 2052 diligit,
1590 2001 1727 2053 potest

44 2067 125 2109 dici
156 2068 328 2122 quilibet
359 2069 604 2122 mundanus,
639 2070 708 2124 qui
740 2070 782 2111 in
815 2069 957 2111 mundi
990 2068 1242 2110 vanitatibus
1275 2072 1510 2123 occupatur.
1573 2068 1724 2110 Verum

44 2151 135 2181 cum
183 2139 304 2182 debet
349 2153 488 2181 curam
533 2141 719 2196 accipere
767 2141 816 2182 de
857 2140 952 2182 ludo
1000 2140 1145 2182 scaccii
1192 2140 1299 2181 sicut
1343 2139 1441 2182 fecit
1486 2139 1724 2194 imperator.

45 2208 256 2252 Scaccium
302 2210 425 2253 habet
471 2216 560 2254 octo
608 2215 782 2266 punctos
828 2212 870 2253 in
912 2212 1023 2254 omni
1062 2214 1191 2267 parte.
1256 2210 1299 2252 In
1340 2210 1450 2252 omni
1489 2209 1585 2252 ludo
1632 2213 1728 2252 811111

43 2281 117 2335 v11j
158 2294 309 2334 genera
347 2281 557 2323 hominum
605 2282 691 2324 scil.
732 2283 794 2324 vir
841 2287 881 2324 et
920 2282 1085 2336 mulier,
1134 2295 1251 2324 senes
1291 2286 1331 2324 et
1374 2282 1569 2336 juvenes,
1617 2281 1725 2335 laici,

43 2351 200 2406 clerici,
249 2352 417 2406 divites,
465 2366 680 2408 pauperes.
743 2354 809 2395 Ad
858 2354 982 2395 istum
1029 2353 1170 2395 ludum
1217 2353 1364 2396 ludunt
1408 2366 1478 2395 sex
1525 2352 1724 2394 homines.

42 2421 206 2465 Primus
240 2428 302 2466 est
333 2423 506 2478 pedinus
539 2424 607 2478 qui
640 2438 731 2466 cum
764 2425 948 2480 precedit
980 2437 1061 2466 non
1092 2424 1216 2466 habet
1251 2424 1331 2465 nisi
1370 2437 1494 2465 unum
1528 2427 1725 2479 punctum

45 2497 85 2535 et
130 2494 293 2548 quando
341 2494 455 2536 vadit
499 2494 682 2537 lataliter
725 2509 773 2537 ex
815 2496 896 2537 alia
935 2499 1051 2550 parte
1090 2495 1202 2550 capit
1248 2494 1386 2536 alium.
1457 2493 1524 2536 Sic
1569 2505 1727 2548 pauper

44 2578 166 2606 verus
200 2565 303 2606 nihil
336 2564 479 2617 habet,
514 2565 585 2606 sed
617 2578 708 2607 cum
743 2567 901 2608 venerit
932 2566 983 2608 ad
1015 2569 1188 2608 mortem
1222 2567 1262 2607 in
1296 2564 1506 2621 paciencia
1536 2564 1615 2606 erit
1652 2577 1726 2606 rex

44 2635 87 2676 in
118 2635 203 2677 celo
229 2635 351 2689 juxta
382 2649 517 2689 regem
552 2649 793 2691 pauperum.
844 2636 924 2678 Sed
956 2637 989 2678 si
1022 2641 1165 2678 contra
1195 2635 1376 2678 Cristum
1407 2634 1728 2677 murmuraverit

45 2705 94 2748 de
126 2710 236 2748 813111
267 2720 340 2748 8110
381 2710 422 2748 01
452 2705 498 2747 fit
528 2706 593 2747 fur
625 2710 664 2748 et
695 2707 805 2761 rapit
842 2707 1035 2761 quicquid
1075 2710 1229 2761 potest,
1269 2710 1368 2748 111110
1405 2706 1566 2760 capitur
1604 2709 1645 2747 et
1683 2705 1727 2747 in

44 2789 207 2819 carcere
237 2777 389 2818 inferni
421 2776 672 2818 detrudetur.
731 2776 941 2819 Secundus
963 2777 1169 2832 Alphinus
1201 2781 1242 2819 et
1272 2777 1400 2819 currit
1436 2780 1520 2819 tres
1551 2780 1726 2832 punctos

45 2859 208 2888 sursum
231 2851 272 2889 et
292 2847 482 2889 deorsum
507 2860 580 2902 per
601 2848 882 2901 eloquenciam
904 2847 1221 2890 fraudelenciam
1242 2852 1282 2889 et
1304 2848 1609 2902 presenciarum
1630 2860 1726 2903 cap-

12 2953 14 2955 .
45 2917 202 2959 cionem
238 2922 278 2960 et
309 2918 368 2959 sic
405 2917 451 2959 fit
483 2917 605 2959 solus.
662 2918 829 2960 Tei-cius
862 2918 1000 2970 miles,
1034 2918 1188 2960 habens
1219 2922 1302 2960 tres
1339 2922 1512 2973 punctos
1545 2917 1726 2960 lataliter

1435 2993 1514 3027 43³⁶
