1919 3157
882 73 962 113 657

84 170 241 224 ignoro,
274 171 364 214 ideo
397 187 486 215 euni
522 174 672 228 eligere
695 175 800 217 nolo.
840 176 998 219 Deinde
1031 179 1254 221 secundum
1287 181 1384 234 legit
1419 187 1493 224 etc.
1530 181 1624 236 [que
1658 182 1761 236 aitz]

85 239 303 297 Nunquam
337 250 485 287 natura
517 245 641 299 dedit,
675 247 782 301 quod
813 246 897 290 filia
930 249 1060 304 patris
1093 250 1173 292 mei
1196 250 1360 294 deberet
1381 253 1562 308 copulari
1585 253 1667 295 filio
1685 254 1763 295 lm-

81 313 297 368 peratoris.
363 314 416 357 Et
447 316 537 358 ideo
570 321 644 360 etc.
692 318 878 360 Tercium
913 320 1134 376 cophinum
1167 321 1285 375 legit,
1325 323 1483 366 dicens:
1525 324 1670 367 Melius
1703 329 1764 368 est

82 383 183 425 mihi
221 396 312 426 cum
354 385 436 428 tilio
476 388 582 442 regis
621 390 876 444 requiescere
916 405 1036 445 quam
1079 392 1119 434 in
1153 392 1355 435 thesauris
1396 396 1526 450 patris
1559 397 1653 438 mei.
1710 396 1763 438 Et

81 453 166 497 alta
196 468 293 498 voce
332 456 558 501 clamabat:
602 459 726 502 Istum
761 461 980 516 cophinum
1013 463 1185 506 tercium
1226 464 1343 518 eligo.
1404 465 1632 522 Imperator
1670 480 1761 509 cum

81 525 285 580 audisset,
327 528 408 570 ait:
451 529 484 572 Ο
525 530 634 572 bona
671 531 828 586 puella,
869 534 969 575 satis
1010 534 1234 590 prudenter
1273 535 1444 590 elegisti.
1502 537 1545 579 In
1586 538 1664 580 isto
1697 549 1762 579 co-

79 596 205 652 phino
237 603 333 640 sunt
370 603 452 642 tres
486 601 626 643 annuli
658 603 737 644 mei
771 604 966 658 preciosi3
1007 619 1133 648 unum
1168 619 1243 661 pro
1275 621 1360 659 me,
1398 621 1525 650 unum
1559 622 1632 664 pro
1663 608 1760 663 filio,

78 668 250 710 tercium
283 683 358 725 pro
390 675 431 714 te
463 672 504 714 in
537 673 697 726 signum
732 673 1081 730 desponsacionis.
1145 675 1293 719 Statim
1327 678 1423 720 fecit
1454 680 1624 734 nupcias
1657 680 1761 723 cele-

77 738 198 782 brare
230 744 271 782 et
301 741 473 785 tradidit
505 744 540 786 ei
572 743 701 786 filium
735 759 868 800 suum,
903 750 945 788 et
976 748 1034 789 sic
1066 748 1107 789 in
1140 761 1241 804 pace
1275 749 1401 791 vitam
1433 749 1639 793 finierunt.

196 812 432 856 Moralitas.
481 813 723 858 Karissimi:
758 816 988 873 Imperator
1020 823 1083 861 est
1114 819 1213 862 deus
1247 821 1315 874 qui
1348 821 1417 862 diu
1438 835 1638 875 gwerram
1663 835 1755 864 cum

77 880 241 925 homine
289 883 431 927 habuit
470 885 512 928 in
552 891 712 929 tantum
754 888 861 942 quod
900 893 987 931 tota
1024 894 1174 933 natura
1214 891 1393 934 humana
1431 898 1519 935 erat
1552 893 1760 936 destructa

76 965 150 1008 per
188 959 414 1009 peccatum.
483 956 603 1000 Modo
650 962 803 1013 trewge
850 960 967 1002 nobis
1016 962 1110 1004 date
1157 967 1254 1005 sunt
1298 977 1372 1018 per
1413 964 1622 1007 dominum
1665 967 1690 1008 i.
1724 979 1756 1008 e.

75 1024 258 1067 eristum.
323 1026 429 1070 Filia
475 1042 552 1084 que
598 1028 681 1072 filio
728 1030 995 1087 Imperatoris
1041 1033 1163 1076 debet
1208 1033 1449 1090 desponsari
1499 1041 1561 1079 est
1607 1038 1755 1080 anima.

75 1094 249 1151 Oportet
287 1111 383 1152 ergo
422 1103 468 1142 ut
506 1101 623 1142 navis
661 1105 832 1157 paretur
873 1116 947 1158 pro
987 1117 1035 1146 ea
1074 1118 1166 1147 cum
1198 1106 1383 1148 nuncciis
1415 1107 1441 1148 i.
1466 1120 1498 1149 e.
1533 1120 1682 1164 corpus
1715 1109 1758 1151 in

73 1179 154 1221 quo
186 1168 324 1212 anima
355 1170 508 1214 residet
538 1185 630 1214 cum
661 1173 840 1228 quinque
863 1175 1050 1218 sensibus
1083 1180 1123 1218 et
1155 1177 1316 1231 ceteris,
1351 1181 1474 1220 naute
1506 1183 1601 1221 sunt
1631 1180 1756 1235 racio,

73 1238 262 1282 voluntas
308 1244 383 1283 etc.
452 1241 533 1285 Sed
579 1248 741 1300 oportet
787 1259 861 1301 per
903 1259 1018 1288 mare
1064 1247 1090 1289 i.
1123 1261 1155 1290 e.
1205 1261 1279 1303 per
1326 1249 1524 1291 mundum
1565 1252 1755 1294 transire.

72 1307 170 1369 Cete
191 1311 346 1365 grande
377 1317 439 1355 est
466 1313 679 1370 dyabolus,
713 1321 858 1359 contra
889 1331 1009 1372 quem
1043 1318 1238 1362 debemus
1271 1319 1454 1374 vigilare.
1504 1320 1584 1363 Sed
1617 1323 1651 1364 si
1682 1337 1756 1366 nos

71 1381 274 1436 contingit
303 1383 483 1427 dormire
514 1386 556 1428 in
587 1388 768 1442 peccatis
801 1387 1006 1442 degluciet
1036 1402 1185 1446 corpus
1219 1394 1259 1433 et
1291 1392 1484 1434 animam.
1546 1392 1577 1435 F
1581 1406 1628 1436 ac
1660 1408 1755 1449 ergo

71 1452 177 1496 sicut
207 1453 305 1496 fecit
334 1455 485 1511 puella,
517 1457 654 1511 ignem
678 1459 912 1501 devocionis
946 1461 1121 1503 accende
1153 1465 1194 1504 et
1225 1475 1317 1504 eum
1350 1476 1440 1505 cum
1469 1464 1755 1508 instrumentis

69 1523 96 1565 i.
120 1537 154 1566 e.
189 1524 306 1568 bonis
335 1528 528 1583 operibus
559 1533 742 1585 percute,
775 1530 904 1574 donec
927 1533 1092 1575 recedat
1123 1537 1163 1575 et
1194 1536 1439 1589 potestatem
1469 1549 1585 1578 suam
1612 1541 1756 1580 contra

69 1598 110 1637 te
142 1597 318 1640 amittat.
367 1598 482 1642 Tunc
513 1601 622 1642 servi
642 1601 788 1644 militis
820 1602 847 1644 i.
871 1616 904 1645 e.
930 1604 1209 1659 predicatores
1243 1608 1283 1647 et
1313 1605 1569 1649 confessores
1601 1608 1754 1652 habent

69 1680 163 1709 eum
201 1673 437 1724 percutere,
477 1671 606 1715 donec
644 1673 781 1729 puella
821 1674 846 1716 i.
872 1688 905 1718 e.
941 1675 1077 1718 anima
1110 1675 1159 1718 ab
1202 1690 1342 1719 eorum
1378 1683 1581 1733 potestate
1620 1684 1751 1724 exeat.

66 1736 122 1781 Et
151 1738 249 1782 luna
280 1741 332 1783 ad
363 1742 519 1785 curiam
552 1743 617 1786 dei
656 1745 806 1787 veniat.
864 1745 944 1788 Sed
977 1750 1039 1789 est
1069 1747 1297 1802 sciendum,
1331 1750 1439 1804 quod
1470 1754 1555 1793 tres
1588 1752 1753 1808 cophini

69 1809 106 1852 ei
145 1816 449 1866 presentantur.
504 1813 582 1857 Per
614 1816 792 1871 primum
831 1817 1050 1873 cophinum
1095 1822 1283 1874 potentes
1326 1833 1371 1863 ac
1412 1821 1560 1864 divites
1599 1823 1752 1866 intelli-

66 1885 232 1937 guntur,
266 1883 335 1939 qui
368 1883 520 1928 habent
551 1886 675 1929 talem
699 1889 1117 1945 superscripcionem:
1153 1889 1230 1940 Qui
1264 1905 1327 1934 me
1360 1897 1434 1935 etc.
1469 1894 1495 1935 i.
1520 1907 1552 1937 e.
1588 1895 1750 1949 quando

67 1952 205 1995 anima
243 1967 269 1996 a
299 1967 470 2011 corpore
502 1962 736 2014 separetur,
776 1959 902 2003 nichil
941 1961 984 2002 in
1017 1975 1080 2004 me
1120 1961 1219 2005 deus
1257 1963 1440 2006 inveniet
1471 1965 1550 2008 nisi
1582 1971 1750 2022 peccata

65 2037 144 2079 que
181 2026 334 2080 merui,
375 2028 483 2082 quod
525 2033 587 2071 est
618 2030 861 2085 dolendum,
902 2045 951 2074 ve
983 2032 1052 2086 qui
1083 2032 1191 2075 hunc
1233 2034 1359 2088 eligit.
1415 2035 1494 2078 Per
1525 2038 1748 2081 secundum

63 2095 307 2150 intelligitur
338 2099 480 2141 mundi
502 2101 709 2157 sapientes
739 2117 911 2158 quorum
946 2103 1109 2158 eloquia
1139 2104 1362 2160 splendunt
1393 2107 1499 2149 sicut
1531 2114 1745 2163 argentum

64 2170 105 2209 et
140 2167 253 2209 intus
284 2167 398 2223 pleni
429 2175 526 2213 sunt
563 2174 759 2228 terrenis,
800 2187 892 2216 cum
925 2174 1000 2216 tali
1031 2176 1404 2232 superscripcione:
1446 2178 1523 2228 Qui
1561 2193 1626 2223 me
1665 2181 1746 2224 ele-

62 2238 170 2292 gerit
200 2241 275 2281 eto.
323 2238 482 2284 Natura
512 2256 676 2299 semper
708 2245 868 2300 appetit
899 2246 1034 2288 anime
1066 2248 1319 2290 contrarium
1352 2253 1392 2291 et
1422 2249 1482 2291 illi
1511 2263 1592 2293 non
1621 2253 1745 2294 mari-

61 2311 202 2352 tantur
239 2310 376 2353 cristo.
431 2311 509 2356 Per
540 2315 714 2357 tercium
746 2316 966 2371 cophinum
1007 2317 1276 2372 designantur
1315 2319 1412 2362 boni
1451 2321 1637 2364 cristiani
1675 2324 1744 2378 qui

61 2384 158 2423 sunt
193 2380 376 2436 plumbei
414 2383 441 2426 i.
473 2398 506 2427 e.
549 2386 658 2440 quod
696 2399 777 2428 non
816 2392 963 2430 curant
1000 2389 1050 2431 de
1082 2389 1218 2445 aliquo
1250 2391 1481 2446 mundano,
1523 2393 1564 2434 in
1598 2394 1743 2448 quibus

61 2454 159 2494 sunt
187 2455 271 2496 tres
304 2453 445 2497 annuli
477 2468 532 2497 sc.
566 2455 680 2511 fides,
713 2471 808 2513 spes
841 2463 881 2501 et
911 2460 1084 2512 caritas3
1122 2461 1192 2515 qui
1223 2462 1324 2505 istos
1357 2463 1484 2517 eligit,
1516 2463 1645 2506 filium
1678 2465 1743 2507 dei

59 2520 211 2566 habere
262 2528 397 2580 potest
446 2525 646 2570 libencius
704 2542 825 2583 quam
885 2530 928 2572 in
979 2530 1174 2575 thesauro
1226 2533 1434 2576 mundano
1485 2547 1740 2589 permanere.

60 2590 320 2638 Studeamus.

730 2781 831 2836 252,
864 2795 967 2837 app.
991 2783 1066 2826 56.

174 2877 435 2922 Consuetudo
468 2884 556 2922 erat
595 2881 704 2936 apud
736 2881 955 2936 Romanos,
996 2883 1103 2938 quod
1137 2885 1358 2928 victoribus
1396 2886 1629 2942 triumphus
1662 2887 1735 2930 hoc

14 2956 18 2959 ·
57 2948 178 2991 modo
224 2949 505 2993 exhibebatur.
573 2951 794 3008 Postquam
841 2953 1071 3010 Imperator
1116 2955 1296 3010 aliquam
1341 2960 1504 3010 gentem
1551 2957 1734 3001 Romano

119 3023 143 3051 Ο
152 3033 167 3051 e
176 3033 191 3052 s
200 3029 212 3052 t
221 3033 236 3052 e
243 3025 277 3052 rl
287 3035 301 3053 e
309 3035 328 3062 y
337 3046 343 3057 .
367 3026 457 3055 Gesta
478 3026 687 3055 Romanorum.
1411 3032 1457 3067 42
