1949 3162
975 39 1061 80 440

184 160 260 201 que
307 158 468 200 semper
515 148 577 186 est
617 148 782 200 parata,
831 143 1053 198 quemlibet
1091 147 1273 185 nostrum
1323 147 1556 199 percutere,
1603 144 1708 186 sicut
1752 144 1850 186 dicit

184 217 389 272 scriptura
419 216 461 257 in
493 214 646 257 fronte:
678 215 766 269 Ego
799 229 902 268 sum,
936 215 1091 257 scilicet
1121 228 1245 268 moi-S,
1278 228 1355 268 que
1387 229 1475 257 sum
1508 215 1636 257 multo
1666 219 1850 270 tempore

184 289 226 330 in
265 286 417 328 mundo
461 286 541 327 isto
581 286 812 328 introducta
852 299 925 340 per
964 289 1176 340 peccatum
1221 286 1343 340 primi
1381 286 1586 340 parentis3
1634 290 1673 328 et
1715 285 1850 328 nullus

183 358 354 413 poterit,
403 359 776 411 quantumcumque
817 357 952 409 dives,
991 370 1212 410 generosus
1254 360 1324 398 aut
1359 356 1497 409 fortis,
1538 369 1674 398 arcum
1714 369 1849 398 meum

137 435 158 469 5
184 428 367 471 evadere.
424 426 704 469 Carbunculus
747 431 809 469 est
840 428 923 468 vita
961 427 1159 479 hominis3
1199 427 1393 481 quamdiu
1430 428 1515 469 vita
1544 428 1587 468 in
1619 440 1664 469 eo
1698 430 1850 480 manet,

184 499 255 540 dat
287 499 323 540 ei
355 497 493 539 lumen
526 498 797 540 carbunculus
829 498 854 538 i.
879 511 912 539 e.
950 496 1039 551 [87]
1074 498 1197 538 vitam
1231 498 1400 550 habere,
1433 498 1504 539 sed
1535 502 1671 540 tamen
1704 511 1851 539 avarus

184 569 330 611 melius
362 568 494 610 credit
528 572 568 610 et
600 572 739 624 sperat
779 569 933 622 vivere,
974 572 1013 610 et
1053 568 1158 609 bona
1189 568 1416 621 mundana,
1457 581 1533 622 que
1569 567 1852 622 intelliguntur

184 653 258 694 per
291 639 456 694 ciphum
490 642 531 681 et
562 639 770 681 cultellum
803 639 844 680 in
877 639 968 680 sinu
1001 652 1073 680 suo
1107 638 1262 680 scilicet
1292 640 1334 680 in
1362 639 1484 680 archa
1515 652 1601 692 sua,
1633 639 1762 681 credit
1791 639 1853 680 in—

185 710 368 762 cludere3
403 710 538 752 veniet
558 723 668 752 mors
692 713 732 751 et
754 710 954 764 percutiet
975 722 1065 751 cum
1090 710 1240 762 sagitta
1261 710 1286 751 i.
1311 723 1343 751 e.
1368 723 1457 752 cum
1480 710 1595 763 gravi
1616 708 1853 751 infirmitate

117 788 159 821 10
184 781 312 822 vitam
344 784 478 834 tuam,
520 784 560 823 et
600 781 739 822 statim
771 779 817 822 fit
848 780 1075 822 obscuritas
1108 781 1147 821 in
1181 784 1360 834 tantum,
1400 781 1507 835 quod
1539 793 1679 822 omnes
1711 793 1853 822 sensus

184 851 321 894 lumen
365 865 484 893 suum
524 865 571 894 ac
603 852 794 893 virtutem
836 852 1052 903 amittunt3
1096 855 1136 893 et
1169 852 1280 905 jacet
1309 865 1457 907 corpus
1488 851 1544 893 ibi
1576 855 1783 893 mortuum
1814 855 1856 894 et

184 922 485 976 miserabiliter,
519 922 627 977 quod
657 923 766 964 infra
787 923 969 964 triduum
990 923 1137 978 incipit
1157 923 1306 973 fetere3
1338 926 1436 964 tunc
1468 922 1652 964 diabolus
1675 923 1853 964 animam

183 994 306 1048 rapit,
339 993 460 1035 amici
492 998 532 1037 et
563 994 854 1046 consanguinei
885 994 992 1036 bona
1024 1007 1110 1047 sua,
1145 1007 1222 1048 que
1254 1007 1345 1035 cum
1378 993 1663 1036 maledictione
1694 994 1758 1036 dei
1789 1006 1854 1036 ac-

185 1064 367 1119 quisivit,
400 1063 663 1118 obtinebunt,
696 1069 806 1107 terra
839 1078 885 1106 ac
916 1078 1074 1106 vermes
1096 1078 1243 1120 corpus
1276 1064 1553 1120 occupabunt,
1586 1065 1710 1107 etsie
1729 1064 1855 1107 nichil

117 1142 160 1177 15
184 1137 390 1192 peccatori
420 1136 650 1191 reliquitur,
683 1136 763 1177 nisi
794 1149 901 1191 pena
933 1139 1085 1177 eterna.
1135 1135 1380 1178 Studeamus
1413 1149 1507 1189 ergo
1541 1139 1615 1178 etc.

825 1364 926 1407 CAP.
954 1366 1048 1407 108.
1083 1367 1215 1417 (100.)

584 1451 658 1496 De
686 1453 1005 1512 promissionis
1026 1452 1159 1512 fideli
1194 1454 1457 1498 constantia.

301 1559 404 1601 Erat
442 1559 606 1613 quidam
645 1560 890 1615 imperator,
937 1560 979 1602 in
1020 1561 1134 1614 eujus
1173 1561 1346 1616 imperio
1387 1564 1504 1602 erant
1542 1560 1620 1602 duo
1660 1560 1855 1614 latrones,

185 1630 414 1673 adinvicem
456 1631 707 1673 confederati
738 1632 994 1685 juramento,
1034 1635 1079 1673 ut
1119 1632 1254 1673 nullus
1295 1631 1419 1673 alium
1460 1631 1685 1673 dimitteret
1713 1631 1755 1673 in
1786 1645 1856 1673 ne-

117 1709 161 1744 20
186 1702 396 1755 cessitate,
436 1702 507 1743 sed
548 1702 720 1756 quilibet
757 1716 830 1757 pro
871 1702 999 1745 altero
1031 1703 1158 1744 vitam
1199 1707 1379 1758 poneret.
1437 1702 1565 1745 Multa
1601 1702 1711 1744 mala
1742 1702 1857 1744 adin-

188 1772 315 1813 vicem
350 1776 712 1828 perpetraverunt,
746 1773 901 1815 scilicet
931 1774 1085 1815 furtum
1120 1778 1159 1815 et
1189 1774 1468 1815 homicidium.
1521 1774 1685 1816 Accidit
1716 1773 1856 1827 semel,

187 1843 293 1897 quod
332 1857 437 1885 unus
477 1844 563 1886 sine
604 1844 730 1886 altero
778 1848 817 1886 et
855 1858 901 1886 eo
941 1844 1109 1886 absente
1148 1858 1239 1886 cum
1279 1845 1387 1886 furto
1426 1848 1569 1900 captus
1611 1849 1700 1888 erat
1737 1849 1777 1886 et
1813 1845 1857 1886 in

186 1926 347 1956 carcere
375 1914 417 1956 in
447 1915 711 1970 compedibus
745 1916 914 1970 positus.
959 1915 1074 1965 Quod
1107 1916 1276 1958 audiens
1310 1917 1442 1958 socius
1476 1916 1583 1970 ejus,
1617 1916 1720 1958 alter
1750 1915 1856 1958 latro

189 1985 240 2026 ad
272 1999 362 2027 eum
396 1985 509 2027 venit
530 1990 569 2027 et
591 1986 714 2028 dixit:
749 1985 969 2028 Carissime
992 1987 1113 2040 socie,
1146 1987 1210 2029 dic
1231 1987 1370 2040 michi,
1401 1988 1443 2028 in
1465 1986 1543 2028 fide
1564 1986 1679 2040 ligati
1702 2000 1855 2029 sumus.

119 2063 162 2097 25
188 2055 246 2097 At
274 2055 362 2098 ille:
405 2056 459 2098 Ut
489 2057 613 2098 michi
644 2057 826 2111 videtur,
858 2058 964 2099 mori
995 2058 1135 2111 debeo,
1169 2058 1264 2111 quia
1295 2058 1611 2113 comprehensus
1642 2072 1732 2100 sum
1765 2072 1857 2101 cum

187 2126 317 2179 furt03
351 2126 384 2168 si
419 2127 541 2169 velles
574 2132 733 2169 tantum
766 2128 900 2170 facere
930 2129 1060 2182 istud,
1094 2129 1200 2183 quod
1231 2130 1305 2171 tibi
1337 2129 1502 2183 dixero,
1534 2143 1696 2185 semper
1725 2143 1857 2172 essem

189 2197 263 2239 tibi
296 2197 511 2251 obligatus.
566 2197 745 2240 Uxorem
780 2204 820 2241 et
850 2200 1041 2254 parvulos
1075 2213 1120 2242 ac
1152 2200 1349 2242 familiam
1382 2200 1531 2254 habeo,
1563 2200 1612 2242 de
1644 2201 1701 2242 eis
1731 2200 1859 2243 nichil

189 2268 396 2322 ordinavi,
437 2282 511 2311 nec
552 2270 601 2311 de
632 2269 749 2311 bonis
788 2271 909 2321 meis,
949 2271 983 2312 si
1022 2271 1064 2312 in
1100 2271 1189 2313 loco
1227 2285 1316 2313 meo
1356 2285 1498 2326 posses
1538 2275 1777 2327 exspectare
1814 2273 1857 2314 in

189 2352 369 2393 carcere,
412 2344 451 2381 et
482 2340 558 2381 hoc
588 2341 742 2395 poteris
775 2355 798 2382 a
823 2342 962 2395 judice
993 2342 1219 2396 inquirere,
1258 2343 1368 2384 domi
1401 2343 1546 2384 vadam
1580 2347 1620 2385 et
1650 2343 1699 2385 de
1729 2356 1857 2385 uxore

117 2418 163 2452 30
190 2414 229 2451 et
267 2410 425 2452 familia
464 2414 504 2452 et
545 2411 593 2452 de
625 2411 741 2453 bonis
774 2412 874 2454 meis
914 2413 1109 2455 ordinabo
1149 2417 1189 2455 et
1219 2417 1404 2468 tempore
1435 2413 1571 2456 debito
1602 2418 1786 2456 revertar
1818 2418 1858 2456 et

188 2481 369 2523 liberabo
401 2485 453 2523 te.
501 2482 558 2524 At
595 2482 682 2524 ille:
725 2482 835 2524 Istud
869 2484 967 2525 satis
997 2483 1172 2526 fideliter
1204 2484 1448 2539 adimplebo.
1496 2484 1683 2527 Perrexit
1713 2485 1765 2526 ad
1790 2485 1857 2539 ju-

189 2551 322 2593 dicem
362 2555 402 2593 et
440 2552 514 2594 ait:
562 2552 738 2594 Domine
781 2555 857 2607 mi,
905 2556 1059 2597 amicus
1099 2568 1213 2597 meus
1253 2559 1397 2610 captus
1437 2559 1498 2597 est
1537 2559 1577 2597 et
1614 2556 1655 2597 in
1695 2569 1857 2598 carcere
1914 2548 1918 2550 ’

188 2623 365 2677 positus3
406 2626 604 2676 mortem,
644 2628 689 2665 ut
726 2625 866 2678 credO,
906 2626 1078 2668 evadere
1115 2640 1195 2667 non
1234 2630 1389 2681 potest3
1431 2626 1465 2667 si
1502 2625 1656 2680 placet,
1695 2630 1856 2669 tantum

189 2706 312 2734 unam
346 2693 588 2748 peticionem
624 2707 647 2735 a
679 2695 793 2737 vobis
833 2700 949 2751 peto,
993 2702 1037 2740 ut
1076 2711 1165 2738 eum
1198 2697 1436 2750 licencietis,
1470 2697 1575 2750 quod
1607 2697 1658 2739 ad
1690 2698 1856 2739 domum

119 2772 163 2805 35
188 2764 398 2819 propriam
433 2765 624 2807 accedere
656 2769 804 2820 potest,
836 2772 882 2809 ut
911 2772 1005 2810 ante
1037 2772 1211 2810 mortem
1243 2782 1359 2810 suam
1391 2768 1440 2809 de
1471 2781 1599 2810 uxore
1630 2772 1670 2810 et
1699 2768 1858 2810 familia

189 2836 341 2888 poterit
372 2835 610 2890 disponere;
645 2849 717 2889 ego
750 2850 860 2891 vero,
892 2842 938 2880 ut
968 2839 1017 2880 de
1039 2852 1085 2881 eo
1118 2839 1174 2881 sis
1206 2852 1385 2892 securus,
1417 2839 1505 2880 loco
1538 2852 1610 2881 suo
1632 2839 1672 2881 in
1696 2853 1856 2882 carcere

188 2906 427 2960 remanebo,
461 2907 588 2949 donec
620 2908 788 2950 venerit.
842 2908 915 2950 Ait
939 2909 1088 2963 judex:
1128 2909 1217 2951 Tali
1248 2910 1314 2952 die
1338 2909 1536 2964 judicium
1571 2910 1620 2952 de
1651 2923 1697 2952 eo
1730 2923 1777 2953 ac
1807 2910 1857 2956 de
