<?xml version="1.0" encoding="UTF-8"?>
<!DOCTYPE html PUBLIC "-//W3C//DTD XHTML 1.0 Transitional//EN"
    "http://www.w3.org/TR/xhtml1/DTD/xhtml1-transitional.dtd">
<html xmlns="http://www.w3.org/1999/xhtml" xml:lang="en" lang="en">
 <head>
  <title>
</title>
<meta http-equiv="Content-Type" content="text/html;charset=utf-8" />
  <meta name='ocr-system' content='tesseract 3.04.00' />
  <meta name='ocr-capabilities' content='ocr_page ocr_carea ocr_par ocr_line ocrx_word'/>
</head>
<body>
  <div class='ocr_page' id='page_1' title='image "./gestaromanorum00oestuoft_0129.png"; bbox 0 0 1929 3157; ppageno 0'>
   <div class='ocr_carea' id='block_1_1' title="bbox 885 80 959 120">
    <p class='ocr_par' dir='ltr' id='par_1_1' title="bbox 885 80 959 120">
     <span class='ocr_line' id='line_1_1' title="bbox 885 80 959 120; baseline -0.014 0"><span class='ocrx_word' id='word_1_1' title='bbox 885 80 959 120; x_wconf 87' lang='lat'>111</span> 
     </span>
    </p>
   </div>
   <div class='ocr_carea' id='block_1_2' title="bbox 135 181 1768 236">
    <p class='ocr_par' dir='ltr' id='par_1_2' title="bbox 135 181 1768 236">
     <span class='ocr_line' id='line_1_2' title="bbox 135 181 1768 236; baseline 0.001 -13"><span class='ocrx_word' id='word_1_2' title='bbox 135 213 144 223; x_wconf 92' lang='lat'>.</span> <span class='ocrx_word' id='word_1_3' title='bbox 192 181 296 223; x_wconf 86' lang='lat' dir='ltr'>Erat</span> <span class='ocrx_word' id='word_1_4' title='bbox 332 182 498 235; x_wconf 81' lang='lat' dir='ltr'>quidum</span> <span class='ocrx_word' id='word_1_5' title='bbox 533 197 606 225; x_wconf 82' lang='lat' dir='ltr'>rex</span> <span class='ocrx_word' id='word_1_6' title='bbox 639 183 708 236; x_wconf 83' lang='lat' dir='ltr'>qui</span> <span class='ocrx_word' id='word_1_7' title='bbox 742 188 902 225; x_wconf 77' lang='lat' dir='ltr'>tantuin</span> <span class='ocrx_word' id='word_1_8' title='bbox 938 184 1103 225; x_wconf 66' lang='lat' dir='ltr'>unicum</span> <span class='ocrx_word' id='word_1_9' title='bbox 1139 184 1266 225; x_wconf 81' lang='lat' dir='ltr'>filium</span> <span class='ocrx_word' id='word_1_10' title='bbox 1302 184 1458 226; x_wconf 80' lang='lat' dir='ltr'>habuit.</span> <span class='ocrx_word' id='word_1_11' title='bbox 1517 184 1768 230; x_wconf 67' lang='lat' dir='ltr'>(Freundes-</span> 
     </span>
    </p>
   </div>
   <div class='ocr_carea' id='block_1_3' title="bbox 193 252 594 307">
    <p class='ocr_par' dir='ltr' id='par_1_3' title="bbox 193 252 594 307">
     <span class='ocr_line' id='line_1_3' title="bbox 193 252 594 307; baseline 0.002 -14"><span class='ocrx_word' id='word_1_12' title='bbox 193 252 333 307; x_wconf 86' lang='lat' dir='ltr'>probe.</span> <span class='ocrx_word' id='word_1_13' title='bbox 347 258 355 292; x_wconf 70' lang='lat' dir='ltr'>l</span> <span class='ocrx_word' id='word_1_14' title='bbox 401 252 470 293; x_wconf 85' lang='lat' dir='ltr'>lut.</span> <span class='ocrx_word' id='word_1_15' title='bbox 501 254 594 294; x_wconf 61' lang='lat'>122³.</span> 
     </span>
    </p>
   </div>
   <div class='ocr_carea' id='block_1_4' title="bbox 108 322 1770 377">
    <p class='ocr_par' dir='ltr' id='par_1_4' title="bbox 108 322 1770 377">
     <span class='ocr_line' id='line_1_4' title="bbox 108 322 1770 377; baseline 0.002 -14"><span class='ocrx_word' id='word_1_16' title='bbox 108 323 143 364; x_wconf 83' lang='grc'><strong>”.</strong></span> <span class='ocrx_word' id='word_1_17' title='bbox 192 322 296 364; x_wconf 86' lang='lat' dir='ltr'>Erat</span> <span class='ocrx_word' id='word_1_18' title='bbox 335 323 501 376; x_wconf 86' lang='lat' dir='ltr'>quidam</span> <span class='ocrx_word' id='word_1_19' title='bbox 544 337 692 365; x_wconf 80' lang='lat' dir='ltr'>avarus</span> <span class='ocrx_word' id='word_1_20' title='bbox 735 324 882 366; x_wconf 85' lang='lat' dir='ltr'>sedens</span> <span class='ocrx_word' id='word_1_21' title='bbox 915 325 1038 377; x_wconf 84' lang='lat' dir='ltr'>juxta</span> <span class='ocrx_word' id='word_1_22' title='bbox 1077 337 1203 366; x_wconf 85' lang='lat' dir='ltr'>mare.</span> <span class='ocrx_word' id='word_1_23' title='bbox 1267 324 1443 377; x_wconf 71' lang='lat' dir='ltr'>(Seliat‘l.</span> <span class='ocrx_word' id='word_1_24' title='bbox 1485 326 1539 366; x_wconf 87' lang='lat' dir='ltr'>im</span> <span class='ocrx_word' id='word_1_25' title='bbox 1581 326 1770 368; x_wconf 83' lang='lat' dir='ltr'>haume.)</span> 
     </span>
    </p>
   </div>
   <div class='ocr_carea' id='block_1_5' title="bbox 192 392 1767 520">
    <p class='ocr_par' dir='ltr' id='par_1_5' title="bbox 192 392 1767 520">
     <span class='ocr_line' id='line_1_5' title="bbox 193 392 387 434; baseline 0 0"><span class='ocrx_word' id='word_1_26' title='bbox 193 392 264 434; x_wconf 82' lang='lat' dir='ltr'>lat.</span> <span class='ocrx_word' id='word_1_27' title='bbox 296 396 387 434; x_wconf 68' lang='lat' dir='ltr'>lou.</span> 
     </span>
     <span class='ocr_line' id='line_1_6' title="bbox 192 462 1767 520; baseline 0.001 -16"><span class='ocrx_word' id='word_1_28' title='bbox 192 462 295 505; x_wconf 82' lang='lat' dir='ltr'>Erat</span> <span class='ocrx_word' id='word_1_29' title='bbox 327 464 495 517; x_wconf 83' lang='lat' dir='ltr'>quidam</span> <span class='ocrx_word' id='word_1_30' title='bbox 530 477 600 506; x_wconf 83' lang='lat' dir='ltr'>rex</span> <span class='ocrx_word' id='word_1_31' title='bbox 632 465 700 518; x_wconf 86' lang='lat' dir='ltr'>qui</span> <span class='ocrx_word' id='word_1_32' title='bbox 724 465 868 505; x_wconf 80' lang='lat' dir='ltr'>statuit</span> <span class='ocrx_word' id='word_1_33' title='bbox 893 477 966 519; x_wconf 88' lang='lat' dir='ltr'>pro</span> <span class='ocrx_word' id='word_1_34' title='bbox 991 464 1092 518; x_wconf 82' lang='lat' dir='ltr'>lege.</span> <span class='ocrx_word' id='word_1_35' title='bbox 1138 465 1533 520; x_wconf 80' lang='lat' dir='ltr'>(Todestronipete.)</span> <span class='ocrx_word' id='word_1_36' title='bbox 1578 466 1648 507; x_wconf 82' lang='lat' dir='ltr'>lat.</span> <span class='ocrx_word' id='word_1_37' title='bbox 1675 467 1767 506; x_wconf 71' lang='lat'>1423.</span> 
     </span>
    </p>
   </div>
   <div class='ocr_carea' id='block_1_6' title="bbox 78 533 1768 591">
    <p class='ocr_par' dir='ltr' id='par_1_6' title="bbox 78 533 1768 591">
     <span class='ocr_line' id='line_1_7' title="bbox 78 533 1768 591; baseline 0.001 -16"><span class='ocrx_word' id='word_1_38' title='bbox 78 535 93 542; x_wconf 83' lang='lat'>&#39;</span> <span class='ocrx_word' id='word_1_39' title='bbox 135 567 143 575; x_wconf 93' lang='lat'>.</span> <span class='ocrx_word' id='word_1_40' title='bbox 193 533 426 576; x_wconf 85' lang='lat' dir='ltr'>Poncianus</span> <span class='ocrx_word' id='word_1_41' title='bbox 467 535 695 589; x_wconf 83' lang='lat' dir='ltr'>imperator</span> <span class='ocrx_word' id='word_1_42' title='bbox 728 535 917 588; x_wconf 78' lang='lat' dir='ltr'>regnavit</span> <span class='ocrx_word' id='word_1_43' title='bbox 949 535 1090 577; x_wconf 89' lang='lat' dir='ltr'>multis</span> <span class='ocrx_word' id='word_1_44' title='bbox 1124 537 1255 578; x_wconf 87' lang='lat' dir='ltr'>annis.</span> <span class='ocrx_word' id='word_1_45' title='bbox 1312 536 1404 590; x_wconf 60' lang='grc' dir='ltr'>(ΥΠ</span> <span class='ocrx_word' id='word_1_46' title='bbox 1438 550 1548 591; x_wconf 51' lang='lat' dir='ltr'>sap„</span> <span class='ocrx_word' id='word_1_47' title='bbox 1581 537 1768 589; x_wconf 71' lang='lat' dir='ltr'>rahmen,</span> 
     </span>
    </p>
   </div>
   <div class='ocr_carea' id='block_1_7' title="bbox 191 605 1612 732">
    <p class='ocr_par' dir='ltr' id='par_1_7' title="bbox 191 605 1612 732">
     <span class='ocr_line' id='line_1_8' title="bbox 192 605 760 658; baseline 0.002 -12"><span class='ocrx_word' id='word_1_48' title='bbox 192 605 270 647; x_wconf 90' lang='lat' dir='ltr'>mit</span> <span class='ocrx_word' id='word_1_49' title='bbox 301 605 489 650; x_wconf 85' lang='lat' dir='ltr'>schluss.)</span> <span class='ocrx_word' id='word_1_50' title='bbox 537 619 665 658; x_wconf 86' lang='lat' dir='ltr'>germ.</span> <span class='ocrx_word' id='word_1_51' title='bbox 691 607 760 647; x_wconf 75' lang='lat'>40.</span> 
     </span>
     <span class='ocr_line' id='line_1_9' title="bbox 191 675 1612 732; baseline 0.001 -15"><span class='ocrx_word' id='word_1_52' title='bbox 191 675 294 717; x_wconf 84' lang='lat' dir='ltr'>Erat</span> <span class='ocrx_word' id='word_1_53' title='bbox 326 676 493 730; x_wconf 83' lang='lat' dir='ltr'>quidam</span> <span class='ocrx_word' id='word_1_54' title='bbox 529 676 646 718; x_wconf 88' lang='lat' dir='ltr'>miles</span> <span class='ocrx_word' id='word_1_55' title='bbox 679 680 885 718; x_wconf 82' lang='lat' dir='ltr'>strenuus.</span> <span class='ocrx_word' id='word_1_56' title='bbox 937 676 1093 730; x_wconf 74' lang='lat' dir='ltr'>(flund,</span> <span class='ocrx_word' id='word_1_57' title='bbox 1128 677 1199 718; x_wconf 86' lang='lat' dir='ltr'>VII</span> <span class='ocrx_word' id='word_1_58' title='bbox 1234 677 1341 732; x_wconf 86' lang='lat' dir='ltr'>sap.)</span> <span class='ocrx_word' id='word_1_59' title='bbox 1389 691 1517 730; x_wconf 86' lang='lat' dir='ltr'>germ.</span> <span class='ocrx_word' id='word_1_60' title='bbox 1542 678 1612 718; x_wconf 87' lang='lat'>41.</span> 
     </span>
    </p>
   </div>
   <div class='ocr_carea' id='block_1_8' title="bbox 134 745 1767 802">
    <p class='ocr_par' dir='ltr' id='par_1_8' title="bbox 134 745 1767 802">
     <span class='ocr_line' id='line_1_10' title="bbox 134 745 1767 802; baseline 0.001 -14"><span class='ocrx_word' id='word_1_61' title='bbox 134 779 142 788; x_wconf 92' lang='lat'>.</span> <span class='ocrx_word' id='word_1_62' title='bbox 190 745 294 789; x_wconf 87' lang='lat' dir='ltr'>Erat</span> <span class='ocrx_word' id='word_1_63' title='bbox 339 747 507 801; x_wconf 85' lang='lat' dir='ltr'>quidam</span> <span class='ocrx_word' id='word_1_64' title='bbox 555 748 783 802; x_wconf 86' lang='lat' dir='ltr'>imperator</span> <span class='ocrx_word' id='word_1_65' title='bbox 830 747 900 801; x_wconf 90' lang='lat' dir='ltr'>qui</span> <span class='ocrx_word' id='word_1_66' title='bbox 949 747 1092 789; x_wconf 88' lang='lat' dir='ltr'>habuit</span> <span class='ocrx_word' id='word_1_67' title='bbox 1139 748 1347 802; x_wconf 83' lang='lat' dir='ltr'>quoddam</span> <span class='ocrx_word' id='word_1_68' title='bbox 1397 761 1555 790; x_wconf 87' lang='lat' dir='ltr'>nemus.</span> <span class='ocrx_word' id='word_1_69' title='bbox 1619 747 1767 800; x_wconf 74' lang='lat' dir='ltr'>(Eber,</span> 
     </span>
    </p>
   </div>
   <div class='ocr_carea' id='block_1_9' title="bbox 190 817 1678 944">
    <p class='ocr_par' dir='ltr' id='par_1_9' title="bbox 190 817 1678 944">
     <span class='ocr_line' id='line_1_11' title="bbox 193 817 396 859; baseline 0 0"><span class='ocrx_word' id='word_1_70' title='bbox 193 817 265 859; x_wconf 84' lang='lat' dir='ltr'>VII</span> <span class='ocrx_word' id='word_1_71' title='bbox 299 831 342 859; x_wconf 87' lang='lat' dir='ltr'>sa</span> <span class='ocrx_word' id='word_1_72' title='bbox 378 817 396 858; x_wconf 71' lang='grc'><strong>.’</strong></span> 
     </span>
     <span class='ocr_line' id='line_1_12' title="bbox 190 826 1678 944; baseline 0 -14"><span class='ocrx_word' id='word_1_73' title='bbox 190 887 310 930; x_wconf 83' lang='lat' dir='ltr'><strong>Miles</strong></span> <span class='ocrx_word' id='word_1_74' title='bbox 343 826 511 942; x_wconf 53' lang='lat' dir='ltr'>guidam</span> <span class='ocrx_word' id='word_1_75' title='bbox 545 892 635 930; x_wconf 81' lang='lat' dir='ltr'>erat</span> <span class='ocrx_word' id='word_1_76' title='bbox 665 888 707 930; x_wconf 90' lang='lat' dir='ltr'>in</span> <span class='ocrx_word' id='word_1_77' title='bbox 742 902 822 930; x_wconf 82' lang='lat' dir='ltr'>una</span> <span class='ocrx_word' id='word_1_78' title='bbox 855 889 1034 930; x_wconf 82' lang='lat' dir='ltr'>civitate.</span> <span class='ocrx_word' id='word_1_79' title='bbox 1085 888 1428 943; x_wconf 74' lang='lat' dir='ltr'>&lt;Hausse111fissel,</span> <span class='ocrx_word' id='word_1_80' title='bbox 1462 889 1535 930; x_wconf 83' lang='lat' dir='ltr'>Vll</span> <span class='ocrx_word' id='word_1_81' title='bbox 1570 889 1678 944; x_wconf 87' lang='lat' dir='ltr'>sap.)</span> 
     </span>
    </p>
   </div>
   <div class='ocr_carea' id='block_1_10' title="bbox 134 958 1768 1013">
    <p class='ocr_par' dir='ltr' id='par_1_10' title="bbox 134 958 1768 1013">
     <span class='ocr_line' id='line_1_13' title="bbox 134 958 1768 1013; baseline 0.001 -13"><span class='ocrx_word' id='word_1_82' title='bbox 134 992 142 1000; x_wconf 89' lang='lat'>.</span> <span class='ocrx_word' id='word_1_83' title='bbox 190 958 309 1001; x_wconf 84' lang='lat' dir='ltr'>Miles</span> <span class='ocrx_word' id='word_1_84' title='bbox 349 960 513 1013; x_wconf 89' lang='lat' dir='ltr'>quidam</span> <span class='ocrx_word' id='word_1_85' title='bbox 557 963 645 1000; x_wconf 90' lang='lat' dir='ltr'>erat</span> <span class='ocrx_word' id='word_1_86' title='bbox 684 973 798 1000; x_wconf 90' lang='lat' dir='ltr'>rome</span> <span class='ocrx_word' id='word_1_87' title='bbox 837 960 906 1013; x_wconf 86' lang='lat' dir='ltr'>qui</span> <span class='ocrx_word' id='word_1_88' title='bbox 939 959 1042 1001; x_wconf 84' lang='lat' dir='ltr'>duas</span> <span class='ocrx_word' id='word_1_89' title='bbox 1074 959 1179 1001; x_wconf 87' lang='lat' dir='ltr'>filias</span> <span class='ocrx_word' id='word_1_90' title='bbox 1212 959 1368 1001; x_wconf 85' lang='lat' dir='ltr'>habuit.</span> <span class='ocrx_word' id='word_1_91' title='bbox 1427 960 1600 1008; x_wconf 87' lang='lat' dir='ltr'>(Thurm</span> <span class='ocrx_word' id='word_1_92' title='bbox 1638 960 1768 1002; x_wconf 83' lang='lat' dir='ltr'>Hero-</span> 
     </span>
    </p>
   </div>
   <div class='ocr_carea' id='block_1_11' title="bbox 188 1029 1769 1298">
    <p class='ocr_par' dir='ltr' id='par_1_11' title="bbox 191 1029 816 1085">
     <span class='ocr_line' id='line_1_14' title="bbox 191 1029 816 1085; baseline 0 -14"><span class='ocrx_word' id='word_1_93' title='bbox 191 1029 298 1083; x_wconf 87' lang='lat' dir='ltr'>dots,</span> <span class='ocrx_word' id='word_1_94' title='bbox 331 1029 404 1072; x_wconf 90' lang='lat' dir='ltr'>VII</span> <span class='ocrx_word' id='word_1_95' title='bbox 437 1030 546 1085; x_wconf 86' lang='lat' dir='ltr'>sap.)</span> <span class='ocrx_word' id='word_1_96' title='bbox 594 1043 721 1083; x_wconf 84' lang='lat' dir='ltr'>germ.</span> <span class='ocrx_word' id='word_1_97' title='bbox 746 1031 816 1071; x_wconf 74' lang='lat'>42.</span> 
     </span>
    </p>

    <p class='ocr_par' dir='ltr' id='par_1_12' title="bbox 188 1099 1769 1298">
     <span class='ocr_line' id='line_1_15' title="bbox 192 1099 1769 1156; baseline 0 -14"><span class='ocrx_word' id='word_1_98' title='bbox 192 1099 304 1142; x_wconf 81' lang='lat' dir='ltr'>Civis</span> <span class='ocrx_word' id='word_1_99' title='bbox 330 1106 419 1143; x_wconf 84' lang='lat' dir='ltr'>erat</span> <span class='ocrx_word' id='word_1_100' title='bbox 440 1101 482 1142; x_wconf 90' lang='lat' dir='ltr'>in</span> <span class='ocrx_word' id='word_1_101' title='bbox 505 1101 672 1142; x_wconf 79' lang='lat' dir='ltr'>civitate</span> <span class='ocrx_word' id='word_1_102' title='bbox 695 1114 868 1142; x_wconf 87' lang='lat' dir='ltr'>romana</span> <span class='ocrx_word' id='word_1_103' title='bbox 891 1101 960 1155; x_wconf 92' lang='lat' dir='ltr'>qui</span> <span class='ocrx_word' id='word_1_104' title='bbox 983 1101 1162 1143; x_wconf 87' lang='lat' dir='ltr'>habebat</span> <span class='ocrx_word' id='word_1_105' title='bbox 1184 1102 1332 1156; x_wconf 75' lang='lat' dir='ltr'>picam.</span> <span class='ocrx_word' id='word_1_106' title='bbox 1374 1101 1545 1154; x_wconf 81' lang='lat' dir='ltr'>(Elster,</span> <span class='ocrx_word' id='word_1_107' title='bbox 1564 1101 1637 1142; x_wconf 91' lang='lat' dir='ltr'>VII</span> <span class='ocrx_word' id='word_1_108' title='bbox 1661 1100 1769 1156; x_wconf 86' lang='lat' dir='ltr'>sap.)</span> 
     </span>
     <span class='ocr_line' id='line_1_16' title="bbox 188 1171 1767 1227; baseline 0 -14"><span class='ocrx_word' id='word_1_109' title='bbox 188 1173 203 1224; x_wconf 86' lang='lat'>(</span> <span class='ocrx_word' id='word_1_110' title='bbox 237 1171 416 1224; x_wconf 85' lang='lat' dir='ltr'>)etonius</span> <span class='ocrx_word' id='word_1_111' title='bbox 440 1172 628 1224; x_wconf 78' lang='lat' dir='ltr'>regnavit</span> <span class='ocrx_word' id='word_1_112' title='bbox 651 1171 765 1214; x_wconf 87' lang='lat' dir='ltr'>dives</span> <span class='ocrx_word' id='word_1_113' title='bbox 789 1172 920 1214; x_wconf 85' lang='lat' dir='ltr'>valde.</span> <span class='ocrx_word' id='word_1_114' title='bbox 957 1172 1128 1225; x_wconf 81' lang='lat' dir='ltr'>(Virgils</span> <span class='ocrx_word' id='word_1_115' title='bbox 1147 1172 1299 1225; x_wconf 74' lang='lat' dir='ltr'>thurm7</span> <span class='ocrx_word' id='word_1_116' title='bbox 1318 1172 1393 1213; x_wconf 83' lang='lat' dir='ltr'>Vll</span> <span class='ocrx_word' id='word_1_117' title='bbox 1411 1172 1519 1227; x_wconf 84' lang='lat' dir='ltr'>sap.)</span> <span class='ocrx_word' id='word_1_118' title='bbox 1553 1186 1682 1225; x_wconf 86' lang='lat' dir='ltr'>germ.</span> <span class='ocrx_word' id='word_1_119' title='bbox 1697 1174 1767 1214; x_wconf 79' lang='lat'>43.</span> 
     </span>
     <span class='ocr_line' id='line_1_17' title="bbox 192 1241 1766 1298; baseline 0.001 -15"><span class='ocrx_word' id='word_1_120' title='bbox 192 1241 368 1291; x_wconf 82' lang='lat' dir='ltr'><strong>Quidam</strong></span> <span class='ocrx_word' id='word_1_121' title='bbox 401 1242 629 1297; x_wconf 87' lang='lat' dir='ltr'>imperator</span> <span class='ocrx_word' id='word_1_122' title='bbox 662 1256 776 1284; x_wconf 89' lang='lat' dir='ltr'>rome</span> <span class='ocrx_word' id='word_1_123' title='bbox 808 1243 1009 1296; x_wconf 81' lang='lat' dir='ltr'>regnavit.</span> <span class='ocrx_word' id='word_1_124' title='bbox 1057 1243 1149 1295; x_wconf 80' lang='lat' dir='ltr'>(Vll</span> <span class='ocrx_word' id='word_1_125' title='bbox 1174 1257 1277 1298; x_wconf 77' lang='lat' dir='ltr'>sap.⁷</span> <span class='ocrx_word' id='word_1_126' title='bbox 1301 1243 1375 1284; x_wconf 78' lang='lat' dir='ltr'>Vll</span> <span class='ocrx_word' id='word_1_127' title='bbox 1398 1241 1506 1298; x_wconf 80' lang='lat' dir='ltr'>sap.)</span> <span class='ocrx_word' id='word_1_128' title='bbox 1548 1256 1676 1296; x_wconf 86' lang='lat' dir='ltr'>germ.</span> <span class='ocrx_word' id='word_1_129' title='bbox 1697 1244 1766 1284; x_wconf 77' lang='lat'>48.</span> 
     </span>
    </p>
   </div>
   <div class='ocr_carea' id='block_1_12' title="bbox 132 1311 1767 1509">
    <p class='ocr_par' dir='ltr' id='par_1_13' title="bbox 132 1311 1767 1509">
     <span class='ocr_line' id='line_1_18' title="bbox 133 1311 1766 1368; baseline 0.001 -14"><span class='ocrx_word' id='word_1_130' title='bbox 133 1339 155 1354; x_wconf 87' lang='lat'>.·</span> <span class='ocrx_word' id='word_1_131' title='bbox 191 1311 367 1362; x_wconf 85' lang='lat' dir='ltr'>Quidam</span> <span class='ocrx_word' id='word_1_132' title='bbox 399 1313 628 1368; x_wconf 87' lang='lat' dir='ltr'>imperator</span> <span class='ocrx_word' id='word_1_133' title='bbox 660 1318 750 1356; x_wconf 87' lang='lat' dir='ltr'>erat</span> <span class='ocrx_word' id='word_1_134' title='bbox 781 1314 851 1367; x_wconf 89' lang='lat' dir='ltr'>qui</span> <span class='ocrx_word' id='word_1_135' title='bbox 874 1314 1021 1355; x_wconf 81' lang='lat' dir='ltr'>statuit</span> <span class='ocrx_word' id='word_1_136' title='bbox 1042 1327 1116 1368; x_wconf 91' lang='lat' dir='ltr'>pro</span> <span class='ocrx_word' id='word_1_137' title='bbox 1139 1313 1241 1367; x_wconf 80' lang='lat' dir='ltr'>lege.</span> <span class='ocrx_word' id='word_1_138' title='bbox 1289 1314 1480 1367; x_wconf 71' lang='lat' dir='ltr'>(Abibas,</span> <span class='ocrx_word' id='word_1_139' title='bbox 1503 1313 1563 1367; x_wconf 73' lang='grc' dir='ltr'>ὁ.)</span> <span class='ocrx_word' id='word_1_140' title='bbox 1606 1313 1677 1355; x_wconf 88' lang='lat' dir='ltr'>lat.</span> <span class='ocrx_word' id='word_1_141' title='bbox 1703 1314 1766 1355; x_wconf 86' lang='lat'>17.</span> 
     </span>
     <span class='ocr_line' id='line_1_19' title="bbox 132 1382 1766 1439; baseline 0.001 -15"><span class='ocrx_word' id='word_1_142' title='bbox 132 1415 141 1424; x_wconf 90' lang='lat'>.</span> <span class='ocrx_word' id='word_1_143' title='bbox 190 1383 364 1433; x_wconf 87' lang='lat' dir='ltr'>Quidam</span> <span class='ocrx_word' id='word_1_144' title='bbox 399 1397 558 1439; x_wconf 82' lang='lat' dir='ltr'>pauper</span> <span class='ocrx_word' id='word_1_145' title='bbox 579 1384 659 1426; x_wconf 85' lang='lat' dir='ltr'>fuit</span> <span class='ocrx_word' id='word_1_146' title='bbox 679 1385 720 1426; x_wconf 89' lang='lat' dir='ltr'>in</span> <span class='ocrx_word' id='word_1_147' title='bbox 746 1385 922 1438; x_wconf 87' lang='lat' dir='ltr'>quadam</span> <span class='ocrx_word' id='word_1_148' title='bbox 947 1384 1057 1425; x_wconf 86' lang='lat' dir='ltr'>villa.</span> <span class='ocrx_word' id='word_1_149' title='bbox 1100 1382 1539 1437; x_wconf 50' lang='lat' dir='ltr'>(Drachensehwanz)</span> <span class='ocrx_word' id='word_1_150' title='bbox 1577 1384 1647 1426; x_wconf 90' lang='lat' dir='ltr'>lat.</span> <span class='ocrx_word' id='word_1_151' title='bbox 1674 1385 1766 1426; x_wconf 83' lang='lat'>114.</span> 
     </span>
     <span class='ocr_line' id='line_1_20' title="bbox 132 1453 1767 1509; baseline 0.001 -14"><span class='ocrx_word' id='word_1_152' title='bbox 132 1486 141 1496; x_wconf 92' lang='lat'>.</span> <span class='ocrx_word' id='word_1_153' title='bbox 189 1453 366 1504; x_wconf 83' lang='lat' dir='ltr'>Quidam</span> <span class='ocrx_word' id='word_1_154' title='bbox 399 1454 628 1509; x_wconf 87' lang='lat' dir='ltr'>imperator</span> <span class='ocrx_word' id='word_1_155' title='bbox 662 1455 808 1497; x_wconf 79' lang='lat' dir='ltr'>habuit</span> <span class='ocrx_word' id='word_1_156' title='bbox 841 1455 1049 1509; x_wconf 85' lang='lat' dir='ltr'>quoddam</span> <span class='ocrx_word' id='word_1_157' title='bbox 1072 1468 1231 1497; x_wconf 86' lang='lat' dir='ltr'>nemus.</span> <span class='ocrx_word' id='word_1_158' title='bbox 1281 1455 1456 1506; x_wconf 73' lang='lat' dir='ltr'>(Naokte</span> <span class='ocrx_word' id='word_1_159' title='bbox 1482 1455 1767 1509; x_wconf 83' lang='lat' dir='ltr'>jungfrauen.)</span> 
     </span>
    </p>
   </div>
   <div class='ocr_carea' id='block_1_13' title="bbox 189 1524 384 1566">
    <p class='ocr_par' dir='ltr' id='par_1_14' title="bbox 189 1524 384 1566">
     <span class='ocr_line' id='line_1_21' title="bbox 189 1524 384 1566; baseline 0 0"><span class='ocrx_word' id='word_1_160' title='bbox 189 1524 260 1566; x_wconf 88' lang='lat' dir='ltr'>lat.</span> <span class='ocrx_word' id='word_1_161' title='bbox 291 1524 384 1566; x_wconf 80' lang='lat'>115.</span> 
     </span>
    </p>
   </div>
   <div class='ocr_carea' id='block_1_14' title="bbox 110 1594 1766 1652">
    <p class='ocr_par' dir='ltr' id='par_1_15' title="bbox 110 1594 1766 1652">
     <span class='ocr_line' id='line_1_22' title="bbox 110 1594 1766 1652; baseline 0 -14"><span class='ocrx_word' id='word_1_162' title='bbox 110 1629 141 1638; x_wconf 62' lang='lat'>-.</span> <span class='ocrx_word' id='word_1_163' title='bbox 190 1594 427 1651; x_wconf 81' lang='lat' dir='ltr'>Pompeyus</span> <span class='ocrx_word' id='word_1_164' title='bbox 465 1597 656 1650; x_wconf 84' lang='lat' dir='ltr'>regnavit</span> <span class='ocrx_word' id='word_1_165' title='bbox 695 1597 764 1651; x_wconf 90' lang='lat' dir='ltr'>qui</span> <span class='ocrx_word' id='word_1_166' title='bbox 803 1597 950 1638; x_wconf 81' lang='lat' dir='ltr'>statuit</span> <span class='ocrx_word' id='word_1_167' title='bbox 987 1610 1062 1652; x_wconf 90' lang='lat' dir='ltr'>pro</span> <span class='ocrx_word' id='word_1_168' title='bbox 1095 1596 1198 1650; x_wconf 90' lang='lat' dir='ltr'>lege.</span> <span class='ocrx_word' id='word_1_169' title='bbox 1253 1596 1316 1647; x_wconf 87' lang='lat' dir='ltr'>(ln</span> <span class='ocrx_word' id='word_1_170' title='bbox 1348 1595 1495 1638; x_wconf 85' lang='lat' dir='ltr'>waffen</span> <span class='ocrx_word' id='word_1_171' title='bbox 1527 1596 1766 1650; x_wconf 84' lang='lat' dir='ltr'>begraben.)</span> 
     </span>
    </p>
   </div>
   <div class='ocr_carea' id='block_1_15' title="bbox 188 1666 1768 2147">
    <p class='ocr_par' dir='ltr' id='par_1_16' title="bbox 189 1666 385 1708">
     <span class='ocr_line' id='line_1_23' title="bbox 189 1666 385 1708; baseline 0 0"><span class='ocrx_word' id='word_1_172' title='bbox 189 1666 261 1708; x_wconf 89' lang='lat' dir='ltr'>lat.</span> <span class='ocrx_word' id='word_1_173' title='bbox 290 1668 385 1708; x_wconf 83' lang='lat'>134.</span> 
     </span>
    </p>

    <p class='ocr_par' dir='ltr' id='par_1_17' title="bbox 190 1736 1765 1862">
     <span class='ocr_line' id='line_1_24' title="bbox 190 1736 1765 1793; baseline 0.001 -14"><span class='ocrx_word' id='word_1_174' title='bbox 190 1736 397 1780; x_wconf 84' lang='lat' dir='ltr'>Leuncius</span> <span class='ocrx_word' id='word_1_175' title='bbox 418 1737 610 1791; x_wconf 85' lang='lat' dir='ltr'>regnavit</span> <span class='ocrx_word' id='word_1_176' title='bbox 626 1741 773 1793; x_wconf 85' lang='lat' dir='ltr'>potens</span> <span class='ocrx_word' id='word_1_177' title='bbox 792 1738 862 1792; x_wconf 93' lang='lat' dir='ltr'>qui</span> <span class='ocrx_word' id='word_1_178' title='bbox 880 1737 1020 1780; x_wconf 90' lang='lat' dir='ltr'>semel.</span> <span class='ocrx_word' id='word_1_179' title='bbox 1056 1738 1264 1791; x_wconf 84' lang='lat' dir='ltr'>(Ingratus</span> <span class='ocrx_word' id='word_1_180' title='bbox 1282 1738 1365 1779; x_wconf 85' lang='lat' dir='ltr'>und</span> <span class='ocrx_word' id='word_1_181' title='bbox 1384 1737 1549 1790; x_wconf 87' lang='lat' dir='ltr'>Guido.)</span> <span class='ocrx_word' id='word_1_182' title='bbox 1583 1737 1653 1780; x_wconf 86' lang='lat' dir='ltr'>lat.</span> <span class='ocrx_word' id='word_1_183' title='bbox 1672 1740 1765 1780; x_wconf 75' lang='lat'>119.</span> 
     </span>
     <span class='ocr_line' id='line_1_25' title="bbox 193 1808 1428 1862; baseline -0.001 -12"><span class='ocrx_word' id='word_1_184' title='bbox 193 1808 465 1859; x_wconf 89' lang='lat' dir='ltr'>(T)helomius</span> <span class='ocrx_word' id='word_1_185' title='bbox 498 1822 612 1850; x_wconf 90' lang='lat' dir='ltr'>rome</span> <span class='ocrx_word' id='word_1_186' title='bbox 644 1809 846 1862; x_wconf 86' lang='lat' dir='ltr'>regnavit.</span> <span class='ocrx_word' id='word_1_187' title='bbox 898 1808 1185 1860; x_wconf 81' lang='lat' dir='ltr'>(Wachsbild.)</span> <span class='ocrx_word' id='word_1_188' title='bbox 1232 1808 1304 1850; x_wconf 86' lang='lat' dir='ltr'>lat.</span> <span class='ocrx_word' id='word_1_189' title='bbox 1333 1809 1428 1850; x_wconf 78' lang='lat'>102.</span> 
     </span>
    </p>

    <p class='ocr_par' dir='ltr' id='par_1_18' title="bbox 190 1878 1768 2000">
     <span class='ocr_line' id='line_1_26' title="bbox 190 1878 1768 1934; baseline 0.001 -14"><span class='ocrx_word' id='word_1_190' title='bbox 190 1878 460 1921; x_wconf 84' lang='lat' dir='ltr'>Domicianus</span> <span class='ocrx_word' id='word_1_191' title='bbox 501 1880 544 1921; x_wconf 90' lang='lat' dir='ltr'>in</span> <span class='ocrx_word' id='word_1_192' title='bbox 583 1880 752 1922; x_wconf 83' lang='lat' dir='ltr'>civitate</span> <span class='ocrx_word' id='word_1_193' title='bbox 788 1893 962 1922; x_wconf 88' lang='lat' dir='ltr'>romana</span> <span class='ocrx_word' id='word_1_194' title='bbox 992 1880 1196 1934; x_wconf 85' lang='lat' dir='ltr'>regnavit.</span> <span class='ocrx_word' id='word_1_195' title='bbox 1254 1879 1370 1931; x_wconf 88' lang='lat' dir='ltr'>(Drei</span> <span class='ocrx_word' id='word_1_196' title='bbox 1403 1879 1643 1922; x_wconf 83' lang='lat' dir='ltr'>weisheiten</span> <span class='ocrx_word' id='word_1_197' title='bbox 1677 1893 1768 1922; x_wconf 87' lang='lat' dir='ltr'>ver-</span> 
     </span>
     <span class='ocr_line' id='line_1_27' title="bbox 191 1949 617 2000; baseline 0 -9"><span class='ocrx_word' id='word_1_198' title='bbox 191 1950 375 2000; x_wconf 87' lang='lat' dir='ltr'>kaufen.)</span> <span class='ocrx_word' id='word_1_199' title='bbox 424 1949 494 1992; x_wconf 89' lang='lat' dir='ltr'>lat.</span> <span class='ocrx_word' id='word_1_200' title='bbox 523 1951 617 1991; x_wconf 82' lang='lat'>103.</span> 
     </span>
    </p>

    <p class='ocr_par' dir='ltr' id='par_1_19' title="bbox 188 2020 1617 2147">
     <span class='ocr_line' id='line_1_28' title="bbox 189 2020 1617 2076; baseline 0.001 -14"><span class='ocrx_word' id='word_1_201' title='bbox 189 2020 295 2062; x_wconf 84' lang='lat' dir='ltr'>Erat</span> <span class='ocrx_word' id='word_1_202' title='bbox 328 2020 495 2075; x_wconf 88' lang='lat' dir='ltr'>quidam</span> <span class='ocrx_word' id='word_1_203' title='bbox 529 2020 649 2063; x_wconf 89' lang='lat' dir='ltr'>miles</span> <span class='ocrx_word' id='word_1_204' title='bbox 681 2021 849 2062; x_wconf 86' lang='lat' dir='ltr'>nomine</span> <span class='ocrx_word' id='word_1_205' title='bbox 881 2020 1082 2076; x_wconf 84' lang='lat' dir='ltr'>placidus.</span> <span class='ocrx_word' id='word_1_206' title='bbox 1132 2020 1373 2072; x_wconf 84' lang='lat' dir='ltr'>(Placidus.)</span> <span class='ocrx_word' id='word_1_207' title='bbox 1420 2020 1492 2063; x_wconf 81' lang='lat' dir='ltr'>lat.</span> <span class='ocrx_word' id='word_1_208' title='bbox 1523 2022 1617 2063; x_wconf 89' lang='lat'>110.</span> 
     </span>
     <span class='ocr_line' id='line_1_29' title="bbox 188 2090 1484 2147; baseline -0.002 -13"><span class='ocrx_word' id='word_1_209' title='bbox 188 2090 381 2134; x_wconf 89' lang='lat' dir='ltr'>Valerius</span> <span class='ocrx_word' id='word_1_210' title='bbox 413 2092 604 2144; x_wconf 86' lang='lat' dir='ltr'>regnavit</span> <span class='ocrx_word' id='word_1_211' title='bbox 635 2091 818 2147; x_wconf 88' lang='lat' dir='ltr'>prudens</span> <span class='ocrx_word' id='word_1_212' title='bbox 851 2091 983 2134; x_wconf 88' lang='lat' dir='ltr'>valde.</span> <span class='ocrx_word' id='word_1_213' title='bbox 1034 2090 1245 2144; x_wconf 83' lang='lat' dir='ltr'>(Strieke.)</span> <span class='ocrx_word' id='word_1_214' title='bbox 1294 2104 1390 2147; x_wconf 84' lang='lat' dir='ltr'>app.</span> <span class='ocrx_word' id='word_1_215' title='bbox 1419 2092 1484 2132; x_wconf 81' lang='lat'>16.</span> 
     </span>
    </p>
   </div>
   <div class='ocr_carea' id='block_1_16' title="bbox 413 2265 1436 2381">
    <p class='ocr_par' dir='ltr' id='par_1_20' title="bbox 413 2265 1436 2381">
     <span class='ocr_line' id='line_1_30' title="bbox 519 2265 1326 2312; baseline 0.001 -12"><span class='ocrx_word' id='word_1_216' title='bbox 519 2266 688 2301; x_wconf 88' lang='lat' dir='ltr'>XXXII.</span> <span class='ocrx_word' id='word_1_217' title='bbox 727 2265 818 2301; x_wconf 83' lang='lat' dir='ltr'>Cod.</span> <span class='ocrx_word' id='word_1_218' title='bbox 838 2265 1058 2302; x_wconf 81' lang='lat' dir='ltr'>Confluent.</span> <span class='ocrx_word' id='word_1_219' title='bbox 1077 2266 1166 2312; x_wconf 84' lang='lat'><strong>103,</strong></span> <span class='ocrx_word' id='word_1_220' title='bbox 1192 2266 1326 2310; x_wconf 81' lang='lat' dir='ltr'>quart.</span> 
     </span>
     <span class='ocr_line' id='line_1_31' title="bbox 413 2336 1436 2381; baseline -0.002 -10"><span class='ocrx_word' id='word_1_221' title='bbox 413 2338 454 2371; x_wconf 80' lang='lat'>12</span> <span class='ocrx_word' id='word_1_222' title='bbox 478 2336 524 2371; x_wconf 82' lang='lat' dir='ltr'>bl.</span> <span class='ocrx_word' id='word_1_223' title='bbox 545 2341 770 2381; x_wconf 81' lang='lat' dir='ltr'>pergament.</span> <span class='ocrx_word' id='word_1_224' title='bbox 812 2336 1052 2371; x_wconf 78' lang='lat' dir='ltr'>Bruchstiiok.</span> <span class='ocrx_word' id='word_1_225' title='bbox 1095 2336 1176 2371; x_wconf 93' lang='lat' dir='ltr'>XV.</span> <span class='ocrx_word' id='word_1_226' title='bbox 1196 2336 1248 2381; x_wconf 89' lang='lat' dir='ltr'>jh.</span> <span class='ocrx_word' id='word_1_227' title='bbox 1293 2337 1335 2370; x_wconf 84' lang='lat'>17</span> <span class='ocrx_word' id='word_1_228' title='bbox 1357 2346 1436 2380; x_wconf 82' lang='lat' dir='ltr'>cap.</span> 
     </span>
    </p>
   </div>
   <div class='ocr_carea' id='block_1_17' title="bbox 191 2430 1764 2485">
    <p class='ocr_par' dir='ltr' id='par_1_21' title="bbox 191 2430 1764 2485">
     <span class='ocr_line' id='line_1_32' title="bbox 191 2430 1764 2485; baseline -0.002 -11"><span class='ocrx_word' id='word_1_229' title='bbox 191 2432 278 2474; x_wconf 85' lang='lat' dir='ltr'>Das</span> <span class='ocrx_word' id='word_1_230' title='bbox 310 2432 563 2475; x_wconf 79' lang='lat' dir='ltr'>bruchstiick</span> <span class='ocrx_word' id='word_1_231' title='bbox 600 2431 704 2485; x_wconf 76' lang='lat' dir='ltr'>folgt</span> <span class='ocrx_word' id='word_1_232' title='bbox 735 2432 790 2473; x_wconf 90' lang='lat' dir='ltr'>im</span> <span class='ocrx_word' id='word_1_233' title='bbox 825 2432 913 2474; x_wconf 84' lang='lat' dir='ltr'>eod.</span> <span class='ocrx_word' id='word_1_234' title='bbox 941 2432 1019 2474; x_wconf 89' lang='lat' dir='ltr'>den</span> <span class='ocrx_word' id='word_1_235' title='bbox 1053 2431 1333 2473; x_wconf 88' lang='lat' dir='ltr'>moralisirten</span> <span class='ocrx_word' id='word_1_236' title='bbox 1366 2430 1575 2472; x_wconf 84' lang='lat' dir='ltr'>Mirabilia</span> <span class='ocrx_word' id='word_1_237' title='bbox 1606 2430 1764 2471; x_wconf 89' lang='lat' dir='ltr'>muudi.</span> 
     </span>
    </p>
   </div>
   <div class='ocr_carea' id='block_1_18' title="bbox 72 2500 1768 2697">
    <p class='ocr_par' dir='ltr' id='par_1_22' title="bbox 72 2500 1768 2697">
     <span class='ocr_line' id='line_1_33' title="bbox 74 2500 1768 2556; baseline -0.002 -12"><span class='ocrx_word' id='word_1_238' title='bbox 74 2502 245 2544; x_wconf 89' lang='lat' dir='ltr'>Obwohl</span> <span class='ocrx_word' id='word_1_239' title='bbox 278 2516 320 2545; x_wconf 90' lang='lat' dir='ltr'>es</span> <span class='ocrx_word' id='word_1_240' title='bbox 352 2503 550 2556; x_wconf 90' lang='lat' dir='ltr'>nirgends</span> <span class='ocrx_word' id='word_1_241' title='bbox 583 2503 661 2544; x_wconf 89' lang='lat' dir='ltr'>den</span> <span class='ocrx_word' id='word_1_242' title='bbox 694 2503 785 2544; x_wconf 90' lang='lat' dir='ltr'>titel</span> <span class='ocrx_word' id='word_1_243' title='bbox 818 2502 866 2544; x_wconf 85' lang='lat' dir='ltr'>G.</span> <span class='ocrx_word' id='word_1_244' title='bbox 885 2502 931 2544; x_wconf 82' lang='lat' dir='ltr'>R.</span> <span class='ocrx_word' id='word_1_245' title='bbox 956 2516 992 2544; x_wconf 93' lang='lat' dir='ltr'>o.</span> <span class='ocrx_word' id='word_1_246' title='bbox 1017 2507 1052 2544; x_wconf 75' lang='lat' dir='ltr'>a.</span> <span class='ocrx_word' id='word_1_247' title='bbox 1076 2502 1203 2554; x_wconf 75' lang='lat' dir='ltr'>ffihrt,</span> <span class='ocrx_word' id='word_1_248' title='bbox 1237 2502 1292 2544; x_wconf 89' lang='lat' dir='ltr'>ist</span> <span class='ocrx_word' id='word_1_249' title='bbox 1324 2515 1367 2544; x_wconf 92' lang='lat' dir='ltr'>es</span> <span class='ocrx_word' id='word_1_250' title='bbox 1400 2501 1503 2543; x_wconf 84' lang='lat' dir='ltr'>doch</span> <span class='ocrx_word' id='word_1_251' title='bbox 1529 2500 1768 2542; x_wconf 85' lang='lat' dir='ltr'>unzweifel-</span> 
     </span>
     <span class='ocr_line' id='line_1_34' title="bbox 72 2571 1768 2616; baseline -0.001 -2"><span class='ocrx_word' id='word_1_252' title='bbox 72 2573 162 2614; x_wconf 82' lang='lat' dir='ltr'>haft</span> <span class='ocrx_word' id='word_1_253' title='bbox 193 2573 305 2615; x_wconf 89' lang='lat' dir='ltr'>einer</span> <span class='ocrx_word' id='word_1_254' title='bbox 336 2573 547 2616; x_wconf 83' lang='lat' dir='ltr'>redaction</span> <span class='ocrx_word' id='word_1_255' title='bbox 580 2572 796 2615; x_wconf 89' lang='lat' dir='ltr'>derselben</span> <span class='ocrx_word' id='word_1_256' title='bbox 829 2576 1108 2614; x_wconf 85' lang='lat' dir='ltr'>entnommen.</span> <span class='ocrx_word' id='word_1_257' title='bbox 1158 2571 1236 2614; x_wconf 92' lang='lat' dir='ltr'>Die</span> <span class='ocrx_word' id='word_1_258' title='bbox 1270 2573 1415 2614; x_wconf 75' lang='lat' dir='ltr'>stiicke</span> <span class='ocrx_word' id='word_1_259' title='bbox 1442 2571 1608 2614; x_wconf 83' lang='lat' dir='ltr'>werden</span> <span class='ocrx_word' id='word_1_260' title='bbox 1630 2571 1768 2613; x_wconf 87' lang='lat' dir='ltr'>mehr-</span> 
     </span>
     <span class='ocr_line' id='line_1_35' title="bbox 72 2642 1277 2697; baseline -0.002 -11"><span class='ocrx_word' id='word_1_261' title='bbox 72 2643 167 2686; x_wconf 83' lang='lat' dir='ltr'>fach</span> <span class='ocrx_word' id='word_1_262' title='bbox 199 2642 368 2686; x_wconf 82' lang='lat' dir='ltr'>Gestum</span> <span class='ocrx_word' id='word_1_263' title='bbox 402 2647 598 2697; x_wconf 70' lang='lat' dir='ltr'>gemunt,</span> <span class='ocrx_word' id='word_1_264' title='bbox 632 2643 699 2685; x_wconf 88' lang='lat' dir='ltr'>die</span> <span class='ocrx_word' id='word_1_265' title='bbox 730 2643 1018 2684; x_wconf 85' lang='lat' dir='ltr'>moralisation</span> <span class='ocrx_word' id='word_1_266' title='bbox 1049 2642 1277 2685; x_wconf 87' lang='lat' dir='ltr'>Moralitas.</span> 
     </span>
    </p>
   </div>
   <div class='ocr_carea' id='block_1_19' title="bbox 106 2728 142 2766">
    <p class='ocr_par' dir='ltr' id='par_1_23' title="bbox 106 2728 142 2766">
     <span class='ocr_line' id='line_1_36' title="bbox 106 2728 142 2766; baseline 0 0"><span class='ocrx_word' id='word_1_267' title='bbox 106 2728 142 2766; x_wconf 90' lang='lat'>1.</span> 
     </span>
    </p>
   </div>
   <div class='ocr_carea' id='block_1_20' title="bbox 191 2724 1766 2849">
    <p class='ocr_par' dir='ltr' id='par_1_24' title="bbox 191 2724 1766 2849">
     <span class='ocr_line' id='line_1_37' title="bbox 191 2724 1766 2779; baseline -0.001 -11"><span class='ocrx_word' id='word_1_268' title='bbox 191 2725 305 2767; x_wconf 85' lang='lat' dir='ltr'>Dicit</span> <span class='ocrx_word' id='word_1_269' title='bbox 337 2726 386 2777; x_wconf 69' lang='grc' dir='ltr'>(Ρ)</span> <span class='ocrx_word' id='word_1_270' title='bbox 419 2726 602 2768; x_wconf 87' lang='lat' dir='ltr'>Isidorus</span> <span class='ocrx_word' id='word_1_271' title='bbox 635 2729 779 2767; x_wconf 80' lang='lat' dir='ltr'>eontra</span> <span class='ocrx_word' id='word_1_272' title='bbox 801 2724 1069 2766; x_wconf 86' lang='lat' dir='ltr'>Jovinianum</span> <span class='ocrx_word' id='word_1_273' title='bbox 1104 2724 1211 2778; x_wconf 88' lang='lat' dir='ltr'>quod</span> <span class='ocrx_word' id='word_1_274' title='bbox 1244 2724 1451 2779; x_wconf 85' lang='lat' dir='ltr'>dyogenes</span> <span class='ocrx_word' id='word_1_275' title='bbox 1476 2724 1536 2765; x_wconf 89' lang='lat' dir='ltr'>ita</span> <span class='ocrx_word' id='word_1_276' title='bbox 1558 2724 1766 2778; x_wconf 83' lang='lat' dir='ltr'>perfectus</span> 
     </span>
     <span class='ocr_line' id='line_1_38' title="bbox 191 2794 1258 2849; baseline -0.001 -12"><span class='ocrx_word' id='word_1_277' title='bbox 191 2800 293 2838; x_wconf 87' lang='lat' dir='ltr'>erat.</span> <span class='ocrx_word' id='word_1_278' title='bbox 344 2794 568 2849; x_wconf 87' lang='lat' dir='ltr'>(Diogenes</span> <span class='ocrx_word' id='word_1_279' title='bbox 602 2795 684 2837; x_wconf 90' lang='lat' dir='ltr'>und</span> <span class='ocrx_word' id='word_1_280' title='bbox 718 2795 988 2847; x_wconf 83' lang='lat' dir='ltr'>Alexander.)</span> <span class='ocrx_word' id='word_1_281' title='bbox 1035 2809 1163 2849; x_wconf 86' lang='lat' dir='ltr'>germ.</span> <span class='ocrx_word' id='word_1_282' title='bbox 1194 2796 1258 2836; x_wconf 77' lang='lat'>15.</span> 
     </span>
    </p>
   </div>
   <div class='ocr_carea' id='block_1_21' title="bbox 104 2863 1767 2921">
    <p class='ocr_par' dir='ltr' id='par_1_25' title="bbox 104 2863 1767 2921">
     <span class='ocr_line' id='line_1_39' title="bbox 104 2863 1767 2921; baseline -0.001 -14"><span class='ocrx_word' id='word_1_283' title='bbox 104 2866 144 2907; x_wconf 81' lang='lat'>2.</span> <span class='ocrx_word' id='word_1_284' title='bbox 189 2865 343 2908; x_wconf 85' lang='lat' dir='ltr'>Narrat</span> <span class='ocrx_word' id='word_1_285' title='bbox 383 2866 537 2921; x_wconf 89' lang='lat' dir='ltr'>plinius</span> <span class='ocrx_word' id='word_1_286' title='bbox 571 2866 678 2920; x_wconf 90' lang='lat' dir='ltr'>quod</span> <span class='ocrx_word' id='word_1_287' title='bbox 712 2869 775 2908; x_wconf 90' lang='lat' dir='ltr'>est</span> <span class='ocrx_word' id='word_1_288' title='bbox 807 2865 983 2920; x_wconf 88' lang='lat' dir='ltr'>quedam</span> <span class='ocrx_word' id='word_1_289' title='bbox 1017 2866 1139 2908; x_wconf 86' lang='lat' dir='ltr'>arbor</span> <span class='ocrx_word' id='word_1_290' title='bbox 1172 2866 1215 2907; x_wconf 88' lang='lat' dir='ltr'>in</span> <span class='ocrx_word' id='word_1_291' title='bbox 1246 2865 1372 2906; x_wconf 82' lang='lat' dir='ltr'>india.</span> <span class='ocrx_word' id='word_1_292' title='bbox 1424 2863 1666 2919; x_wconf 78' lang='lat' dir='ltr'>(Schlange3</span> <span class='ocrx_word' id='word_1_293' title='bbox 1700 2878 1767 2906; x_wconf 88' lang='lat' dir='ltr'>ra-</span> 
     </span>
    </p>
   </div>
   <div class='ocr_carea' id='block_1_22' title="bbox 193 2935 889 2990">
    <p class='ocr_par' dir='ltr' id='par_1_26' title="bbox 193 2935 889 2990">
     <span class='ocr_line' id='line_1_40' title="bbox 193 2935 889 2990; baseline -0.001 -12"><span class='ocrx_word' id='word_1_294' title='bbox 193 2935 341 2989; x_wconf 83' lang='lat' dir='ltr'>culus.)</span> <span class='ocrx_word' id='word_1_295' title='bbox 389 2936 618 2989; x_wconf 84' lang='lat' dir='ltr'>(Theriak.)</span> <span class='ocrx_word' id='word_1_296' title='bbox 666 2949 794 2990; x_wconf 86' lang='lat' dir='ltr'>germ.</span> <span class='ocrx_word' id='word_1_297' title='bbox 824 2936 889 2977; x_wconf 87' lang='lat'>17.</span> 
     </span>
    </p>
   </div>
  </div>
 </body>
</html>
