1949 3162
142 462 163 495 υἱ

121 818 164 852 10

122 1174 164 1208 15

120 1533 164 1567 20

121 1890 165 1924 25

121 2245 166 2279 30

123 2600 167 2634 35

125 2957 170 2991 40

987 60 1070 101 508

188 169 426 213 consilium:
460 167 591 210 adhuc
622 167 780 208 nullum
814 167 974 219 signum
1008 165 1122 220 lepre
1153 164 1194 206 in
1217 167 1258 205 te
1290 166 1475 218 apparet,
1507 163 1573 204 hic
1602 175 1730 218 prope
1752 164 1870 203 extra

192 254 362 294 regnum
398 243 460 281 est
492 252 641 292 magna
672 238 832 290 civitas,
864 237 905 278 in
940 250 1018 290 qua
1050 239 1113 277 est
1144 235 1403 288 universitas,
1436 234 1487 275 ad
1507 233 1619 275 illam
1655 246 1802 288 pergas
1830 235 1870 274 et

190 312 378 354 omnibus
412 310 670 353 venientibus
703 310 759 351 sis
799 307 1048 360 communis,
1090 310 1130 348 et
1169 306 1237 360 qui
1271 305 1384 360 prius
1417 305 1466 347 ad
1498 309 1538 347 te
1577 304 1768 358 accessit,
1807 304 1870 345 in-

188 383 428 425 firmitatem
474 381 645 436 recipiet
690 385 730 423 et
770 380 820 421 ab
862 378 973 419 omni
1012 378 1128 432 lepra
1174 376 1395 418 curaberis.
1444 375 1559 426 Quod
1601 376 1754 417 factum
1794 378 1867 416 est.

190 454 314 496 Venit
343 453 451 494 filius
483 452 746 509 imperatoris
779 449 1008 491 adamando
1043 461 1131 490 eam
1170 448 1347 501 fecitque
1380 461 1467 489 eam
1502 447 1641 489 venire
1674 447 1724 488 ad
1757 459 1800 488 se
1830 449 1871 488 et

191 539 279 568 eam
313 525 494 578 rogavit,
530 528 572 566 ut
603 524 638 565 ei
671 522 933 564 consentiret.
987 518 1072 570 Que
1104 519 1271 572 negavit
1302 518 1460 560 dicens:
1500 517 1623 559 Absit
1654 531 1678 559 a
1709 531 1793 570 me,
1825 520 1872 559 ut

192 609 265 650 ego
312 594 564 651 paupercula
610 595 685 636 sim
727 592 954 635 concubina
992 590 1065 632 filii
1105 591 1389 646 imperatoris!
1436 590 1493 631 At
1536 588 1606 631 ille
1652 589 1783 642 magis
1825 601 1872 630 ac

190 667 322 720 magis
361 680 450 709 eam
491 665 768 721 propulsavit,
809 669 854 705 ut
891 662 927 704 ei
967 662 1229 704 consentiret.
1286 661 1361 702 Illa
1399 661 1614 714 cogitavit:
1654 659 1732 702 Hic
1762 659 1871 701 filius

190 738 453 794 imperatoris
494 738 528 779 si
566 737 723 792 lepram
762 736 1012 787 incurreret,
1052 746 1247 786 magnum
1289 732 1513 787 dampnum
1558 735 1677 773 esset.
1740 730 1795 773 Et
1835 731 1872 773 ei

190 810 420 865 proposuit,
453 808 655 863 quomodo
689 806 889 849 incideret
919 806 959 846 in
993 805 1165 860 lepram,
1199 804 1233 845 si
1266 817 1354 845 eam
1388 806 1663 856 cognosceret.
1716 802 1774 844 At
1802 801 1872 844 ille

190 881 334 923 nolens
368 880 579 932 desistere,
613 893 700 921 eam
727 877 917 931 cognovit
940 881 980 919 et
1010 876 1169 932 lepram
1202 875 1387 916 incurrit.
1434 874 1579 916 Altera
1600 873 1666 916 die
1687 873 1873 915 senciens

191 966 233 994 se
265 952 497 1003 liberatam,
532 951 581 992 ad
615 950 793 1006 patriam
827 948 1022 1004 perrexit,
1057 948 1195 989 dicens
1229 947 1285 988 ei:
1323 944 1460 988 sivos
1482 945 1694 998 contingat
1714 944 1872 999 lepram

189 1024 421 1077 incurrere,
464 1022 514 1064 ad
547 1036 613 1064 me
651 1021 874 1073 declinate,
916 1024 956 1061 et
994 1033 1066 1073 ego
1100 1017 1214 1060 vobis
1247 1018 1488 1071 inquantum
1523 1029 1688 1072 possum
1723 1015 1772 1057 de
1803 1028 1874 1057 ne-

191 1095 380 1138 cessariis
429 1093 664 1149 providebo.
726 1091 826 1133 Post
867 1091 942 1133 hoc
987 1104 1070 1132 non
1117 1090 1186 1131 diu
1234 1089 1341 1130 filius
1380 1088 1644 1143 imperatoris
1686 1086 1873 1142 leprosus

189 1167 322 1208 factus
363 1170 424 1208 est
462 1169 502 1207 et
539 1169 699 1206 tantum
748 1162 1114 1215 verecundabatur,
1164 1160 1271 1215 quod
1318 1164 1436 1201 nocte
1475 1159 1586 1200 nullo
1627 1159 1780 1201 sciente
1823 1157 1875 1199 ad

190 1238 398 1280 dominam
431 1237 519 1290 ivit,
552 1236 621 1278 ubi
655 1234 867 1285 manebat3
901 1234 976 1275 hoc
1008 1232 1175 1274 domina
1207 1231 1439 1287 percipiens
1471 1230 1578 1271 dixit
1607 1229 1756 1271 marito
1779 1241 1873 1271 suo:

191 1309 264 1351 Ille
298 1313 382 1362 est,
423 1308 490 1362 qui
524 1321 598 1363 per
630 1320 695 1348 me
727 1307 903 1348 infectus
937 1310 1016 1358 est,
1059 1309 1099 1346 et
1130 1317 1203 1357 ego
1238 1317 1260 1345 a
1291 1303 1406 1357 lepra
1437 1301 1611 1343 liberata
1643 1314 1746 1342 sum.
1797 1299 1875 1350 Qui

190 1381 333 1422 videns
367 1393 459 1422 eum
492 1379 669 1434 turpiter
700 1378 918 1431 infectum,
959 1375 1073 1419 flevit
1105 1388 1264 1428 amare,
1290 1359 1510 1415 ¹cameram
1545 1372 1622 1414 sibi
1655 1371 1873 1425 ordinavit,

189 1452 231 1494 in
265 1465 346 1507 qua
377 1451 586 1493 solitarius
625 1449 837 1503 manebat,
882 1452 922 1491 et
963 1448 1129 1490 domina
1166 1445 1440 1502 personaliter
1472 1445 1508 1487 ei
1540 1443 1804 1486 ministrabat
1835 1447 1875 1485 et

189 1524 231 1565 in
256 1524 397 1565 eodem
420 1522 508 1564 loco
532 1535 593 1563 vn
616 1521 732 1563 annis
765 1520 970 1562 manebat.
1020 1518 1198 1572 Accidit,
1232 1518 1340 1572 quod
1371 1518 1412 1559 in
1436 1530 1496 1557 v11
1519 1529 1624 1557 anno
1654 1520 1743 1557 erat
1763 1514 1874 1556 calor

188 1594 462 1637 intolerabilis
494 1598 535 1636 et
565 1593 753 1648 leprosus
786 1606 857 1634 vas
890 1605 1085 1645 magnum
1119 1604 1209 1632 cum
1244 1590 1338 1631 vino
1371 1603 1444 1645 pro
1467 1586 1769 1630 refocillacione
1801 1586 1874 1628 ha-

190 1667 325 1720 bebat,
359 1670 400 1708 et
432 1665 599 1720 quidam
632 1678 801 1719 serpens
834 1664 876 1705 in
900 1667 988 1705 orto
1022 1662 1203 1704 existens
1237 1675 1308 1703 vas
1340 1660 1512 1702 intravit
1539 1662 1579 1700 et
1601 1672 1643 1700 se
1666 1657 1875 1700 balneavit

191 1742 231 1781 et
269 1738 312 1780 in
344 1737 592 1792 profundum
636 1740 729 1791 post
763 1735 964 1777 locionem
997 1734 1151 1788 jacuit3
1191 1733 1379 1788 leprosus
1418 1732 1498 1773 cito
1538 1744 1561 1772 a
1592 1742 1765 1784 sompno
1804 1742 1874 1771 ex-

190 1809 450 1865 pergefactus
483 1807 655 1849 multum
691 1806 884 1859 siciebat,
918 1819 989 1847 vas
1023 1818 1112 1847 cum
1147 1805 1242 1846 vino
1276 1804 1503 1859 accipiens,
1535 1803 1626 1858 ipso
1657 1801 1874 1854 ignorante

191 1885 423 1936 serpentem
457 1878 618 1921 inbibit.
665 1877 765 1920 Post
795 1878 871 1919 hoc
903 1890 1072 1932 serpens
1105 1876 1244 1917 omnia
1271 1875 1469 1917 interiora
1491 1874 1577 1928 ejus
1599 1873 1708 1928 cepit
1728 1871 1875 1913 rodere

190 1957 273 1994 tam
308 1952 509 2006 graviter,
551 1950 659 2004 quod
699 1950 886 2005 leprosus
927 1949 1104 2002 gemitus
1138 1951 1178 1988 et
1210 1946 1389 2001 suspiria
1427 1945 1562 1987 dabat.
1617 1943 1797 1986 Domina
1838 1943 1875 1985 ei

192 2024 372 2065 maxime
404 2021 751 2077 compaciebatur,
785 2025 825 2063 et
858 2020 994 2076 passio
1026 2019 1098 2060 illa
1130 2017 1306 2060 durabat
1338 2030 1410 2071 per
1441 2020 1524 2057 tres
1548 2015 1634 2057 dies
1667 2015 1873 2068 continue,

194 2099 338 2149 quarto
362 2095 427 2136 die
458 2094 657 2135 vomitum
690 2092 801 2145 fecit,
835 2096 875 2134 et
896 2105 987 2133 cum
1013 2091 1168 2132 vomitu
1191 2093 1232 2131 et
1254 2101 1408 2130 veneno
1431 2087 1617 2129 interiori
1640 2090 1872 2141 serpentem

193 2167 377 2222 projecit.
434 2164 581 2207 Statim
621 2163 737 2205 dolor
780 2163 985 2213 cessabat3
1030 2162 1078 2204 de
1119 2161 1185 2202 die
1225 2161 1268 2202 in
1310 2159 1417 2201 diem
1457 2158 1673 2214 paullatim
1717 2157 1874 2212 species

192 2238 306 2293 lepre
338 2237 389 2278 ab
423 2250 469 2278 eo
502 2235 684 2288 recessit,
718 2239 758 2276 et
788 2238 883 2290 post
914 2238 1070 2288 septem
1105 2232 1190 2274 dies
1223 2245 1317 2272 caro
1351 2231 1436 2285 ejus
1470 2230 1520 2271 ab
1543 2228 1654 2271 omni
1675 2228 1791 2283 lepra
1813 2231 1876 2270 est

194 2312 351 2362 curata,
386 2309 492 2350 sicut
522 2320 616 2349 caro
649 2306 781 2361 pueri,
814 2306 863 2347 de
887 2319 965 2359 quo
998 2304 1165 2345 domina
1197 2302 1370 2344 multum
1405 2304 1467 2343 est
1497 2301 1652 2354 gavisa,
1685 2304 1726 2342 et
1751 2299 1875 2341 vesti-

196 2381 347 2422 mentis
379 2378 576 2435 preciosis
600 2378 734 2432 ipsum
767 2376 978 2429 induebat,
1011 2375 1265 2417 dextrarium
1300 2373 1500 2429 optimum
1533 2372 1569 2414 ei
1601 2371 1727 2425 dedit,
1759 2375 1800 2413 et
1824 2370 1875 2412 ad

195 2452 416 2507 imperium
460 2449 662 2505 perrexit,
706 2448 774 2489 ubi
813 2461 904 2489 cum
943 2447 1096 2488 honore
1135 2449 1198 2487 est
1235 2449 1445 2500 receptus,
1492 2448 1533 2486 et
1569 2447 1663 2498 post
1700 2445 1874 2484 mortem

194 2523 324 2578 patris
356 2521 545 2575 regnavit
576 2523 616 2562 et
648 2520 773 2560 vitam
806 2519 849 2560 in
881 2532 982 2574 pace
1013 2517 1157 2559 finivit.

314 2591 467 2647 [mot]
511 2590 746 2643 Carissimi,
790 2603 862 2644 per
903 2590 1004 2631 istos
1046 2589 1146 2630 duos
1185 2588 1337 2630 milites
1376 2586 1568 2641 cupidum
1611 2588 1652 2627 et
1687 2584 1872 2626 invidum

194 2664 401 2706 diabolum
452 2667 492 2705 et
538 2663 716 2717 primum
757 2661 963 2703 hominem
1013 2661 1170 2702 scilicet
1209 2659 1343 2701 Adam
1391 2657 1585 2699 debemus
1631 2655 1873 2709 intelligere,

194 2736 394 2778 Diabolus
437 2738 526 2776 erat
556 2734 719 2775 invidus
760 2737 800 2774 et
830 2732 974 2774 habuit
1004 2736 1167 2787 turpem
1201 2743 1372 2772 uxorem
1405 2728 1562 2770 scilicet
1593 2726 1769 2780 effigiem
1802 2740 1875 2782 per

195 2807 430 2862 superbiam
470 2805 752 2860 deturpatam,
793 2804 888 2858 quia
927 2803 1143 2858 splendida
1179 2802 1258 2843 fuit
1296 2804 1434 2843 creata
1473 2804 1514 2841 et
1552 2812 1625 2854 per
1662 2802 1874 2853 peccatum

196 2878 306 2919 facta
339 2881 400 2919 est
431 2877 577 2931 turpis.
625 2875 743 2917 Miles
778 2888 925 2916 avarus
958 2874 1115 2916 scilicet
1136 2873 1269 2915 Adam
1303 2884 1473 2914 uxorem
1497 2869 1707 2925 pulchram
1734 2869 1877 2911 habuit

199 2948 356 2990 scilicet
389 2949 567 2990 animam
609 2947 658 2988 ad
692 2946 1004 2987 similitudinem
1038 2946 1103 2987 dei
1140 2948 1341 2998 creatam,
1382 2942 1528 2986 Genes.
1552 2955 1579 2983 1.
1639 2940 1875 2995 Vidensque
