1919 3131
96 138 159 180 18.

94 280 158 321 19.

90 422 158 464 20.

90 564 158 607 21.

89 706 157 749 22.

88 848 157 891 23.

88 992 155 1034 24.

87 1134 155 1176 25.

87 1277 155 1320 26.

87 1707 155 1749 29.

86 1850 154 1892 30.

85 1993 154 2034 31.

85 2136 154 2177 32.

85 2278 153 2320 33.

85 2421 153 2463 34.

85 2563 153 2606 35.

82 2706 154 2748 36.

86 2848 154 2889 37.

908 34 963 76 39

209 137 270 180 De
301 138 491 180 doctrina
521 138 737 180 aristotilis
769 139 818 181 ad
844 139 1129 182 allexandrum
1154 154 1303 192 regem.
1348 142 1456 184 luter
1479 147 1615 185 cetera
1637 145 1778 187 multa.

209 209 472 258 (Aristoteles
505 209 677 261 leliren.)
726 210 794 253 lat.
820 213 888 253 :34.

208 279 395 322 Honores
435 284 598 322 mutant
635 295 783 324 mores.
839 282 1028 325 Tiberius
1070 286 1165 324 ante
1198 282 1430 338 imperium.
1487 284 1691 335 (Tiberius
1727 311 1777 315 —

208 350 428 401 Liberius.)
477 365 571 407 app.
597 353 635 393 0.

207 422 269 464 De
308 425 484 478 quatuor
523 422 619 464 tiliis
653 428 726 465 etc.
783 423 866 466 Rex
901 424 1068 479 quidam
1102 424 1286 480 tyberius
1319 426 1463 468 dictus.
1519 427 1778 480 (Se-hiessen.)

207 493 277 535 lat.
301 495 370 535 45.

207 563 270 607 De
318 565 407 608 sure
454 565 710 620 deprehenso
750 579 823 620 per
864 580 983 620 quem
1027 571 1101 608 etc.
1166 565 1248 608 Fur
1289 567 1455 621 quidam
1497 572 1614 611 nocte
1655 571 1777 613 venit.

207 635 514 686 (Mondstrahl.)
562 637 631 679 lat.
662 638 755 678 134¹».

205 706 268 749 De
307 708 438 750 milite
480 708 532 749 lv
573 721 646 763 pro
685 707 1021 750 reconsiliacione
1060 712 1262 763 portante.
1326 709 1445 752 Miles
1478 710 1646 765 quidam
1678 717 1777 754 erat.

207 778 331 826 (Halb
363 779 573 832 gei-itteu.)
622 779 691 820 lat.
721 779 815 820 124.

206 849 269 892 De
302 850 474 893 muliere
506 853 710 892 secretum
743 850 966 892 revelante.
1016 849 1164 893 Laicus
1198 851 1365 906 quidam
1400 852 1565 907 probus.
1615 852 1686 899 (IV
1714 867 1779 896 ra-

207 920 316 972 ben.)
364 920 434 963 lat.
464 922 558 962 1⁸25.

206 991 268 1035 De
306 992 422 1035 fabro
459 992 572 1046 justo
615 996 654 1033 et
695 992 782 1045 ejus
822 993 1015 1035 denariis.
1073 993 1271 1047 Virgilius
1310 994 1362 1036 ad
1401 994 1643 1037 instantiam
1683 995 1777 1038 Titi.

205 1062 384 1114 (FocaS.)
434 1063 503 1105 lat.
530 1064 598 1104 57.

204 1133 431 1176 Consilium
473 1135 559 1177 sive
592 1138 796 1177 secretum
828 1148 909 1176 non
943 1139 1007 1177 est
1038 1135 1317 1178 revelandum.
1373 1135 1607 1179 Macrobius
1640 1138 1776 1181 refert.

205 1205 454 1262 (Papierus.)
504 1206 745 1262 (Papirius.)
792 1206 862 1248 lat.
894 1207 985 1248 126.

203 1276 266 1320 De
298 1278 552 1332 gratitudine
585 1277 762 1332 qualiter
795 1282 1033 1320 remunerat
1057 1282 1132 1321 etc.
1183 1278 1385 1321 IIenricus
1409 1280 1648 1335 imperator.
1698 1280 1779 1332 (In-

204 1353 348 1403 gratus
381 1349 464 1391 und
496 1348 663 1401 Guido.)
711 1349 781 1391 lat.
810 1350 904 1390 119.

148 1411 163 1461 .’
206 1419 268 1462 De
308 1421 485 1476 epykeia
526 1434 630 1475 quae
670 1425 732 1463 est
772 1421 1089 1476 interpretativa
1120 1421 1269 1474 legum.
1329 1422 1485 1465 Seneca
1516 1426 1670 1465 narrat.
1719 1422 1779 1474 (In

206 1491 351 1534 waffen
385 1491 623 1545 begraben.)
670 1492 741 1533 lat.
770 1493 864 1533 134.

206 1562 375 1619 Septem
407 1564 536 1605 simus
569 1563 664 1605 boni
698 1568 738 1605 et
769 1562 958 1605 sufficiat.
1007 1562 1236 1618 Imperator
1269 1564 1435 1619 quidam
1465 1569 1625 1621 potens.
1676 1564 1779 1617 (Sie-

205 1634 283 1677 ben
309 1634 430 1688 jahre
462 1637 584 1686 treu.)
632 1648 760 1687 germ.
785 1636 854 1676 ὑὲ).

204 1706 268 1749 De
306 1705 507 1748 fidelitate
540 1706 745 1748 servanda
777 1707 899 1748 etiam
936 1706 1042 1748 inter
1074 1706 1248 1759 ignotos.
1305 1706 1437 1749 Erant
1469 1707 1548 1749 duo
1581 1708 1689 1750 inter
1721 1721 1776 1751 se.

205 1777 500 1831 (Bsirgschaft.)
547 1777 618 1819 lat.
647 1778 742 1819 108.

203 1848 266 1891 De
305 1849 464 1891 duobus
505 1849 648 1890 amicis
681 1862 855 1903 quorum
889 1862 993 1890 unus
1027 1852 1116 1891 erat
1148 1849 1314 1904 sapiens
1348 1849 1451 1891 alter
1484 1863 1580 1893 vero
1612 1851 1775 1893 stultus.

203 1920 336 1963 Erant
367 1920 446 1962 duo
479 1920 646 1962 milites.
697 1918 873 1967 (Weiser
904 1919 1008 1974 folgt
1039 1920 1132 1963 dem
1165 1922 1348 1973 narren.)
1399 1920 1470 1963 lat.
1496 1922 1563 1963 67.

201 1992 265 2035 De
297 1992 478 2047 quinque
509 1991 659 2045 gladiis
692 1991 900 2033 hominem
931 1992 1182 2034 terrentibus
1214 1995 1288 2034 ete.
1338 1992 1513 2042 Quidam
1537 2007 1609 2035 rex
1633 1994 1778 2035 statuit

203 2077 278 2120 pro
310 2063 413 2117 lege.
464 2062 853 2117 (Todestrompete.)
900 2061 971 2105 lat.
998 2064 1093 2105 143.

201 2134 266 2177 De
313 2133 472 2176 duobus
519 2134 632 2177 canis
680 2134 912 2176 contrariis.
977 2133 1152 2184 Quidam
1201 2134 1378 2177 habebat
1418 2134 1519 2177 duos
1559 2135 1772 2192 leprarios.

203 2205 458 2257 (Feindliche
491 2205 627 2247 hunde
660 2205 800 2259 einig.)
846 2205 917 2247 lat.
948 2206 1040 2247 133.

203 2277 265 2320 De
295 2277 412 2330 largo
444 2290 552 2329 rege.
601 2276 687 2318 Rex
721 2276 889 2330 quidam
923 2277 1020 2320 fecit
1052 2290 1225 2331 regnum
1258 2276 1526 2333 proclamare.
1578 2277 1685 2327 (Den
1709 2292 1774 2321 ar-

202 2362 297 2391 men
329 2348 396 2390 die
426 2347 687 2399 herrschaft.)
733 2347 805 2390 lat.
833 2349 927 2389 131.

202 2419 265 2463 De
305 2419 498 2475 ymagine
537 2419 775 2474 penitentie.
830 2418 988 2474 Ymago
1023 2419 1250 2475 penitentie
1281 2419 1508 2462 seeundum
1540 2420 1770 2474 remigium.

204 2490 486 2542 (Penitentia.)
534 2503 629 2546 app.
656 2492 721 2532 11.

202 2562 265 2605 De
301 2561 537 2604 humilitate
576 2566 617 2604 et
654 2562 740 2615 ejus
780 2561 1008 2617 speciebus.
1066 2562 1206 2604 Refert
1245 2562 1344 2604 titus
1383 2561 1518 2603 livius.
1575 2560 1773 2613 (Goldner

203 2633 340 2685 tisch.)
388 2625 482 2689 a¹pp.
510 2634 575 2674 12.

201 2704 329 2748 Aliud
360 2704 620 2746 conveniens.
672 2703 783 2746 Idem
816 2704 1054 2760 tytuslivius
1087 2705 1206 2748 deam
1238 2705 1428 2747 fortunae
1460 2703 1520 2746 sic
1550 2703 1769 2759 depictam.

203 2775 432 2827 (Fortuna.)
479 2789 573 2831 app.
602 2777 667 2817 13.

202 2847 265 2890 De
305 2846 438 2890 tribus
478 2846 701 2889 honoribus
741 2850 781 2889 et
819 2847 952 2889 tribus
985 2847 1202 2903 vituperiis
1236 2850 1310 2889 etc.
1375 2845 1636 2888 Consuetudo
1669 2849 1768 2888 erat.

201 2918 452 2974 (Triumph.)
500 2917 570 2960 lat.
595 2919 663 2959 30.
