1929 3162
958 72 1042 113 286

158 179 318 233 Projice
351 192 373 220 a
403 182 444 220 te
475 178 658 232 gladium
688 178 919 231 iniquitatis
952 182 993 219 et
1024 177 1199 230 malicie,
1232 177 1339 219 sicut
1369 177 1466 219 fecit
1497 177 1565 219 ille
1597 177 1646 219 de
1678 190 1757 232 quo
1779 176 1836 219 le-

161 251 270 304 gitur
308 250 349 291 in
389 249 621 302 evangelio:
662 248 791 290 Filius
827 261 998 303 peregre
1030 248 1236 303 profectus
1268 252 1331 290 est
1361 248 1404 289 111
1435 248 1646 301 regionem
1676 247 1837 302 longin-

162 334 296 376 quam.
347 320 414 362 Sic
445 325 648 376 peccator,
681 334 773 363 cum
806 319 990 362 carnales
1023 319 1254 375 voluptates
1286 319 1433 373 diligit,
1467 332 1491 361 a
1522 319 1687 361 domino
1721 332 1837 375 pere-

161 392 404 446 grinabitur,
437 395 478 433 et
510 396 661 446 quanto
694 391 900 447 peccando
932 392 1020 446 ipse
1052 392 1106 433 sit
1137 391 1390 444 dissimilior,
1422 394 1537 433 tanto
1566 390 1699 444 magis
1722 404 1746 432 a
1767 390 1838 432 do-

115 469 136 502 5
161 464 272 505 1111110
311 463 544 517 elongatur,
592 463 866 506 substantiam
911 463 1133 516 consumit,
1182 463 1279 504 dum
1322 462 1447 504 vitam
1488 466 1529 504 et
1565 461 1838 515 cogitaciones

160 535 350 590 turpibus
383 534 541 577 actibus
573 535 788 590 impendit,
823 538 863 576 et
893 534 998 576 sicut
1029 533 1072 574 111
1103 533 1314 587 evangelio
1347 533 1497 575 dicitur
1529 533 1578 575 de
1598 532 1698 586 filio,
1731 531 1839 586 quod

161 619 280 660 egere
312 606 434 661 cepit,
467 609 507 648 et
539 606 700 648 adhesit
730 606 801 648 uni
833 606 912 647 civi
944 605 1124 658 regionis
1155 604 1279 658 illius,
1314 605 1382 659 qui
1415 604 1529 646 misit
1558 603 1674 645 illum
1699 604 1742 645 in
1763 602 1838 645 vil-

158 677 242 719 lam
280 691 417 730 suam,
459 680 505 719 ut
542 681 729 732 pasceret
768 690 913 732 porcos
953 680 1028 718 etc.
1091 675 1220 718 Filius
1251 675 1321 718 ille
1353 689 1472 730 egere
1503 675 1633 730 cepit,
1676 673 1838 729 quando

160 749 332 791 virtutes
372 761 445 803 per
485 753 699 804 peccatum
739 748 889 790 amisit.
954 747 1070 789 Unde
1110 747 1313 803 psalmus:
1362 747 1522 789 Divites
1563 749 1762 800 eguerunt
1799 748 1840 788 et

92 826 135 861 10
160 820 404 863 esurierunt.
461 820 638 862 Adhesit
676 820 746 861 uni
787 820 938 861 civium
979 819 1134 861 scilicet
1165 818 1349 872 diabolo,
1391 819 1487 872 quia
1518 818 1712 860 demones
1744 819 1840 859 sunt

159 892 268 933 cives
302 895 342 933 et
372 894 551 933 rectores
583 892 844 934 tenebrarum
878 891 997 944 hujus
1031 890 1186 944 mundi,
1213 891 1337 944 juxta
1369 889 1621 945 apostolum:
1653 888 1745 931 Non
1778 891 1840 930 est

159 962 277 1005 nobis
310 962 561 1005 conluctacio
596 963 791 1005 adversus
824 976 987 1004 carnem
1023 965 1062 1004 et
1094 962 1337 1015 sanguinem
1361 965 1437 1003 etc.
1486 960 1639 1003 Porcus
1660 961 1839 1002 immun-

160 1034 257 1076 dum
291 1038 352 1075 est
384 1034 550 1087 animal,
589 1035 684 1089 quia
714 1034 756 1075 in
789 1034 978 1076 sordibus
1011 1033 1251 1087 delectatur,
1285 1037 1325 1075 et
1354 1032 1446 1075 ideo
1478 1033 1613 1088 porcis
1646 1032 1839 1074 demones

159 1109 466 1160 comparantur,
500 1105 596 1160 quia
623 1105 812 1147 sordibus
836 1109 1097 1160 peccatorum
1119 1104 1425 1147 saturabuntur.
1473 1103 1569 1145 Illos
1591 1104 1724 1159 pascit
1745 1116 1839 1158 pec—

92 1183 134 1217 15
160 1181 274 1219 cator
312 1176 500 1218 sordibus
542 1177 760 1219 criminum
802 1191 969 1218 suorum
1010 1181 1050 1219 et
1087 1178 1176 1232 ipse
1216 1180 1278 1218 est
1309 1189 1410 1230 opus
1442 1175 1619 1218 illorum.
1684 1174 1840 1229 Silique

160 1251 257 1290 sunt
287 1247 401 1290 cibus
433 1252 717 1303 peccatorum,
751 1249 810 1290 sic
840 1249 1082 1301 fornicacio,
1116 1247 1292 1290 ebrietas
1324 1251 1365 1289 et
1395 1246 1592 1300 gulositas
1624 1246 1738 1288 cibus
1771 1245 1840 1288 de-

161 1333 342 1361 monum.
391 1318 453 1361 De
485 1319 646 1373 siliquis
678 1320 791 1375 cupit
822 1323 1012 1375 peccator
1034 1319 1207 1374 implere
1228 1332 1345 1360 suum
1371 1322 1570 1372 ventrem,
1603 1319 1700 1373 quia
1720 1331 1840 1360 nemo

161 1391 232 1433 dat
264 1391 300 1433 ei
333 1391 614 1444 saturitatem,
653 1391 749 1445 quia
779 1391 969 1446 voluptas
1003 1405 1165 1446 semper
1196 1390 1319 1433 habet
1349 1390 1501 1432 famam
1534 1404 1651 1432 suam
1684 1393 1725 1432 et
1755 1390 1842 1432 dia-

162 1462 278 1504 bolus
311 1462 552 1504 multociens
585 1475 666 1504 non
698 1462 769 1504 dat
800 1462 957 1504 homini
989 1463 1052 1505 sui
1084 1462 1278 1505 desiderii
1308 1461 1560 1516 facultatem,
1594 1462 1725 1504 sciens
1749 1475 1841 1504 eum

90 1542 135 1576 ⁴20
161 1546 250 1575 esse
281 1536 489 1574 mortuum
524 1547 596 1588 per
628 1537 854 1589 peccatum.
906 1534 987 1576 Sed
1020 1538 1158 1576 tamen
1190 1534 1379 1575 dominus
1405 1534 1542 1589 sepius
1566 1547 1639 1589 per
1660 1533 1842 1587 graciam

161 1618 278 1646 suam
320 1605 455 1647 vibrat
494 1605 544 1647 ab
585 1618 631 1646 eo
668 1605 850 1658 gladium
883 1605 1114 1659 iniquitatis
1147 1609 1187 1647 et
1218 1605 1335 1647 dicit:
1377 1604 1572 1647 Miserere
1604 1605 1704 1658 mei,
1744 1604 1841 1646 dum

162 1679 331 1732 peccata
360 1677 617 1729 recognoscit
649 1680 689 1718 et
721 1676 840 1718 dicit:
874 1676 1081 1719 Delictum
1113 1690 1248 1718 meum
1282 1676 1492 1730 cognitum
1523 1676 1599 1718 tibi
1619 1676 1710 1718 feci.
1762 1675 1843 1718 Sed

162 1748 261 1790 deus
301 1747 585 1789 misericordia
625 1751 760 1789 motus
793 1751 876 1801 est,
918 1751 958 1789 et
990 1761 1206 1790 occurrens
1240 1748 1388 1790 cecidit
1418 1761 1541 1803 super
1573 1747 1724 1790 collum
1756 1748 1842 1802 ejus

163 1824 203 1862 et
234 1819 440 1862 osculatus
474 1823 536 1861 est
568 1833 657 1861 eum
693 1819 877 1873 dixitque
910 1819 960 1860 ad
993 1832 1152 1861 servos:
1195 1817 1254 1873 [8]
1291 1818 1381 1861 Cito
1415 1818 1555 1862 afferte
1587 1819 1735 1861 stolam
1757 1819 1842 1875 pri-

92 1898 137 1933 25
162 1904 273 1932 mam
306 1894 346 1933 et
376 1891 534 1933 induite
565 1891 682 1932 illum
715 1894 755 1933 et
787 1891 880 1932 date
914 1890 1111 1932 annulum
1143 1891 1185 1932 in
1210 1891 1488 1945 manum-ejus
1512 1894 1552 1932 et
1573 1891 1843 1933 calciamenta

162 1963 204 2004 in
243 1962 416 2018 pedibus
458 1963 565 2017 ejus,
606 1966 646 2004 et
685 1962 874 2004 adducite
906 1962 1081 2004 vitulum
1113 1962 1345 2016 saginatum
1379 1966 1419 2004 et
1450 1962 1622 2005 occidite
1655 1966 1696 2005 et
1727 1976 1842 2005 man-

163 2033 379 2087 ducemus,
421 2034 517 2088 quia
548 2034 612 2075 hic
644 2033 751 2075 filius
784 2048 899 2075 meus
933 2038 1118 2076 mortuus
1149 2034 1285 2076 suerat
1316 2037 1357 2076 et
1388 2034 1557 2088 revixit,
1591 2033 1773 2089 perierat
1803 2037 1844 2075 et

163 2105 354 2147 inventus
387 2109 461 2147 est.
518 2104 586 2146 Sic
618 2108 736 2160 pater
766 2105 928 2147 celestis
961 2105 1064 2147 vidit
1096 2110 1324 2158 errantem,
1357 2118 1449 2147 cum
1483 2105 1533 2147 ad
1565 2105 1843 2160 penitenciam

165 2189 208 2218 se
240 2180 390 2229 movet,
423 2180 464 2218 et
493 2176 634 2229 injecit
656 2190 698 2218 se
720 2190 844 2232 super
867 2176 1016 2219 collum
1041 2177 1140 2231 ejus,
1174 2176 1336 2231 quando
1359 2190 1461 2218 onus
1483 2176 1742 2232 penitenciae
1763 2176 1842 2219 sibi

93 2254 139 2288 30
164 2247 361 2303 imponit,
401 2247 609 2289 osculatur
647 2262 760 2302 eum,
803 2248 965 2302 quando
1003 2248 1138 2290 verbis
1171 2249 1253 2290 oris
1286 2249 1348 2289 sui
1381 2247 1607 2290 delectatur
1638 2252 1842 2303 peccator,

159 2319 281 2373 juxta
300 2318 421 2360 illud:
452 2318 668 2361 Osculetur
690 2333 755 2360 me
777 2319 915 2361 osculo
939 2320 1020 2361 oris
1042 2320 1118 2362 sui.
1167 2319 1281 2361 Stola
1302 2319 1437 2374 prima
1458 2320 1656 2373 induitur,
1681 2319 1841 2374 quando

167 2403 281 2432 amor
303 2389 456 2432 Christi
488 2403 562 2445 per
594 2390 868 2445 penitenciam
891 2390 1076 2433 habetur.
1125 2390 1315 2433 Annulus
1338 2391 1381 2432 in
1403 2404 1528 2432 manu
1550 2391 1686 2444 signat
1707 2391 1842 2444 signa-

166 2460 302 2502 culum
341 2460 624 2503 similitudinis
656 2461 809 2503 Christi
848 2462 891 2503 in
928 2462 1044 2504 bonis
1077 2463 1284 2518 operibus.
1339 2461 1411 2503 Ille
1443 2475 1538 2515 ergo
1571 2461 1768 2504 annulum
1799 2462 1843 2504 in

166 2545 291 2574 manu
331 2535 489 2587 portat,
532 2532 601 2586 qui
639 2533 681 2574 in
721 2532 833 2574 nullo
872 2547 994 2588 opere
1024 2548 1050 2576 a
1081 2533 1244 2576 Christo
1277 2533 1426 2576 deviat.
1490 2532 1770 2575 Calciamenta
1799 2533 1843 2574 in
1886 2552 1891 2555 -

95 2610 140 2646 35
166 2603 339 2658 pedibus
372 2607 468 2645 sunt
499 2603 690 2658 exempla
721 2608 970 2658 sanctorum,
1003 2605 1072 2659 qui
1104 2605 1256 2647 mortui
1285 2608 1394 2658 sunt,
1427 2604 1535 2658 quia,
1570 2604 1676 2647 sicut
1697 2603 1843 2647 calcia-

167 2677 308 2717 menta
337 2674 380 2716 in
411 2674 584 2729 pedibus
617 2674 858 2717 animalium
890 2676 1116 2718 defendunt
1145 2676 1284 2731 pedes,
1316 2676 1376 2718 ita
1397 2675 1587 2731 exempla
1608 2679 1841 2718 sanctorum

168 2746 338 2787 animas.
394 2745 556 2788 Vitulus
588 2746 800 2799 saginatus
832 2750 893 2789 est
925 2746 1132 2800 Christus,
1173 2761 1247 2802 pro
1278 2747 1395 2789 nobis
1427 2746 1665 2789 immolatus
1696 2747 1739 2788 111
1771 2759 1844 2788 ara

167 2817 320 2870 erucis,
361 2817 458 2870 quia
497 2817 706 2870 saginatus
737 2818 763 2859 i.
789 2832 823 2859 e.
853 2819 1024 2873 spiritus
1064 2819 1196 2860 sancti
1233 2818 1415 2874 repletus
1447 2818 1597 2871 gracia.
1659 2817 1715 2859 Et
1744 2821 1842 2859 tunc

167 2888 322 2942 poteris
355 2901 429 2942 per
460 2888 670 2930 civitatem
695 2889 830 2930 cordis
852 2890 912 2931 tui
934 2889 1149 2932 ostendere
1170 2888 1367 2931 vexillum
1391 2889 1486 2931 boni
1508 2889 1652 2932 militis
1674 2888 1841 2942 Christi,

262 2969 305 3002 10
329 2969 423 3012 sunt]
452 2975 536 3015 oriy.
561 2970 663 3004 siout.
760 2971 803 3004 21
829 2969 957 3015 vibrat]
983 2976 1068 3016 oriy.
1094 2971 1227 3005 visitat.
1324 2971 1368 3004 35
1394 2969 1552 3014 spiritus]
1579 2975 1664 3015 orry.
1689 2969 1840 3013 spiritui.
