1919 3157
851 58 931 99 ‘277

59 176 138 203 uno
179 162 338 204 delicto.
402 163 488 215 Ego
529 177 638 204 erum
680 164 924 218 precipitata
965 164 1061 217 quia
1097 164 1219 205 semel
1259 165 1507 214 adulterata,
1556 171 1596 207 et
1633 167 1731 209 deus

57 246 122 275 me
156 233 399 277 miraculose
431 234 624 287 salvavit,
662 233 722 288 [3]
761 248 855 289 ergo
893 235 1039 277 iterato
1076 249 1155 277 non
1194 235 1320 277 debeo
1357 237 1607 292 precipitari.
1660 238 1733 280 Ait

50 304 202 358 judex:
244 303 354 346 Satis
394 305 617 360 prudenter
655 306 915 361 respondisti.
973 305 1084 348 Vade
1122 306 1164 347 in
1204 308 1323 361 pace!
1378 306 1430 349 Et
1474 308 1632 350 salvata
1670 313 1732 351 est

57 375 214 418 mulier.

173 447 440 489 Illoraliwtaeb
478 463 601 504 super
632 449 848 490 het-tor-z‘am
877 451 1166 505 precedentem.
1220 447 1452 501 Carissimi,
1491 449 1567 491 iste
1599 450 1730 505 impe-
1755 461 1777 494 5

56 521 169 559 rator
200 522 263 560 est
292 518 392 560 deus
424 523 576 571 noster,
609 519 677 573 qui
710 520 808 562 facit
840 520 959 562 istam
993 519 1146 573 legem,
1189 519 1295 573 quod
1330 520 1363 561 si
1397 520 1486 574 quis
1517 521 1559 562 in
1593 521 1731 563 anima

56 588 236 644 pollutus
268 589 392 632 fuerit
423 589 497 632 sub
520 589 696 643 Christo,
731 592 798 645 qui
822 595 883 633 est
912 604 1086 646 sponsus
1109 591 1257 644 anime,
1290 604 1364 646 per
1386 594 1595 646 peccatum
1621 605 1730 634 mor-

55 660 137 702 tale
168 660 289 703 debet
319 661 557 716 precipitari
591 661 639 703 de
672 661 753 704 alto
786 666 924 705 monte
957 663 981 704 i.
1007 676 1041 704 e.
1074 662 1123 704 de
1155 675 1280 715 regno
1313 661 1472 716 celesti,
1505 663 1612 705 sicut
1642 668 1731 706 erat

55 732 212 788 primus
245 736 362 788 pater
382 732 530 774 Adam.
580 731 659 774 Sed
692 733 790 775 deus
823 747 896 789 per
923 733 995 775 filii
1019 734 1080 775 sui
1103 734 1335 788 passionem
1359 733 1547 776 salvavit.
1596 734 1727 777 Homo

55 816 145 846 cum
180 807 334 860 peccat,
368 803 467 846 deus
501 816 581 845 non
615 805 753 846 statim
788 818 860 860 per
891 805 1093 846 infinitam
1127 818 1242 846 suam
1277 805 1604 848 misericordiam
1637 820 1728 849 eum
1756 815 1799 849 10

55 875 268 931 dampnat,
293 875 362 918 sed
385 888 458 930 per
479 875 658 929 graciam
684 889 796 918 suam
821 876 965 930 salvat,
988 880 1033 918 ut
1053 889 1134 918 non
1157 876 1425 931 precipitetur
1446 877 1489 919 in
1508 877 1725 919 infernum.

804 1105 863 1148 CA
870 1120 905 1147 P.
929 1107 968 1147 4.

584 1194 658 1238 De
678 1194 857 1251 justitia
880 1192 1199 1251 judicantium.

172 1301 297 1345 Cesar
328 1302 536 1356 regnavit,
570 1303 639 1357 qui
673 1302 817 1344 statuit
847 1315 922 1358 pro
952 1301 1054 1355 lege,
1088 1300 1195 1356 quod
1229 1301 1261 1343 si
1294 1301 1385 1356 quis
1416 1300 1630 1344 mulierem
1661 1315 1726 1344 ra-

56 1378 174 1431 peret
205 1378 245 1417 et
275 1375 316 1416 vi
349 1387 436 1416 eam
474 1375 745 1430 opprimeret,
786 1374 828 1415 in
868 1373 1065 1416 electione
1104 1372 1288 1415 mulieris
1327 1376 1454 1427 esset,
1494 1376 1630 1415 utrum
1664 1374 1727 1416 vir
1755 1381 1798 1415 15

55 1446 160 1488 mori
193 1445 359 1488 deberet
390 1446 453 1488 vel
493 1459 582 1488 eam
623 1446 710 1488 sine
749 1445 843 1487 dote
882 1445 923 1486 in
962 1457 1131 1486 uxorem
1169 1444 1347 1487 duceret.
1401 1444 1564 1487 Accidit
1595 1457 1726 1500 casus,

56 1517 164 1573 quod
196 1517 360 1572 quidam
395 1518 533 1573 rapuit
563 1522 682 1559 nocte
713 1530 792 1558 una
826 1515 946 1558 simul
979 1515 1079 1557 duas
1107 1515 1313 1559 mulieres.
1361 1514 1452 1558 Una
1473 1516 1598 1572 peciit
1617 1530 1727 1559 mor-

55 1594 138 1632 tem
170 1593 211 1631 et
241 1589 321 1631 alia
352 1589 535 1645 nupcias.
584 1588 740 1644 Raptor
777 1592 922 1643 captus
961 1592 1023 1630 est
1061 1590 1101 1630 et
1139 1587 1284 1629 ductus
1322 1600 1458 1630 coram
1485 1587 1644 1642 judice,
1683 1592 1729 1631 ut

55 1661 213 1703 duabus
250 1659 490 1702 mulieribus
530 1661 752 1702 secundum
793 1659 924 1713 legem
964 1659 1242 1714 responderet.
1300 1657 1440 1701 Prima
1478 1659 1625 1701 mulier
1664 1659 1727 1701 in—

56 1736 214 1775 stanter
245 1731 467 1774 secundum
500 1731 632 1786 legem
665 1735 839 1773 mortem
871 1731 1008 1786 peciit,
1042 1730 1220 1773 secunda
1242 1743 1333 1772 eum
1355 1730 1398 1772 in
1420 1729 1554 1772 virum
1576 1730 1727 1774 habere
1752 1740 1798 1775 20

55 1803 259 1847 clamavit.
312 1803 366 1845 Et
397 1803 503 1846 dixit
533 1803 668 1858 prima
699 1802 867 1845 mulier:
899 1802 1052 1845 Verum
1085 1805 1167 1854 est,
1202 1801 1309 1857 quod
1339 1801 1406 1844 lex
1438 1802 1585 1855 dictat,
1618 1802 1726 1857 quod

54 1875 302 1931 peticionem
332 1888 467 1917 meam
499 1874 719 1928 obtineam,
754 1878 794 1916 et
825 1874 955 1916 altera
976 1873 1208 1929 respondit:
1241 1872 1398 1916 Eodem
1419 1873 1539 1915 modo
1561 1873 1628 1916 lex
1650 1887 1725 1929 pro

54 1960 121 1989 me
151 1946 314 1989 clamat.
363 1945 443 1988 Sed
475 1946 571 2000 quia
601 1959 694 1988 mea
723 1945 873 2001 peticio
906 1949 968 1987 est
992 1945 1137 1987 inicior
1159 1949 1200 1988 et
1220 1945 1352 1998 magis
1375 1945 1603 1999 caritativa,
1634 1944 1725 1987 ideo

54 2018 179 2060 michi
211 2018 386 2071 videtur,
419 2017 527 2072 quod
553 2017 681 2071 judex
713 2030 788 2073 pro
820 2030 885 2059 me
917 2017 1163 2059 sententiam
1196 2016 1321 2059 dabit.
1369 2016 1501 2058 Ambe
1533 2016 1726 2059 mulieres

48 2089 179 2144 judici
210 2093 305 2132 sunt
336 2092 570 2143 conqueste,
604 2092 644 2131 et
675 2088 855 2143 quelibet
885 2087 1124 2130 beneficium
1156 2087 1258 2141 legis
1291 2087 1538 2143 postulabat.
1590 2087 1726 2131 Judex
1752 2097 1796 2132 25

55 2173 148 2203 cum
178 2163 395 2215 utramque
427 2164 585 2215 partem
619 2160 813 2214 audisset,
847 2160 1023 2202 secunde
1054 2159 1216 2202 mulieri
1248 2159 1463 2213 concessit,
1495 2163 1540 2201 ut
1569 2173 1660 2202 eum
1683 2160 1726 2202 in

55 2232 189 2274 virum
221 2231 437 2285 obtineret,
471 2235 511 2274 et
542 2232 599 2273 sic
630 2232 782 2273 factum
816 2235 889 2274 est.

174 2301 486 2357 [Moralisatio]
536 2302 763 2356 Carissimi,
786 2303 863 2345 iste
885 2303 1111 2358 imperator
1133 2305 1194 2344 est
1215 2301 1402 2343 dominus
1426 2304 1565 2344 noster
1585 2300 1726 2344 Ihesus

56 2373 257 2427 Christus,
289 2378 431 2430 raptor
463 2373 634 2429 quilibet
665 2378 867 2429 peccator,
901 2374 969 2428 qui
1001 2373 1111 2429 rapit
1141 2374 1168 2415 i.
1191 2387 1224 2416 e.
1250 2373 1376 2415 violat
1403 2372 1503 2415 duas
1535 2372 1727 2416 mulieres

57 2459 111 2488 sc.
129 2445 339 2499 justiciam
373 2449 414 2488 et
444 2445 783 2499 misericordiam,
817 2459 894 2499 que
926 2448 1022 2487 sunt
1054 2445 1171 2487 ambe
1203 2444 1283 2487 filie
1315 2444 1393 2486 dei.
1445 2444 1600 2500 Raptor
1632 2457 1726 2486 con·
1752 2454 1798 2488 30

56 2519 225 2559 vocatur
256 2530 394 2559 coram
421 2517 572 2571 judice,
606 2516 767 2571 quando
802 2517 939 2558 anima
971 2519 1186 2572 separatur
1215 2530 1238 2558 a
1259 2528 1441 2572 corpore.
1488 2515 1629 2558 Prima
1649 2516 1727 2558 sci-

55 2588 151 2631 licet
167 2589 334 2642 justicia
355 2592 498 2631 contra
518 2592 773 2644 peccatorem
797 2588 960 2642 allegat,
988 2587 1223 2631 eternaliter
1244 2601 1337 2630 eum
1359 2587 1507 2630 debere
1528 2588 1632 2629 mori
1654 2601 1728 2643 per

57 2659 188 2714 legem
215 2661 396 2715 justitie3
430 2660 500 2703 sed
525 2659 654 2702 altera
675 2659 830 2702 scilicet
851 2660 1134 2702 misericordia
1159 2660 1300 2702 divina
1322 2659 1484 2713 allegat,
1517 2659 1622 2714 quod
1655 2672 1728 2715 per

58 2732 347 2774 contricionem
372 2735 413 2774 et
433 2732 729 2774 confessionem
752 2731 991 2774 salvabitur.
1023 2732 1115 2774 Ideo
1133 2732 1369 2774 studeamus
1387 2731 1445 2773 sic
1461 2730 1535 2773 deo
1552 2730 1727 2786 placere.

141 2897 160 2930 7
179 2896 339 2940 mortale]
358 2902 442 2942 oriy.
461 2896 612 2931 mortali.
664 2897 704 2930 11
724 2895 908 2940 dampnat]
927 2901 1012 2940 ori-q.
1029 2895 1236 2940 dampnant.
1269 2894 1456 2939 infernum]
1476 2900 1561 2940 ori-q.
1579 2893 1727 2930 inferno.

25 2991 27 2993 ,
58 2955 102 2990 21
128 2955 254 3000 prima]
280 2961 365 3001 oriy.
381 2955 506 2999 prime.
588 2956 633 2990 22
658 2956 770 2990 altera
795 2954 990 3000 respondit]
1017 2961 1101 3001 oriq.
1120 2956 1240 2990 altera.
1267 2955 1313 2989 Et
1337 2954 1530 2999 respondit.
