1919 3157
844 90 930 132 519

47 193 137 245 filia
167 209 245 235 sua
277 196 346 236 dei
371 196 536 248 judicio
568 198 613 237 in
640 197 826 250 fulmine
853 212 1073 252 percussus
1105 206 1182 242 est,
1225 214 1320 254 opes
1357 208 1490 240 autem
1523 208 1556 240 et
1589 201 1732 241 diade-

48 273 163 306 mata
206 265 324 307 nobis
370 275 465 307 sunt
506 276 726 308 reservata.
790 268 988 309 Permitte
1026 284 1088 309 me
1124 271 1326 324 mceiyare
1366 285 1456 310 cum
1495 272 1586 311 viro
1625 272 1736 312 mco!

51 336 142 379 Rex
172 345 306 378 autem
337 338 591 378 eaeleilaratus
622 354 745 379 ‘naves
767 339 885 392 jubet
912 341 1096 394 produci
1124 341 1169 380 in
1205 340 1301 380 litus
1333 349 1370 381 et
1397 341 1583 382 omnibus
1616 341 1733 383 bonis

48 408 218 464 impleri
225 424 239 458 ;
271 417 496 464 propterea
535 411 733 450 nutricem
771 410 871 462 ejus,
910 412 1076 451 nomine
1106 410 1368 465 Liyocidem,
1410 420 1446 452 et
1484 412 1734 454 obstetricem

42 487 222 535 propter
254 487 428 535 partum
466 480 551 533 ejus
589 481 714 521 simul
754 482 952 536 liaviyare
986 483 1194 537 precepit,
1237 490 1274 522 et
1312 484 1411 523 data
1443 483 1736 538 proficiscendi
1783 492 1804 526 5

49 552 173 606 copia
204 551 375 592 dedu-rit
406 552 463 591 ad
493 552 604 597 litus,
639 553 928 607 osculaturque
956 553 1096 605 filiam
1137 561 1174 593 et
1207 567 1425 608 qenerum,
1464 554 1730 609 naciyabant.

51 620 138 664 Sed
184 636 275 662 cum
313 637 394 678 per
433 622 594 677 aliquot
645 624 731 664 dies
781 625 825 663 in
876 625 988 664 mari
1024 623 1233 678 fuissent,
1287 627 1467 666 ‹ew-rem
1519 633 1734 681 tempestas

47 707 224 748 mayn&
258 693 403 749 puella
441 695 606 734 interim
638 694 894 747 infirmatur,
930 709 1159 750 procreans
1179 695 1342 748 filiam,
1385 697 1498 751 quod
1524 696 1647 750 facta
1679 705 1737 738 est

49 765 174 819 quasi
201 772 376 805 mortua.
428 763 552 816 Quod
581 780 672 806 cum
703 766 858 806 videret
876 766 1069 820 familia,
1104 766 1361 808 taz-clamabat
1393 782 1485 808 soce
1514 782 1669 823 mayna
1701 775 1737 808 et

47 835 222 876 ululatu.
276 835 366 876 Hec
403 837 576 877 audie-ns
616 837 923 892 Appollonius,
973 839 1176 889 cucurrit,
1224 839 1331 879 vidit
1368 838 1580 894 conjuyem
1617 853 1736 880 suam
1762 845 1806 880 lO

50 908 174 962 quasi
204 914 410 948 mortuam
431 907 651 960 jacentem,
684 916 730 948 ut
760 909 799 948 ei
826 907 1056 960 ridebatur,
1089 909 1213 949 scidit
1243 925 1269 949 a
1294 917 1462 964 pectore
1488 924 1561 951 suo
1593 918 1734 962 vestes,

42 977 236 1034 profusis
262 977 432 1033 flet-ibus
460 978 640 1031 jactavit
677 993 718 1019 se
754 994 880 1035 super
918 994 1069 1034 corpus
1105 979 1191 1033 ejus
1227 988 1264 1021 et
1303 982 1384 1021 ait:
1438 978 1548 1022 Cara
1587 980 1738 1034 conjua-

47 1049 282 1090 Altistratis
310 1049 431 1102 filia,
473 1051 576 1104 quid
612 1050 866 1105 respondebo
894 1052 1017 1106 patri
1046 1059 1114 1091 tuo
1139 1066 1224 1106 pro
1257 1051 1318 1092 te?
1356 1052 1413 1093 Et
1444 1067 1536 1092 cum
1566 1051 1642 1092 lzoc
1673 1052 1736 1092 di-

46 1121 186 1172 xisset,
220 1121 329 1161 diaeit
359 1122 398 1161 ei
423 1120 699 1176 yubemator:
732 1119 893 1177 Corpus
923 1129 1132 1162 mortuum
1161 1124 1281 1163 navis
1312 1122 1483 1177 sufferre
1503 1138 1588 1163 non
1607 1123 1736 1173 valet,-

37 1190 140 1245 jube
170 1206 267 1247 erqo
300 1207 451 1247 corpus
482 1194 528 1232 in
551 1193 751 1248 pelaqu‘m
771 1194 893 1244 mitti,
927 1201 972 1233 ut
991 1194 1198 1248 possimus
1220 1195 1401 1235 evadere.
1451 1195 1736 1250 Appollonius
1763 1199 1807 1235 15

47 1264 109 1304 ait
138 1263 195 1304 ad
225 1277 336 1304 eum.-
387 1262 501 1314 Quid
531 1264 650 1316 dicis,
678 1264 883 1319 pessime?
927 1264 1074 1305 Placet
1104 1264 1192 1317 tibi,
1225 1273 1271 1306 ut
1300 1265 1376 1306 boc
1407 1280 1559 1321 corpus
1589 1268 1635 1307 in
1660 1281 1737 1322 pe-

47 1333 167 1389 layus
204 1335 431 1386 inmittam,
474 1336 587 1390 quod
621 1335 880 1390 naufrayum
917 1350 980 1376 me
1022 1343 1059 1376 et
1096 1350 1266 1391 eyenum
1305 1337 1512 1392 suscepit?
1567 1337 1739 1379 Vocavit

45 1419 182 1446 servos
227 1420 323 1447 suos
361 1414 398 1447 et
434 1408 516 1447 ait:
562 1405 750 1448 Faciatis
789 1406 968 1447 loculum
1007 1415 1045 1448 et
1068 1406 1295 1461 foramina
1334 1416 1371 1449 et
1408 1423 1500 1448 cum
1540 1408 1737 1451 bitumine

47 1475 168 1517 liniri
204 1484 242 1517 et
277 1478 332 1518 sit
362 1485 479 1518 carta
503 1476 701 1533 plumbea
732 1479 844 1519 intus
869 1480 1014 1534 posita
1045 1486 1082 1519 et
1113 1478 1346 1531 obturetur,
1382 1479 1570 1534 perfecto
1603 1480 1735 1522 loculo

44 1547 255 1603 reyalibus
293 1550 544 1589 ornamentis
583 1557 790 1590 exornent.
845 1549 1039 1590 Puellam
1069 1551 1115 1590 in
1147 1550 1281 1591 loculo
1307 1558 1475 1606 ponunt
1505 1559 1542 1592 et
1572 1553 1737 1607 copiam
1762 1557 1807 1592 20

46 1620 145 1659 auri
173 1619 232 1660 ad
262 1627 388 1675 caput
418 1620 520 1674 ejus,
554 1628 589 1661 et
621 1620 735 1661 dedit
766 1620 950 1661 osculum
968 1621 1124 1675 funeri
1133 1654 1143 1672 ,
1172 1621 1364 1675 fundens
1395 1637 1522 1677 super
1553 1637 1643 1663 eam
1675 1623 1737 1664 la-

46 1691 209 1731 crimas.
271 1689 388 1732 Tunc
414 1691 544 1745 jussit
572 1692 777 1741 infantem
808 1692 900 1733 tolli
929 1700 967 1733 et
997 1693 1216 1747 diliyenter
1244 1695 1422 1745 nutriri,
1463 1701 1509 1734 ut
1532 1708 1616 1749 pro
1637 1694 1737 1747 filia

45 1769 232 1817 nepotem
260 1764 352 1817 reyi
381 1763 619 1815 ostenderet,
658 1771 695 1803 et
714 1762 845 1816 jussit
875 1763 1055 1804 loculum
1084 1765 1194 1804 mitt-i
1222 1765 1269 1804 in
1298 1766 1410 1805 mari
1440 1779 1532 1805 cum
1552 1767 1735 1807 maa'imo

35 1833 150 1888 fletu.
205 1831 355 1874 Tereia
383 1848 479 1875 vero
513 1834 579 1874 die
608 1834 724 1874 unda
753 1835 884 1874 maris
915 1834 1030 1887 ejecit
1061 1835 1240 1876 loculum
1271 1835 1329 1875 ad
1356 1835 1453 1876 litus
1474 1835 1737 1891 Eplzesorum

47 1919 74 1944 a
105 1904 224 1959 lonqe
254 1920 281 1945 a
312 1905 431 1946 domo
465 1904 680 1958 cujusda-m
710 1906 874 1957 medici,
912 1904 1139 1946 Cerimonis
1169 1908 1348 1959 nomine,
1383 1908 1459 1962 qui
1487 1922 1580 1948 cum
1611 1909 1736 1949 disci·
1762 1913 1807 1948 25

40 1975 160 2030 pulis
190 1977 277 2016 suis
308 1976 449 2017 eadem
481 1977 547 2017 die
575 1978 622 2016 in
654 1976 772 2017 litore
803 1976 1042 2018 ambulavit.
1102 1976 1220 2018 Tunc
1249 1978 1355 2018 vidit
1387 1978 1566 2019 loculum
1597 1979 1737 2033 effusis

34 2046 234 2101 fluctibus
263 2047 494 2101 jacentem,
536 2048 597 2088 ait
632 2049 760 2088 servis
799 2049 908 2088 suis:
953 2047 1102 2089 Tollite
1137 2048 1245 2088 hunc
1276 2048 1456 2089 loculum
1495 2064 1587 2090 cum
1626 2051 1738 2091 omni

46 2117 265 2173 diliyentia
294 2126 332 2159 et
361 2119 419 2159 acl
446 2118 590 2158 villam
612 2118 820 2173 perferte!
857 2118 981 2170 Quod
1001 2135 1092 2160 cum
1101 2119 1318 2174 fecissent,
1351 2121 1532 2161 medicus
1554 2122 1734 2176 aperuit,

43 2189 151 2230 vidit
182 2190 370 2245 puellam
405 2188 615 2244 reqalz'bus
655 2192 906 2231 ornamentis
944 2191 1181 2232 decoratam
1219 2198 1257 2231 et
1290 2193 1519 2246 speciosam
1548 2193 1668 2233 valde
1700 2200 1737 2233 et

46 2261 171 2314 quasi
204 2268 411 2302 mortuam
438 2260 644 2313 jacentem
655 2293 666 2312 ,
716 2260 925 2317 obstupuit
964 2269 1000 2302 et
1038 2263 1118 2302 ait:
1172 2261 1207 2303 O
1247 2261 1356 2303 bona
1387 2262 1553 2318 puella,
1606 2278 1735 2318 quare
1760 2270 1806 2305 30

46 2332 141 2371 estis
177 2333 237 2372 sic
267 2331 491 2372 derelicta?
544 2330 658 2373 Vidit
687 2331 828 2373 subtus
860 2341 986 2388 caput
1016 2333 1102 2386 ejus
1127 2335 1353 2388 pecuniam
1376 2335 1563 2389 positam
1593 2341 1630 2375 et
1660 2333 1733 2374 sub

39 2403 222 2457 pecunia
269 2410 428 2443 cartam
464 2404 664 2458 scriptam
702 2411 739 2444 et
776 2405 857 2445 ait:
906 2404 1229 2459 Pei-quiramus,
1278 2405 1381 2459 quid
1421 2406 1653 2446 continetur
1688 2406 1734 2445 in

46 2474 188 2514 carta!
231 2471 367 2525 Quam
403 2488 495 2514 cum
532 2476 783 2529 aperuisset,
822 2476 979 2515 invenit
1019 2475 1183 2516 titulum
1219 2477 1440 2531 scriptum:
1489 2475 1734 2531 Quicunque

45 2543 154 2585 hunc
184 2544 364 2585 loculum
393 2546 563 2596 invenit,
590 2553 703 2600 peto,
735 2553 780 2586 ut
811 2560 839 2586 x
871 2560 1019 2586 aureos
1050 2545 1198 2587 habeat
1227 2554 1265 2587 et
1284 2561 1314 2588 x
1323 2546 1478 2600 funeri
1495 2548 1732 2602 impendat,-

46 2614 122 2656 lioc
157 2617 265 2656 enim
295 2630 446 2671 corpus
476 2616 626 2656 multas
658 2616 854 2656 lacrimas
883 2616 1055 2671 reliquit
1077 2617 1326 2672 parentibus
1357 2625 1394 2658 et
1424 2618 1586 2658 dolores
1617 2632 1731 2658 ama-
1757 2625 1803 2660 35

45 2699 126 2727 ros.
177 2685 300 2738 Quod
329 2688 368 2728 si
394 2687 514 2728 aliud
529 2686 697 2740 fecerit,
732 2701 856 2741 quam
889 2688 1001 2742 quod
1030 2687 1151 2728 dolor
1182 2690 1379 2743 eaposcit,
1413 2689 1603 2729 ultimum
1624 2689 1731 2729 diem

45 2757 219 2810 incidat,
246 2772 321 2798 nec
342 2759 408 2810 sit,
440 2759 515 2813 qui
534 2756 619 2810 ejus
641 2772 791 2813 corpus
811 2758 1048 2813 sepulturae
1069 2759 1334 2800 commendat.
1375 2759 1574 2800 Pei-lectis
1596 2767 1731 2800 autem

47 2828 220 2869 cartulis
262 2829 319 2869 ad
356 2843 493 2870 servos
528 2843 623 2869 suos
655 2830 735 2870 ait:
783 2828 1018 2870 Prcstemus
1050 2832 1239 2885 corpori,
1281 2831 1392 2885 quod
1423 2830 1543 2870 dolor
1575 2826 1728 2883 [1246]

47 2900 256 2955 exposcit!
299 2898 407 2940 Juro
445 2898 561 2940 vobis
593 2914 673 2954 per
702 2914 817 2955 spem
846 2901 926 2941 vite
955 2914 1061 2952 mee,
1099 2902 1147 2941 in
1177 2901 1252 2942 hoc
1271 2901 1427 2956 funere
1457 2900 1638 2957 amplius
1668 2915 1731 2942 me

47 2970 51 2974 ’
140 2978 162 3013 5
185 2979 360 3023 precepit]
388 2985 473 3025 oriq.
492 2982 676 3023 ceperunt.
