1949 3162
981 46 1064 88 668

297 155 514 195 Reduccio.
575 152 813 206 Karissimi,
856 151 938 194 filia
978 153 1086 206 regis
1119 152 1291 195 delicate
1330 153 1486 195 nutrita
1523 156 1585 195 est
1617 153 1754 196 anima
1785 153 1859 195 hu-

178 237 314 277 mana,
348 238 426 278 que
458 227 520 266 est
549 223 636 266 filia
667 224 817 266 summi
849 223 957 277 regis
990 224 1042 266 ad
1073 225 1307 280 ymaginem
1339 225 1449 267 facta
1480 224 1558 266 dei.
1600 225 1722 267 (Jaom
1756 224 1860 268 Tota

178 295 351 351 pulchra
383 309 425 338 es
460 295 593 338 amica
625 299 700 338 etc.
749 295 860 338 Haeo
891 295 977 338 filia
1007 296 1163 338 tociens
1203 296 1245 338 in
1277 296 1461 338 mamilla
1499 296 1656 351 patitur
1688 309 1766 351 que
1798 300 1860 339 est

177 367 301 409 totius
335 367 520 422 corporis
558 380 656 422 pars
688 368 926 421 tenerrima,
961 367 1155 422 quociens
1196 369 1384 424 superior
1415 380 1511 423 pars
1544 367 1716 409 rationis
1747 367 1860 409 vide-

176 437 273 480 licet
309 437 545 480 intellectus
587 442 627 481 et
666 438 855 480 voluntas
894 442 1062 494 peccato
1096 438 1259 480 mortali
1299 438 1490 481 inficitur.
1544 437 1654 492 Ergo
1687 452 1860 494 queren-

177 509 273 551 dum
308 513 370 551 est
401 509 602 564 medicos,
634 510 660 551 i.
686 524 719 553 e.
747 511 934 553 doctores
966 510 1029 552 vel
1061 510 1329 564 confessores,
1363 510 1431 565 qui
1455 510 1597 552 dicunt
1627 523 1708 552 non
1740 523 1861 565 posse

178 580 313 623 curari
331 580 411 622 nisi
434 594 508 636 per
530 581 820 637 penitenciam,
854 595 932 636 que
954 581 1117 623 videtur
1139 581 1342 636 aliquibus
1365 582 1533 624 ferrum.
1575 580 1656 623 Sed
1688 581 1862 636 spongia

178 665 256 706 que
288 651 498 694 Christum
532 653 690 707 signat,
738 654 846 709 quod
886 654 921 695 si
959 653 1081 696 homo
1121 653 1430 709 permitteretur
1469 653 1583 707 tangi
1620 665 1692 708 per
1717 653 1858 707 jugem

179 724 499 766 medicacionem
532 724 582 767 de
604 725 691 779 ejus
714 726 919 781 passione,
953 738 1003 767 ex
1027 739 1105 780 quo
1132 725 1246 780 judei
1279 729 1554 780 porrexerunt
1577 723 1655 766 sibi
1676 724 1718 766 in
1741 737 1860 767 cruce

177 795 393 851 spongiam
428 799 542 838 aceto
576 795 754 852 plenam,
787 810 931 839 revera
962 796 1149 839 morbum
1182 796 1340 852 peccati
1373 795 1575 839 educeret.

855 1050 957 1104 267,
990 1063 1094 1104 app.
1117 1049 1183 1092 71.

292 1150 433 1194 Refert
469 1150 681 1205 Valerius,
723 1151 830 1206 quod
871 1155 960 1194 erat
991 1151 1156 1207 quidam
1191 1164 1292 1206 puer
1325 1151 1505 1205 quinque
1534 1163 1756 1204 annorum,
1790 1150 1859 1205 qui

175 1222 348 1276 singulis
382 1222 524 1265 diebus
558 1223 608 1265 ad
639 1222 738 1265 litus
769 1223 897 1265 maris
934 1223 1138 1278 perrexit3
1180 1223 1287 1278 quod
1321 1222 1462 1264 videns
1501 1221 1669 1276 quidam
1701 1221 1860 1277 delphi-

174 1307 251 1335 nus
283 1294 440 1349 incepit
471 1307 563 1337 cum
596 1308 722 1350 puero
753 1294 895 1337 ludere
927 1298 968 1337 et
998 1295 1133 1350 ipsum
1168 1309 1292 1351 super
1324 1295 1490 1336 dorsum
1522 1297 1701 1349 portare.
1753 1292 1860 1335 Puer

177 1379 272 1408 vero
305 1365 478 1419 singulis
511 1366 654 1408 diebus
687 1379 838 1422 panem
871 1366 921 1408 ad
954 1366 1192 1422 delphinum
1226 1366 1420 1421 portabat
1459 1370 1499 1408 et
1530 1365 1588 1407 sic
1620 1364 1858 1420 delphinum

174 1450 248 1493 per
279 1437 305 1478 5
341 1437 404 1479 vel
439 1439 492 1480 10
525 1452 652 1480 annos
686 1438 956 1481 sustentabat.
990 1438 1154 1481 Accidit
1186 1451 1266 1480 uno
1299 1437 1379 1492 die,
1412 1437 1520 1493 quod
1551 1450 1654 1493 puer
1685 1436 1737 1479 ad
1761 1436 1858 1479 litus

173 1509 301 1551 maris
339 1510 525 1564 perrexit
563 1513 733 1566 portans
773 1523 910 1553 secum
942 1524 1093 1566 panem
1124 1514 1171 1552 ut
1201 1509 1346 1552 solitus
1387 1512 1494 1564 erat,
1527 1508 1745 1564 delphinus
1776 1521 1860 1550 non

174 1580 298 1622 venit.
355 1580 525 1624 Interim
563 1595 676 1624 mare
708 1596 882 1637 puerum
914 1581 1254 1625 circumvallabat
1294 1585 1334 1624 et
1371 1595 1474 1637 puer
1512 1580 1749 1623 submersus
1784 1582 1858 1635 est,

175 1666 265 1696 cum
297 1667 412 1696 mare
451 1667 494 1696 se
534 1654 682 1708 traxit,
722 1653 941 1709 delphinus
974 1654 1087 1696 venit
1128 1658 1169 1696 et
1206 1667 1299 1695 oum
1339 1666 1510 1709 puerum
1551 1655 1761 1694 mortuum
1797 1652 1860 1694 111-

175 1725 356 1768 venisset
388 1738 461 1781 pre
492 1725 619 1767 nimio
652 1724 792 1767 dolore
818 1726 941 1780 juxta
973 1740 1145 1782 puerum
1180 1726 1327 1768 cecidit
1360 1729 1400 1767 et
1431 1727 1617 1767 mortuus
1649 1727 1723 1766 est.

295 1798 514 1839 Reducem.
570 1796 812 1851 Karissimi,
851 1811 954 1853 puer
984 1798 1063 1840 iste
1095 1801 1232 1854 potest
1263 1797 1343 1839 dici
1376 1796 1549 1851 quilibet
1580 1796 1710 1838 bonus
1743 1794 1860 1838 Chri-

174 1868 346 1922 stianus,
380 1868 450 1923 qui
483 1868 594 1910 omni
626 1868 691 1910 die
724 1868 844 1911 debet
876 1870 1053 1925 spaciari
1079 1870 1202 1924 juxta
1234 1883 1361 1923 mare,
1393 1869 1420 1910 i.
1446 1881 1479 1910 e.
1493 1868 1616 1923 juxta
1647 1867 1859 1921 mundum,

172 1954 256 1982 non
302 1940 345 1982 in
385 1940 564 1993 mundO,
613 1940 664 1982 ad
702 1940 988 1983 seminandum
1024 1955 1150 1997 opera
1195 1940 1490 1983 misericordie.
1552 1939 1669 1982 Unde
1700 1939 1859 1995 primus

173 2015 292 2067 pater
330 2011 466 2053 Adam
506 2014 595 2053 erat
634 2025 754 2067 puer,
802 2012 827 2053 i.
861 2026 894 2054 e.
934 2013 976 2054 in
1015 2013 1196 2068 puritate
1237 2012 1320 2054 vite
1367 2015 1585 2066 antequam
1628 2011 1861 2067 peccaverit

167 2084 291 2138 juxta
321 2083 518 2125 mundum
551 2082 594 2124 in
627 2083 819 2138 paradiso
852 2084 1038 2126 terrestri
1070 2084 1139 2126 ubi
1172 2084 1291 2125 deum
1325 2082 1644 2138 contemplabat.
1688 2082 1859 2138 Delphi-

173 2168 250 2196 nus
283 2158 345 2196 est
382 2154 502 2207 deus,
552 2154 622 2208 qui
656 2168 749 2196 eum
791 2155 948 2197 creavit
986 2159 1026 2198 et
1063 2169 1138 2197 sua
1177 2155 1317 2209 gracia
1356 2155 1538 2211 portavit
1574 2155 1625 2198 de
1656 2167 1754 2208 agro
1788 2154 1859 2196 da-

174 2240 365 2269 masceno
411 2226 454 2267 in
495 2226 755 2281 paradisum,
805 2226 875 2268 sed
923 2240 1024 2282 puer
1058 2227 1176 2269 adam
1224 2227 1399 2269 moritur
1446 2227 1608 2282 quando
1655 2225 1706 2268 de
1736 2239 1859 2281 pomo

173 2302 316 2340 contra
356 2297 421 2339 dei
461 2300 656 2352 precepta
702 2297 925 2340 commedit
971 2302 1012 2340 et
1058 2299 1118 2340 sic
1163 2298 1450 2341 involvebatur
1489 2298 1680 2341 fluctibus
1717 2298 1858 2351 maris,

172 2370 198 2411 i.
224 2383 256 2411 e.
291 2370 333 2411 in
367 2369 545 2411 miseriis
578 2369 698 2424 hujus
732 2369 888 2411 mundi.
935 2369 1064 2412 Juxta
1086 2369 1188 2411 illud
1221 2369 1346 2412 Gen.:
1378 2369 1424 2411 In
1447 2369 1596 2412 sudore
1616 2369 1752 2411 vultus
1782 2372 1856 2411 etc.

175 2439 255 2483 Sed
287 2440 519 2496 delphinus,
552 2441 578 2482 i.
603 2454 636 2483 e.
661 2440 774 2495 deus,
807 2444 967 2483 tantum
1000 2455 1091 2483 eum
1125 2441 1283 2495 dilexit,
1317 2441 1424 2496 quod
1456 2441 1506 2483 de
1531 2440 1616 2483 celo
1649 2439 1861 2499 descendit

175 2516 216 2555 et
247 2525 322 2567 pro
356 2512 443 2566 ejus
476 2525 616 2554 amore
648 2516 689 2554 et
720 2526 794 2567 pro
827 2525 900 2554 suo
932 2526 1081 2567 genere
1113 2517 1299 2555 mortuus
1332 2517 1395 2556 est
1424 2513 1467 2555 in
1499 2525 1630 2555 cruce.

850 2767 956 2821 268,
991 2780 1094 2822 app.
1117 2768 1186 2810 72.

293 2866 473 2920 Regulus
527 2866 669 2909 consul
722 2866 873 2909 bellum
928 2872 1071 2911 contra
1131 2869 1466 2922 carthaginenses
1519 2868 1690 2911 sortitus
1736 2869 1858 2923 juxta

180 2937 384 2992 quoddam
425 2937 575 2982 flumen
615 2941 753 2981 castra
793 2939 1025 2994 constituit,
1062 2939 1132 2983 ubi
1172 2954 1341 2996 serpens
1380 2940 1586 2983 maximus
1616 2939 1768 2983 multos
1807 2939 1858 2983 ad
