1949 3162
1025 57 1110 98 444

233 163 489 218 cupiscencia
521 162 673 214 carnis3
706 163 831 204 immo
865 165 973 204 totus
1006 161 1183 203 mundus
1215 164 1277 203 est
1307 162 1348 203 in
1381 161 1560 216 maligno
1591 162 1772 217 positus3
1805 175 1901 217 ergo

233 248 281 276 ve
312 234 414 286 illis,
456 233 524 287 qui
557 233 764 274 mundana
796 233 968 285 eligunt!
1010 232 1214 275 Memento
1255 246 1371 286 ergo,
1412 232 1552 286 homo,
1594 233 1690 287 quia
1727 233 1828 276 cinis
1860 247 1902 276 es

233 308 272 347 et
317 306 359 346 in
407 305 585 346 cinerem
633 304 863 346 reverteris.
928 303 1138 345 Secundus
1187 303 1372 359 pastillus
1419 307 1507 345 erat
1551 303 1696 358 plenus
1743 303 1902 347 ossibus
1948 302 1949 307 ’

232 379 486 417 mortuorum
528 380 567 417 et
606 375 741 428 signat
779 388 942 416 carnem
983 375 1008 416 i.
1033 388 1066 416 e.
1100 375 1283 416 carnales
1315 374 1521 426 homineS,
1561 378 1607 416 ut
1638 378 1733 417 sunt
1763 375 1902 429 ociosi,

186 456 207 489 5
232 446 386 499 gulosi,
434 446 654 499 luxuriosi,
703 446 771 500 qui
817 458 906 486 cum
949 445 1059 486 omni
1099 445 1232 487 studio
1279 445 1517 498 intendunt,
1564 446 1678 487 carni
1721 445 1902 501 placere;

233 521 375 559 contra
397 517 500 559 tales
533 517 632 559 dicit
664 516 891 572 apostolus:
926 514 968 557 Si
1002 516 1224 558 secundum
1248 529 1411 557 carnem
1434 516 1634 570 vixeritis,
1657 516 1901 559 moriemini.

234 588 347 630 Tunc
378 588 594 631 invenietis
628 601 753 643 opera
775 591 911 629 vestra
943 587 1058 641 quasi
1088 600 1181 629 ossa
1203 587 1330 640 arida,
1364 600 1441 641 que
1472 587 1596 629 nichil
1620 587 1730 629 aliud
1753 587 1902 642 valent,

233 659 312 700 nisi
343 663 388 701 ut
418 659 727 710 comburanturss,
761 672 809 700 ve
841 672 935 711 ergo
968 658 1068 711 illis,
1109 658 1178 712 qui
1209 658 1322 699 illum
1358 656 1589 713 pastillum,
1630 657 1785 701 scilicet
1815 671 1903 700 car-

234 730 345 772 nales
379 730 565 784 delicias,
605 730 778 783 eligunt!
820 729 986 771 Tercius
1019 728 1207 784 pastillus
1240 732 1328 771 erat
1357 728 1501 783 plenus
1534 733 1702 782 argento
1735 733 1775 771 et
1806 742 1904 771 auro

165 811 208 845 10
233 815 350 857 pure,
385 806 426 843 et
455 801 523 843 ille
555 801 743 854 designat
775 800 904 842 celum
939 801 1178 855 empireum,
1212 800 1252 841 in
1286 813 1363 854 quo
1387 803 1449 841 est
1470 799 1685 842 thesaurus
1706 799 1903 843 infinitus.

234 872 360 914 Pauci
392 877 488 914 sunt
517 872 766 927 respective,
810 872 878 926 qui
910 885 1076 913 manum
1110 870 1159 912 ad
1191 870 1306 912 illum
1339 869 1549 924 pastillum
1586 875 1761 927 ponant,
1798 870 1906 914 unde

233 943 439 986 Matth.1:
483 943 588 985 Lata
626 948 687 985 est
718 944 805 997 via,
847 957 924 997 que
962 942 1072 984 ducit
1105 942 1155 984 ad
1186 941 1359 993 inferos3
1402 942 1563 995 stricta,
1603 955 1680 997 que
1712 943 1824 985 ducit
1854 941 1906 984 ad

235 1014 386 1067 celum3
420 1015 510 1057 ideo
542 1015 662 1070 pauci
694 1028 767 1069 per
789 1028 877 1056 eam
902 1013 1123 1055 ambulant.
1167 1012 1272 1062 Quid
1294 1026 1389 1066 ergo
1413 1016 1475 1054 est
1494 1013 1754 1055 faciendum?
1786 1012 1906 1056 Certe

237 1087 373 1128 vocari
403 1099 605 1142 pauperes
639 1090 679 1128 et
710 1085 863 1127 debiles
896 1086 920 1126 i.
946 1098 978 1126 e.
1006 1085 1141 1138 justos
1175 1087 1296 1138 atque
1328 1088 1503 1138 sanctos,
1537 1085 1606 1139 qui
1636 1085 1679 1126 in
1711 1085 1796 1126 vita
1826 1084 1907 1127 ista

165 1166 208 1199 15
234 1171 307 1213 per
338 1157 630 1199 tribulaciones
661 1156 811 1198 multas
845 1160 1014 1211 propter
1045 1156 1167 1197 deum
1198 1155 1453 1197 transierunt
1484 1159 1524 1197 et
1546 1155 1696 1198 multas
1717 1155 1906 1198 miserias

236 1229 538 1280 sustinuerunt3
571 1227 722 1270 talibus
751 1228 909 1269 dicetur
939 1227 1041 1269 illud
1061 1226 1188 1269 Math.
1212 1240 1328 1269 xxv:
1361 1227 1520 1280 Venite,
1553 1226 1755 1270 benedicti
1776 1227 1906 1283 patris

236 1300 331 1354 mei,
369 1299 569 1355 percipite
604 1313 796 1353 regnum,
835 1299 940 1353 quod
973 1298 1088 1340 vobis
1125 1302 1314 1353 paratum
1352 1301 1425 1340 est.
1471 1297 1537 1339 Ad
1569 1298 1676 1352 quod
1707 1311 1780 1340 nos
1812 1311 1907 1354 per-

233 1371 356 1413 ducat
386 1375 462 1413 etc.

881 1529 982 1571 CAP.
1010 1530 1104 1570 110.
1129 1530 1261 1579 (102.)

163 1629 208 1664 20
234 1618 306 1663 De
332 1618 579 1662 errantium
604 1615 806 1660 mirabili
828 1618 1119 1661 recocacz'one
1144 1622 1183 1661 et
1201 1615 1467 1677 afflictorum
1484 1617 1564 1676 pia
1582 1615 1906 1662 consolacione.

351 1725 552 1779 Trajanus
584 1725 808 1779 imperator
839 1724 1039 1778 regnavit,
1070 1725 1112 1765 in
1135 1724 1248 1778 cujus
1270 1724 1444 1779 imperio
1477 1728 1565 1766 erat
1587 1724 1753 1778 quidam
1775 1724 1906 1778 miles,

233 1797 398 1838 nomine
422 1795 628 1849 Placidus,
663 1796 732 1849 qui
764 1799 852 1837 erat
885 1796 1080 1848 magister
1110 1795 1261 1837 milicie
1295 1809 1344 1837 ex
1365 1798 1482 1850 parte
1512 1795 1786 1850 imperatoris.
1828 1795 1908 1838 Iste

237 1871 325 1910 erat
364 1867 406 1909 in
446 1866 637 1923 operibus
677 1866 956 1908 misericordie
997 1866 1114 1908 valde
1165 1867 1373 1919 assiduus,
1421 1866 1491 1907 sed
1529 1869 1667 1909 tamen
1705 1866 1906 1908 idolorum

236 1939 364 1981 cultui
395 1938 570 1980 deditus.
623 1937 812 1979 Habebat
844 1941 976 1980 autem
1012 1951 1180 1979 uxorem
1213 1938 1391 1992 ejusdem
1424 1937 1527 1979 ritus
1560 1941 1601 1980 et
1630 1937 1909 1980 misericordie

165 2020 209 2053 25
237 2010 502 2061 existentem,
543 2009 724 2063 duosque
755 2008 859 2050 filios
892 2022 941 2050 ex
974 2022 1020 2050 ea
1051 2009 1302 2064 procreavit,
1336 2022 1436 2063 quos
1461 2008 1583 2063 juxta
1613 2022 1729 2050 suam
1759 2008 1906 2051 nobili—

236 2085 363 2122 tatem
396 2078 610 2133 magnifice
651 2080 815 2121 educari
852 2080 968 2133 fecit,
1008 2084 1048 2122 et
1086 2080 1181 2134 quia
1219 2080 1409 2135 operibus
1441 2079 1580 2122 sedule
1611 2079 1827 2122 insistebat
1857 2079 1908 2122 ad

237 2152 344 2193 viam
379 2151 566 2192 veritatis
598 2151 750 2192 meruit
780 2151 990 2192 illustrari.
1039 2150 1220 2201 Quadam
1252 2151 1359 2193 enim
1382 2151 1460 2205 die,
1493 2164 1585 2193 cum
1608 2151 1821 2193 venacioni
1844 2150 1908 2193 in-

238 2223 414 2275 sisteret,
437 2235 601 2275 gregem
625 2235 835 2263 cervorum
859 2223 1026 2277 reperit,
1056 2223 1163 2264 inter
1185 2236 1285 2277 quos
1307 2236 1432 2264 unum
1455 2223 1602 2265 ceteris
1620 2222 1908 2278 speciosiorem

237 2299 277 2336 et
314 2294 511 2347 majorem
553 2294 785 2347 conspexit,
826 2295 892 2347 qui
934 2294 984 2336 ab
1022 2293 1194 2335 aliorum
1228 2293 1423 2335 societate
1463 2293 1675 2335 discedens
1711 2290 1830 2347 [8912]
1864 2293 1907 2334 in

165 2373 210 2407 30
236 2365 381 2406 silvam
414 2364 633 2405 vastiorem
667 2364 857 2419 prosiliit,
890 2364 998 2406 unde
1029 2378 1119 2406 cum
1155 2364 1224 2406 alii
1255 2364 1406 2406 milites
1438 2365 1545 2406 circa
1565 2364 1744 2419 reliquos
1766 2376 1907 2405 cervos

236 2435 423 2490 occupati
456 2440 603 2488 essent,
636 2434 826 2477 Placidus
857 2435 972 2477 illum
1004 2439 1089 2477 toto
1119 2436 1209 2477 visu
1230 2436 1522 2490 insequebatur
1543 2438 1584 2477 et
1602 2435 1738 2490 ipsum
1761 2447 1907 2490 capere

235 2506 455 2548 nitebatur.
504 2505 630 2555 Quem
664 2519 754 2547 cum
787 2507 884 2548 totis
917 2507 1071 2549 viribus
1103 2507 1400 2561 insequeretur,
1433 2518 1574 2548 cervus
1596 2505 1762 2547 tandem
1784 2518 1908 2560 super

237 2577 440 2632 quandam
481 2577 595 2631 rupis
635 2576 892 2620 altitudinem
933 2578 1168 2620 conscendit
1199 2583 1239 2620 et
1268 2577 1458 2619 Placidus
1498 2576 1770 2632 appropians,
1808 2588 1922 2637 qua-¹

235 2649 329 2691 liter
362 2662 452 2690 eum
487 2661 633 2702 capere
665 2652 817 2702 posset,
850 2650 893 2691 in
915 2649 1050 2691 animo
1085 2649 1224 2691 sedule
1256 2648 1462 2701 cogitavit.
1511 2647 1588 2698 Qui
1619 2660 1710 2689 cum
1741 2659 1905 2690 cervum

166 2726 210 2761 35
236 2720 455 2773 diligenter
495 2719 734 2774 inspiceret,
781 2720 884 2762 vidit
920 2721 1028 2762 inter
1067 2733 1219 2762 cornua
1260 2720 1347 2773 ejus
1383 2719 1558 2760 formam
1598 2721 1738 2760 sancte
1775 2718 1906 2760 crucis

236 2804 362 2846 supra
394 2791 491 2832 solis
523 2790 752 2832 claritatem
784 2791 1005 2844 fulgentem
1040 2795 1080 2833 et
1109 2791 1330 2844 imaginem
1364 2789 1484 2832 Ihesu
1515 2788 1687 2842 Christi,
1727 2789 1795 2844 qui
1833 2802 1907 2844 per

237 2874 280 2902 os
313 2862 421 2903 cervi
455 2862 560 2903 sicut
591 2860 687 2902 olim
726 2875 799 2916 per
838 2862 995 2904 asinam
1026 2861 1216 2915 Balaam,
1256 2861 1314 2903 sic
1354 2861 1391 2902 ei
1428 2860 1588 2902 locutus
1627 2864 1708 2914 est,
1746 2859 1904 2902 dicens:

237 2931 268 2974 Ο
291 2931 467 2988 Placide,
501 2931 598 2987 quid
630 2945 695 2974 me
726 2932 982 2987 insequeris?
1012 2932 1101 2987 Ego
1133 2933 1194 2975 tui
1221 2932 1360 2986 gracia
1381 2932 1424 2973 in
1445 2931 1521 2974 hoc
1542 2931 1711 2973 animali
1732 2929 1906 2987 apparui
