1954 3137
182 190 250 231 26.

182 331 251 373 27.

181 473 251 515 28.

181 614 249 656 29.

180 756 249 797 30.

179 898 248 939 31.

179 1039 247 1081 32.

179 1181 248 1223 33.

179 1749 247 1790 37.

179 1892 247 1933 33.

179 2034 247 2075 39.

178 2176 247 2217 40.

177 2318 246 2358 41.

177 2459 246 2501 42.

177 2601 247 2642 43.

177 2742 246 2783 44.

171 2882 249 2924 45.

992 85 1077 126 170

301 189 363 231 De
405 193 543 231 statua
583 192 624 231 et
655 189 849 245 ymagine
882 193 957 232 etc.
1013 189 1186 243 Legitur
1218 191 1325 232 enim
1362 192 1401 233 in
1435 191 1652 235 scolastica
1684 192 1881 249 hystoria.

300 260 599 315 (Christusbild
630 261 708 302 mit
739 258 981 315 heilkraut.)
1030 274 1124 316 app.
1153 262 1218 302 18.

301 331 364 373 De
412 331 581 373 miseria
628 331 750 385 hujus
795 331 952 373 mundi.
1018 330 1051 373 O
1092 331 1220 374 miser
1260 332 1381 375 homo
1422 337 1497 376 etc.
1562 332 1678 386 (Was
1717 334 1772 377 ist
1811 335 1883 377 der

301 401 503 455 mensch.)
551 402 621 444 lat.
647 403 714 443 36.

300 472 363 515 De
405 471 706 527 mira[bi]libus
745 473 867 526 hujus
907 472 1066 514 mundi.
1130 472 1273 516 Refert
1314 473 1480 516 Solinus
1519 474 1569 516 de
1608 474 1880 518 mirabilibus.

299 542 613 599 (Bucephalus.)
659 544 731 585 lat.
757 544 862 584 3611.

299 613 362 657 De
401 614 541 668 aquila
582 618 623 657 et
662 617 856 669 serpente
897 617 971 656 etc.
1036 614 1178 657 Refert
1210 614 1365 670 plinius
1398 615 1506 670 quod
1540 614 1680 670 aquila
1711 615 1754 657 in
1785 614 1881 658 alto.

299 683 486 739 (Acliat.)
535 685 607 726 lat.
633 685 701 726 37.

300 755 362 798 De
401 756 560 798 duobus
599 754 799 797 fratribus
841 755 1190 799 discordantibus.
1246 756 1417 810 Legitur
1455 757 1498 798 in
1530 756 1658 810 gestis
1690 768 1883 798 romano-

297 841 402 868 rum.
452 825 710 875 (Feindliche
743 824 929 881 briider.)
975 827 1046 869 lat.
1073 828 1140 869 39.

298 897 360 940 De
393 897 500 940 bello
524 897 651 940 Cristi
683 902 828 939 contra
860 897 1096 953 dyabolum.
1146 898 1324 940 Cosdras
1356 899 1585 954 imperator
1607 900 1880 953 pugnaturus.

298 966 509 1023 (Codrus.)
555 969 627 1010 lat.
652 969 722 1010 41.

298 1039 362 1081 De
411 1043 537 1094 ponte
585 1043 625 1082 et
671 1039 769 1081 feris
818 1038 1013 1081 notabile.
1084 1038 1188 1081 Erat
1236 1040 1404 1094 quidam
1452 1040 1574 1081 homo
1623 1039 1693 1093 qui
1739 1037 1880 1081 semel.

298 1108 512 1164 (Briicke.)
558 1123 687 1163 germ.
713 1110 782 1151 53.

298 1181 492 1223 Notabile
525 1181 575 1223 de
606 1180 804 1222 fontibus.
855 1180 968 1223 Dicit
1000 1181 1192 1236 ysidorus
1224 1182 1265 1223 in
1296 1181 1402 1224 libro
1426 1180 1688 1237 ethimoloye.
1736 1179 1883 1236 (Wun-

298 1251 472 1294 derbare
505 1250 688 1305 wasser.)
737 1264 832 1307 app.
857 1252 926 1293 57.

295 1323 358 1365 De
391 1335 513 1364 corvo
546 1326 587 1364 et
619 1322 769 1364 cinere.
825 1322 979 1365 Narrat
1016 1322 1287 1379 philosophus
1320 1323 1362 1365 in
1394 1323 1500 1366 libro
1534 1323 1584 1366 de
1617 1322 1879 1366 animalibus.

295 1391 572 1449 (Glasasche.)
618 1393 689 1435 lat.
714 1394 818 1435 46⁶1..

238 1498 246 1506 .
296 1465 359 1507 De
399 1468 559 1520 septem
600 1464 817 1506 arboribus
860 1468 935 1506 etc.
993 1464 1137 1507 Tulius
1175 1469 1320 1508 narrat
1358 1466 1467 1521 quod
1507 1466 1550 1508 in
1587 1478 1731 1508 mense
1768 1477 1878 1521 may.

296 1534 337 1590 (7
370 1534 553 1590 haume.)
599 1535 670 1577 lat.
695 1536 766 1577 46.

297 1607 360 1650 De
393 1607 526 1649 tribus
558 1606 655 1648 filiis
678 1610 719 1648 et
739 1606 879 1662 lapide
901 1606 1103 1662 precioso.
1147 1606 1323 1657 Quidam
1345 1621 1420 1650 rex
1443 1610 1545 1649 erat.
1589 1605 1708 1662 (Drei
1729 1604 1880 1661 ringe.)

295 1678 366 1720 lat.
394 1678 461 1719 89.

297 1749 361 1790 De
383 1761 562 1804 precone
586 1752 625 1790 et
646 1748 775 1790 nobili
797 1749 964 1791 femina.
1006 1748 1148 1792 Refert
1168 1748 1349 1791 valerius
1372 1749 1477 1791 libro
1501 1752 1661 1804 quarto.
1706 1747 1880 1804 (Mutter

297 1818 469 1873 stillen.)
523 1833 618 1875 app.
646 1820 713 1861 19.

296 1891 359 1933 De
392 1890 612 1932 Frederico
646 1891 916 1946 Imperatore.
966 1890 1198 1947 Imperator
1229 1892 1457 1934 fredericus
1484 1891 1702 1934 secundus.
1750 1888 1879 1945 (Mar-

298 1961 518 2015 morthor.)
566 1962 637 2004 lat.
663 1963 731 2003 54.

297 2032 360 2075 De
391 2033 525 2075 tribus
558 2033 776 2074 sirenibus.
831 2032 1002 2086 Legitur
1035 2034 1142 2088 quod
1175 2047 1268 2076 cum
1301 2037 1386 2077 tres
1418 2047 1602 2089 syrenes.
1651 2032 1878 2088 (Sirenen.)

298 2118 392 2159 app.
417 2105 487 2145 41.

297 2175 360 2217 De
395 2174 572 2229 quodam
608 2175 677 2228 qui
711 2174 815 2216 vidit
848 2175 1083 2230 ethyopem.
1132 2175 1304 2230 Legitur
1334 2176 1377 2217 in
1400 2175 1507 2218 vitas
1529 2178 1710 2231 patrum.
1759 2175 1879 2230 (Drei

297 2245 482 2298 narren.)
529 2245 601 2287 lat.
629 2246 724 2287 165.

294 2317 357 2359 De
390 2317 585 2372 passione
618 2316 787 2358 domini.
836 2316 1072 2373 Pompeyus
1104 2331 1177 2360 rex
1211 2318 1251 2359 in
1286 2318 1455 2360 civitate
1479 2330 1654 2360 romana
1673 2316 1875 2371 regnavit.

297 2387 359 2441 (In
394 2386 539 2429 waffen
573 2386 815 2441 begraben.)
862 2387 933 2429 lat.
961 2389 1057 2430 134.

295 2459 359 2500 De
390 2459 554 2512 ingrato
589 2462 629 2499 et
661 2458 836 2513 gydone.
885 2458 1112 2503 (Lemicius
1146 2459 1377 2515 Imperator
1410 2462 1511 2502 erat.
1560 2459 1769 2513 (Ingratus
1792 2457 1877 2500 und
1904 2496 1910 2499 ,

298 2528 465 2581 Guido.)
511 2529 582 2570 lat.
611 2530 705 2569 119.

297 2600 360 2642 De
393 2603 623 2642 mercatore
657 2599 727 2654 qui
760 2603 844 2642 tres
879 2601 1111 2655 sapiencias
1144 2601 1343 2643 vendidit.
1393 2601 1664 2643 Domicianus
1696 2600 1876 2657 impera-

296 2676 372 2713 tor.
423 2670 542 2725 (Drei
574 2670 816 2712 weisheiten
849 2671 1110 2727 vei-kaufen.)
1156 2673 1227 2714 lat.
1255 2673 1351 2714 103.

296 2742 359 2784 De
391 2741 606 2794 sarcofago
638 2741 806 2783 invento
841 2746 915 2784 etc.
965 2743 1176 2785 Adrianus
1200 2744 1429 2799 imperator
1453 2743 1655 2797 regnavit.
1703 2740 1876 2797 (Sarko-

297 2811 440 2867 phag.)
486 2812 557 2854 lat.
585 2813 651 2854 16.

297 2883 361 2925 De
399 2883 532 2925 milite
572 2886 612 2925 et
652 2895 780 2925 uxore
820 2896 895 2925 sua
933 2884 1167 2927 adulterata
1205 2889 1281 2927 etc.
1346 2884 1595 2928 Tholomeus
1632 2885 1873 2941 imperator.

296 2952 589 3008 (Wachsbild.)
634 2953 705 2995 lat.
735 2954 829 2996 102.
