1919 3157
874 62 959 102 513

60 155 187 210 juxta
233 158 351 211 litus,
402 163 511 202 visus
558 172 615 205 est
651 181 678 205 a
716 167 897 221 quodam
943 183 1058 210 servo
1105 186 1178 211 suo
1226 172 1397 215 Elinato
1445 177 1632 229 nomine,
1682 180 1756 232 qui

69 239 360 285 supervenerat
389 233 434 272 in
466 235 559 288 ipsa
592 234 710 287 hora,
744 245 780 277 et
810 240 1004 280 accedens
1039 242 1096 281 ad
1126 256 1217 282 eum
1248 244 1376 285 dia-it.-
1417 245 1519 297 Are,
1555 262 1628 288 rea·
1659 249 1750 304 Ap-

65 299 253 355 polloni!
270 299 390 355 [121]
411 303 486 344 Ille
502 306 831 361 salutatus-jecit,
854 318 898 350 ut
908 319 1094 366 potentes
1102 312 1251 366 facere
1273 326 1578 367 consuet-erant,
1598 322 1754 375 sprevit

66 369 280 413 hominem.
340 372 456 416 Tunc
495 392 617 418 sene-1·
651 380 896 434 indiqnatus
934 390 991 422 est
1030 384 1148 424 valde
1187 392 1224 425 et
1253 387 1401 427 itermn
1432 389 1631 430 salutavit
1661 406 1752 431 eum

66 448 104 482 et
132 444 214 483 ait:
258 444 361 496 Ave,
393 461 467 487 reat
499 448 758 504 Appolloni!
808 451 1007 494 Resoluta
1041 462 1078 494 et
1106 455 1196 495 noli
1226 457 1434 512 despicere
1459 469 1751 516 paupertatem
1776 467 1798 501 5

63 511 242 555 honestis
272 516 456 558 moribus
487 520 748 561 decoratam!
793 520 846 563 Si
875 525 982 564 enim
1012 526 1113 577 scis,
1150 528 1262 581 quod
1292 530 1401 580 scio,
1436 533 1662 572 cai-endum
1693 541 1752 574 est

63 582 163 625 tibi!
209 585 267 627 Et
295 587 388 628 ille:
437 588 490 631 Si
512 591 666 646 placet,
701 594 827 634 dicito
860 594 987 635 milei!
1038 595 1124 647 Qui
1151 598 1234 637 ait:
1282 598 1553 656 Proscriptus
1586 617 1637 643 es.
1692 604 1751 644 At

59 654 152 696 ille:
192 656 250 698 Et
287 661 381 714 quis
413 663 554 716 patrie
591 678 662 703 sue
694 666 949 721 proscripsit
979 668 1247 723 principem?
1296 669 1493 712 Elinatus
1531 675 1614 714 ait:
1658 674 1748 716 Reae

59 725 301 770 Antiochus.
358 729 451 782 Qua
484 747 533 773 ea:
564 735 719 775 causa?
769 736 964 777 Eli-natus
1003 739 1085 779 ait:
1135 738 1246 790 Quia
1279 743 1391 796 quod
1424 752 1549 798 pater
1580 753 1660 798 est,
1704 754 1747 787 tu

59 810 143 838 esse
178 799 357 842 voluisti.
422 802 706 859 Appollonius
745 808 826 847 ait:
870 807 927 848 Et
958 823 1041 864 pro
1076 819 1229 865 quanto
1262 827 1324 853 me
1356 817 1640 871 proscripsit?
1692 817 1748 859 Et
1774 821 1817 856 10

56 868 150 910 ille:
191 869 436 928 Quicunque
475 882 511 915 te
547 877 615 917 illi
642 879 782 918 'vivum
818 879 1066 927 exhibuerit,
1108 883 1416 938 quinquaqinta
1447 887 1599 928 talenta
1633 891 1743 942 auri,

57 941 134 995 qui
160 956 256 983 vero
288 953 416 999 caput
453 953 567 987 tuum
598 949 845 1004 protulerit,
886 959 1045 992 centum
1082 955 1278 1009 accipiet;
1317 963 1354 996 et
1392 957 1485 998 ideo
1517 973 1659 1000 moneo
1692 968 1742 1012 te,

43 1009 154 1066 fuye
182 1014 228 1054 in
259 1016 507 1070 presidium.
560 1017 646 1060 Sed
684 1036 775 1061 cum
813 1021 884 1063 laeec
923 1024 1115 1076 dz'arisset,
1157 1024 1354 1066 Elinatus
1392 1031 1567 1070 recessit.
1628 1029 1744 1072 Tunc

13 1101 20 1106 ·
54 1081 339 1138 Appollonius
371 1102 461 1128 eum
491 1092 670 1145 royavit,
713 1099 759 1132 ut
788 1093 845 1133 ad
884 1108 925 1135 se
962 1096 1138 1148 veniret,
1184 1104 1221 1137 et
1261 1106 1420 1139 centum
1461 1100 1615 1142 talenta
1647 1104 1746 1144 auri

53 1152 172 1194 daret
201 1156 251 1207 ei,
286 1165 323 1198 et
353 1160 433 1200 ait:
465 1160 622 1217 Accipe
654 1171 813 1204 tantum
843 1165 892 1205 de
917 1174 1170 1222 paupertate
1199 1183 1304 1222 mea,
1339 1173 1440 1225 quia
1470 1174 1672 1225 meruisti,
1706 1182 1743 1215 et
1769 1180 1811 1214 15

52 1233 226 1280 amputa
255 1237 383 1284 caput
412 1246 544 1272 nzeum
575 1241 613 1273 et
642 1236 733 1289 reffli
756 1244 966 1291 presentes
999 1245 1037 1278 et
1066 1245 1162 1279 tune
1202 1255 1400 1296 ‘maynum
1428 1244 1633 1297 {laudium
1664 1245 1738 1286 lia-

52 1293 183 1337 bebit!
209 1297 317 1341 Ecce
347 1301 470 1343 habes
492 1311 651 1345 centum
682 1306 836 1348 talenta
867 1310 966 1349 auri
995 1316 1033 1349 et
1063 1317 1106 1350 tu
1138 1325 1178 1351 es
1205 1313 1416 1365 innocens,
1452 1315 1553 1368 quia
1585 1323 1620 1356 te
1642 1331 1738 1357 con-

51 1365 177 1420 dm,
201 1377 247 1410 ut
272 1372 478 1425 qaudium
509 1375 658 1429 offeras
688 1379 787 1433 reyi.
844 1377 921 1420 Cui
951 1394 1072 1421 senez
1103 1383 1184 1423 ait:
1223 1382 1427 1436 Domine,
1468 1384 1576 1427 absit
1606 1387 1681 1428 lioc
1713 1404 1740 1429 a

48 1451 134 1490 me,
174 1439 282 1482 absit
311 1450 357 1484 ut
394 1443 633 1498 hujusmodi
662 1450 725 1489 rei
754 1464 881 1490 causa
918 1453 1127 1506 premium
1166 1455 1400 1509 accipiam!
1447 1456 1579 1512 Apud
1611 1457 1737 1500 bonos

47 1507 230 1552 homines
260 1514 452 1556 amicicia
476 1519 640 1572 premio
672 1534 757 1560 non
779 1528 837 1561 est
857 1524 1154 1577 comparanda.
1202 1524 1261 1565 Et
1280 1526 1512 1568 valedicens
1535 1529 1731 1572 discessit.
1761 1534 1806 1568 20

46 1578 152 1622 Post
179 1581 250 1624 hec
271 1583 555 1641 Appollonius
587 1605 679 1630 cum
709 1593 926 1647 spaciatur
954 1595 1001 1634 in
1033 1595 1172 1635 eodem
1201 1595 1287 1637 loco
1320 1612 1451 1653 supra
1484 1599 1594 1652 litus,
1628 1603 1736 1643 vidit

45 1649 249 1694 hominem
279 1664 424 1698 contra
455 1674 496 1700 se
526 1662 750 1703 venientem
781 1664 982 1705 dolentem
1003 1673 1041 1707 et
1063 1674 1184 1708 mesto
1207 1668 1336 1721 vultu,
1373 1668 1732 1726 Strangsuilionem

42 1725 218 1766 nomine.
272 1726 460 1770 Accessit
489 1731 546 1771 ad
577 1746 666 1773 eum
692 1736 890 1789 protinus
921 1744 959 1777 et
988 1738 1049 1778 ait
1078 1738 1386 1794 Appollonius:
1429 1742 1540 1795 Ave,
1576 1743 1728 1786 Stran-

39 1795 203 1849 9uilio!
237 1797 295 1838 Et
322 1800 413 1854 ipse
444 1803 526 1842 ait:
558 1803 661 1856 Ave,
697 1806 859 1847 domine
891 1806 1150 1863 Appolloni!
1185 1810 1243 1851 Et
1271 1826 1441 1853 rursum
1472 1816 1552 1855 ait:
1589 1814 1729 1867 Quare
1782 1864 1785 1866 ¹

39 1865 88 1906 in
124 1866 188 1907 liis
226 1868 327 1910 locis
364 1871 532 1914 turbata
567 1883 697 1916 niente
735 1879 945 1919 versaris?
996 1882 1068 1921 Ait
1098 1881 1406 1937 Appollonius:
1449 1884 1560 1937 Quia
1586 1887 1727 1940 filiam
1751 1893 1797 1928 25

37 1938 163 1992 reyis,
196 1947 242 1980 ut
269 1955 413 1983 verum
443 1944 646 1998 diaeram,
681 1947 895 2004 conjuyem
925 1958 963 1992 et
992 1953 1038 1991 in
1069 1954 1379 2008 matrimonium
1402 1958 1559 2011 petivi:
1591 1960 1727 2014 petivi

37 2007 199 2063 itaque,
232 2012 272 2052 si
289 2012 391 2064 fieri
415 2023 565 2070 potest,
598 2018 643 2057 in
668 2021 818 2073 patria
848 2029 992 2062 nostra
1022 2023 1118 2064 nolo
1151 2024 1287 2066 latere.
1345 2025 1608 2083 Sti-anquilio
1641 2031 1722 2071 ait:

36 2076 218 2122 Domine
239 2081 485 2139 Appolloni,
520 2089 666 2129 civitas
695 2098 840 2131 nostra
865 2096 1146 2149 pauperrima
1177 2104 1235 2137 est
1266 2105 1303 2138 et
1331 2112 1416 2138 non
1440 2107 1579 2154 potest
1609 2108 1723 2142 tuam

34 2149 291 2194 nobilitatem
320 2158 520 2198 sustinere
528 2174 542 2208 ,·
574 2167 768 2214 preterea
798 2163 948 2204 duram
967 2164 1133 2219 famem
1168 2175 1206 2208 et
1242 2169 1499 2210 sterilitatem
1531 2174 1723 2226 patimur

0 2248 2 2276 t
35 2234 210 2275 annone,
242 2240 316 2266 nec
347 2229 476 2268 eciam
496 2229 592 2282 jam
623 2231 779 2273 civibus
810 2234 898 2274 ulla
930 2250 1022 2291 spes
1055 2245 1113 2278 est
1142 2239 1303 2290 salutis,
1336 2241 1409 2280 sed
1432 2242 1720 2285 crudelissima
1744 2250 1790 2285 30

32 2304 143 2334 mors
174 2303 233 2336 est
262 2305 356 2338 ante
388 2300 526 2340 oculos
555 2310 729 2344 nostros.
764 2303 1051 2360 Appollonius
1083 2310 1162 2349 ait:
1197 2312 1317 2364 Ayite
1334 2314 1497 2367 yratz'as
1523 2314 1611 2366 cleo,
1647 2317 1722 2370 qui

32 2375 94 2404 me
117 2365 352 2422 profuyum
382 2373 526 2411 vestris
555 2372 713 2425 finibus
751 2376 984 2431 applicuit!
1031 2378 1156 2420 Dabo
1197 2382 1358 2423 civitati
1394 2391 1525 2425 vestre
1559 2393 1718 2426 centum

30 2433 166 2476 milbz'a
194 2439 429 2480 modiorum
445 2441 671 2496 frumenti,
705 2447 744 2486 si
760 2446 919 2502 fuqam
939 2463 1072 2489 meam
1094 2458 1254 2492 tantum
1275 2454 1515 2496 celaveritis.
1563 2455 1714 2498 Stran-

28 2505 160 2559 yuilio
191 2516 238 2549 ut
265 2509 336 2551 hec
367 2513 548 2565 audivit,
585 2518 820 2570 prostravit
850 2533 891 2558 se
922 2527 1016 2561 ante
1041 2522 1169 2576 pedes
1208 2523 1295 2576 ejus
1334 2533 1371 2566 et
1410 2527 1491 2566 ait:
1533 2526 1715 2569 Domine

30 2575 281 2633 Appolloni,
323 2583 362 2622 si
397 2585 594 2625 esurienti
630 2588 791 2628 civitati
825 2588 1082 2643 subveneris,
1123 2607 1207 2633 non
1245 2595 1378 2636 solum
1403 2596 1561 2651 fuyani
1600 2606 1713 2639 tuam
1736 2607 1782 2642 35

30 2646 270 2703 celabimus,
318 2654 409 2705 sed,
457 2656 496 2695 si
538 2659 757 2698 necessitas
789 2658 948 2712 fuerit,
991 2676 1074 2716 pro
1113 2663 1244 2705 salute
1290 2673 1361 2706 tua
1408 2667 1707 2710 dimicabimus.

28 2715 342 2777 ascendensque
362 2724 647 2780 Appollonius
669 2728 855 2770 tribunal
883 2731 929 2771 in
947 2731 1054 2785 foro
1081 2736 1342 2788 presentibus
1375 2740 1530 2778 cunctis
1552 2739 1709 2782 civibus

28 2786 78 2830 de
105 2790 191 2844 ejus
223 2795 386 2836 civitate
417 2797 545 2838 dioeit:
584 2797 698 2839 Gives
735 2798 1000 2854 Tlicirsenses,
1036 2817 1138 2858 quos
1169 2821 1331 2848 annone
1355 2811 1540 2864 penuria
1571 2810 1711 2853 turbat

27 2865 66 2900 et
93 2865 314 2918 opprimit,
355 2881 427 2922 eqo
472 2867 610 2923 Tyrus
647 2870 932 2926 Appollonius
972 2874 1128 2925 relev03
1169 2878 1289 2919 credo
1329 2880 1437 2919 enim
1473 2895 1544 2921 vos
1586 2881 1707 2935 liujus

67 2965 72 2969 -
118 2941 138 2976 1
162 2941 318 2988 Elinato]
345 2947 610 2990 ori9.Ela1nito.
683 2950 705 2984 3
730 2950 919 2996 salutatus]
947 2959 1031 2999 orry.
1051 2954 1224 2991 salvatus.
1299 2958 1344 2992 38
1369 2959 1462 3004 ejus]
1488 2966 1572 3006 oriy.
1590 2962 1704 3007 euJus.

84 3003 305 3046 Oeflterley,
328 3009 419 3038 Gesta
440 3010 649 3040 Romanorum.
1376 3022 1421 3058 33
