1919 3157
873 48 957 89 313

75 148 229 201 qando,
260 157 472 203 ponuntur·
504 151 545 190 ιἰι
579 153 713 192 cordis-
745 155 807 193 lm'
837 154 933 195 lecto
966 163 1002 196 te
1020 156 1210 210 probare,
1246 160 1347 200 sicut
1366 160 1529 213 fecerat
1551 162 1648 211 Iob;
1680 166 1751 204 ml

78 218 216 259 resilere
233 219 420 273 sortiter,
455 229 491 261 et
520 237 609 262 cum
629 223 771 276 gslmlio
792 227 1010 279 penitentie
1043 242 1109 267 eas
1131 228 1278 279 deleas,
1314 238 1356 270 fut
1380 232 1531 273 (licitur
1552 235 1595 274 in
1605 234 1748 288 fissura

77 287 210 340 hujus,
245 291 356 344 quod
376 291 557 332 Abs-olon
590 308 834 349 persequens
865 305 1026 351 patrem
1052 313 1131 352 per
1162 300 1334 353 capillos
1367 317 1584 357 suspensus
1617 314 1674 346 est
1704 308 1748 347 in

77 373 247 414 quercu,
287 369 323 401 et
352 361 460 401 joab
505 363 635 415 iulia-ic
674 373 751 405 tres
791 366 953 408 lanceas
995 370 1036 409 in
1076 371 1195 410 corde
1226 385 1310 411 suo.
1369 372 1550 424 Quercus
1583 378 1661 417 ista
1693 386 1748 418 est

75 432 424 486 concupiscentia,
467 434 614 488 capilli
644 437 831 478 carnalia
868 439 1092 491 ‹le-sideria,
1135 441 1280 482 vulnus
1322 446 1522 485 transiens
1564 455 1619 488 est
1650 463 1746 489 caro

1773 457 1794 490 ιἼ

74 503 265 552 ‘mol-iens,
297 502 406 544 Joab
439 505 640 556 diabolas,
675 516 752 548 tres
783 508 944 550 lanceas
966 511 1062 551 <lum
1084 513 1196 563 vivit,
1229 513 1315 554 scil.
1341 517 1616 569 coye'tcctiones,
1652 533 1746 573 ope-

75 573 254 612 rationes
287 582 323 614 et
354 578 682 627 consuetudines,
725 588 760 619 et
793 581 834 620 in
868 589 992 621 morte
1023 590 1101 623 tres
1134 586 1367 637 anyzzstias,
1409 587 1495 627 scil.
1527 589 1634 629 iram
1666 590 1745 640 (lei,

75 655 193 697 quem
225 643 404 698 offendit,
439 649 669 688 carencz'am
702 650 788 701 celi,
824 653 936 706 quod
966 655 1116 704 amisit,
1148 669 1300 709 penam
1333 657 1588 710 hyemalem,
1624 674 1747 714 quam

72 715 231 755 meruit.
281 714 385 757 Istos
411 726 602 771 parentes
644 720 760 761 (lebes
799 724 980 764 occidere
1016 724 1158 778 ylaclz'o
1195 729 1435 780 penitentie,
1477 737 1513 770 et
1548 738 1642 784 post
1678 731 1747 772 hee

72 784 130 824 acl
147 785 327 839 flumina
358 801 473 828 sacre
503 791 704 844 scripture
730 808 901 847 peu-{sere
940 803 974 835 et
1011 795 1072 836 ibi
1100 797 1264 838 domum
1296 799 1441 840 salutis
1474 801 1626 854 eriqere
1657 802 1742 843 scil.
1774 810 1816 845 10

73 856 318 908 orationem,
343 857 550 910 jejunium
583 869 617 901 et
650 862 909 905 elemosinam
939 875 1197 921 perpetrare,
1240 877 1274 910 ec
1305 871 1363 910 sic
1392 885 1468 925 per
1499 886 1744 927 consequens

71 925 190 966 deum
220 928 264 968 in
296 928 394 971 lecto
427 933 562 972 cordis
594 934 656 974 ταί
683 937 836 988 poteris
868 938 1139 990 requz'reseere
1170 948 1205 981 et
1226 941 1282 981 acl
1305 943 1428 982 vitam
1451 950 1627 984 eternam
1646 958 1742 999 per-

72 998 206 1038 venire
236 1000 293 1040 ad
323 1015 447 1055 quam
479 1011 547 1043 etc.

742 1173 843 1216 CAP.
871 1176 936 1217 19.
967 1177 1070 1227 (18.)

637 1254 710 1299 De
737 1262 923 1315 peccato
960 1258 1174 1317 superbie.
1770 1282 1813 1317 15

141 1407 146 1411 .
184 1350 353 1406 Legitur
384 1353 426 1395 in
457 1355 583 1407 gestis
615 1369 892 1412 romanorum,
926 1359 1033 1413 quod
1065 1364 1155 1403 erat
1185 1361 1351 1417 quidam
1380 1363 1573 1420 princeps
1593 1365 1743 1409 Roma-

67 1435 214 1465 norum
253 1424 419 1468 nomine
450 1424 683 1482 Pompejus.
741 1428 818 1471 Hic
856 1429 1031 1473 duxerat
1060 1431 1186 1475 filiam
1219 1433 1430 1488 cujusdam
1463 1435 1634 1491 nobilis,
1674 1439 1743 1492 qui

66 1492 193 1536 Cesar
225 1495 458 1538 vocabatur.
508 1497 561 1539 Hi
594 1498 672 1540 duo
705 1505 982 1543 convenerunt
1012 1503 1120 1546 inter
1152 1517 1207 1558 se,
1241 1505 1348 1559 quod
1380 1506 1510 1548 tocius
1540 1508 1649 1550 orbis
1671 1509 1742 1551 do-

66 1565 224 1608 minum
256 1579 329 1608 suo
361 1567 534 1624 imperio
567 1569 845 1624 subjugarent.
893 1572 1058 1615 Accidit
1088 1575 1195 1629 quod
1219 1574 1439 1631 Pompejus
1462 1578 1645 1621 mitteret
1667 1579 1742 1622 Ce-

65 1649 200 1680 sarem
240 1637 291 1680 ad
323 1640 643 1694 expugnandum
674 1641 818 1696 plagas
851 1642 1055 1699 diversas,
1096 1646 1193 1700 quia
1218 1647 1383 1701 Juvenis
1415 1652 1504 1691 erat
1535 1652 1575 1692 et
1604 1650 1742 1705 ipsum
1767 1662 1811 1696 20

65 1707 202 1750 decuit
231 1708 439 1763 laborare,
478 1710 569 1766 ipse
601 1715 737 1754 autem
769 1716 979 1768 tamquam
1012 1716 1254 1772 principalis
1286 1718 1496 1762 civitatem
1527 1733 1741 1763 romanam

66 1792 90 1821 a
119 1778 253 1835 plagis
283 1779 366 1822 illis
398 1782 642 1836 custodiret,
682 1782 928 1840 prefixitque
960 1786 1038 1829 sibi
1069 1790 1232 1843 tempus
1265 1789 1463 1832 redeundi
1494 1791 1569 1834 sub
1602 1793 1740 1847 spacio

65 1851 243 1906 quinque
275 1864 496 1905 annorum3
530 1854 638 1908 quod
669 1854 704 1896 si
735 1868 817 1897 non
848 1856 1014 1912 faceret,
1040 1858 1135 1911 jure
1166 1872 1239 1901 suo
1271 1864 1470 1916 perpetuo
1493 1862 1738 1918 privaretur.

64 1920 190 1964 Cesar
221 1925 357 1965 autem
389 1922 553 1977 collegit
584 1925 808 1968 exercitum
843 1931 883 1969 et
914 1928 964 1970 ad
996 1928 1088 1971 illas
1119 1933 1260 1985 partes
1292 1932 1488 1986 perrexit.
1540 1933 1595 1976 Et
1624 1934 1739 1977 inve-

63 1992 180 2035 niens
211 1993 398 2036 homines
431 1993 668 2051 bellicosos,
707 2011 808 2051 quos
839 2012 920 2040 non
952 2003 1116 2055 poterat
1145 2001 1188 2042 in
1220 2000 1377 2057 prefixo
1409 2004 1585 2046 termino
1617 2019 1739 2061 supe-
1763 2015 1808 2050 25

62 2076 175 2118 rare,
214 2063 372 2107 malens
403 2063 646 2122 Pompejum
685 2067 889 2112 offendere
921 2084 1044 2125 quam
1076 2071 1228 2114 bellum
1260 2072 1489 2128 dimittere,
1522 2089 1572 2118 ex
1604 2077 1738 2132 capite

62 2134 231 2190 proprio
264 2134 461 2178 alienavit
491 2150 534 2180 se
566 2137 657 2180 aliis
689 2140 868 2195 quinque
900 2142 1039 2195 annis3
1074 2142 1181 2197 quod
1202 2144 1384 2197 graviter
1405 2146 1598 2200 portabat
1615 2146 1737 2190 Pom-

62 2205 199 2261 pejus,
239 2205 456 2249 interdixit
495 2208 574 2251 sibi
611 2210 820 2254 civitatem
860 2226 1074 2255 romanam
1114 2214 1192 2268 ita,
1233 2215 1340 2270 quod
1372 2229 1454 2258 non
1487 2217 1655 2261 auderet
1685 2219 1736 2261 ad

64 2289 156 2319 eum
188 2276 361 2320 ulterius
394 2280 740 2335 appropinquare.
789 2282 915 2325 Cesar
945 2297 1041 2327 vero
1073 2283 1187 2327 finito
1220 2285 1324 2329 bello
1350 2287 1428 2330 iter
1449 2288 1626 2344 arripuit
1646 2303 1736 2332 ver-

62 2360 130 2390 sus
162 2346 348 2403 Romam,
382 2351 494 2393 venit
524 2364 598 2406 per
629 2353 834 2407 quandam
858 2367 1007 2408 aquam
1029 2368 1122 2398 cum
1145 2357 1329 2400 exercitu
1351 2371 1438 2412 suc,
1471 2372 1549 2414 que
1570 2360 1734 2414 quidem
1758 2371 1804 2406 30

63 2431 170 2473 aqua
198 2420 422 2463 vocabatur
454 2421 637 2476 Rubicio,
671 2426 711 2466 et
738 2423 794 2466 ibi
823 2426 1018 2481 apparuit
1037 2427 1075 2468 ei
1096 2427 1271 2482 quedam
1292 2429 1428 2482 imago
1449 2443 1599 2484 magna
1620 2434 1734 2474 stans

61 2489 104 2532 in
134 2490 268 2533 medio
302 2504 406 2546 aque
438 2497 479 2535 et
507 2493 751 2548 loquebatur
783 2495 820 2538 ei
852 2496 1010 2539 dicens:
1043 2497 1182 2552 Cesar,
1215 2499 1250 2541 si
1281 2500 1422 2542 venias
1451 2514 1524 2556 pro
1546 2514 1647 2557 pace
1668 2515 1733 2544 ro-

61 2573 197 2615 mana,
229 2561 352 2604 liceat
383 2562 457 2605 tibi
489 2577 618 2618 usque
649 2565 728 2608 huc
760 2566 912 2620 venire,
943 2567 1007 2610 sin
1039 2572 1190 2624 autem,
1222 2583 1304 2613 non
1328 2584 1542 2626 presumas
1563 2572 1730 2616 intrare.

62 2630 136 2674 Cui
159 2631 284 2675 Cesar
314 2634 549 2690 respondit:
584 2634 755 2692 Semper
786 2637 962 2680 militavi
994 2642 1035 2681 et
1064 2644 1233 2696 paratus
1267 2655 1371 2696 sum,
1404 2655 1544 2685 omnes
1571 2643 1732 2687 labores

62 2703 263 2746 sustinere
293 2718 368 2760 pro
398 2705 551 2748 honore
583 2710 624 2748 et
654 2708 866 2751 commodo
892 2709 1071 2753 civitatis
1091 2725 1261 2755 romane
1282 2713 1532 2768 ampliando,
1566 2717 1606 2756 et
1626 2728 1733 2758 sem-
1757 2725 1802 2760 35

62 2786 137 2828 per
166 2774 243 2817 hoc
273 2775 385 2829 volo,
419 2776 497 2818 diis
529 2777 631 2820 meis
663 2779 849 2833 testibus,
883 2792 983 2834 quos
1017 2781 1154 2824 adoro.
1209 2783 1300 2825 Hiis
1332 2784 1452 2826 dictis
1482 2785 1618 2839 imago
1650 2786 1732 2828 dis-

61 2844 212 2899 paruit.
258 2845 357 2889 Post
386 2847 461 2890 hec
492 2849 631 2890 statim
655 2848 782 2892 Cesar
806 2864 1000 2906 percusso
1023 2852 1231 2897 dextrario
1253 2853 1403 2897 flumen
1425 2855 1629 2911 transivit,
1661 2857 1732 2901 sed

153 2926 196 2961 21
223 2938 244 2961 a
268 2927 385 2972 plagis
410 2928 488 2972 illis]
517 2935 601 2975 oriq.
621 2934 657 2965 et
681 2931 806 2975 plagas
832 2932 920 2967 illas.
1017 2935 1061 2968 26
1086 2935 1240 2980 proprio]
1268 2941 1353 2982 oriq.
1371 2936 1524 2981 propria.
