1954 3137
216 174 283 215 24.

217 316 283 358 25.

217 458 283 500 26.

217 600 284 641 27.

216 670 283 712 28.

217 813 284 854 29.

216 956 285 997 30.

217 1099 285 1140 31.

217 1247 284 1288 32.

217 1395 284 1436 33.

218 1542 285 1584 34.

218 1691 286 1732 35.

219 1840 287 1881 36.

220 1988 288 2029 37.

222 2136 289 2178 38.

222 2285 289 2326 39.

221 2433 290 2474 40.

222 2580 291 2621 41.

223 2727 291 2768 42.

223 2874 293 2915 43.

1013 71 1094 112 114

331 174 393 216 De
415 174 596 216 moribus
617 178 844 230 potentum.
888 176 1086 230 Tyberius
1108 176 1334 231 imperator
1356 177 1544 231 regnavit
1564 191 1689 221 rome.
1730 178 1885 230 (Dehn-

332 245 451 288 bares
483 245 601 299 glas.)
648 245 718 288 lat.
742 247 810 287 44.

332 316 394 358 De
425 316 691 358 confessione.
739 317 842 359 Erat
873 317 1038 372 quidam
1071 318 1296 374 imperator
1329 320 1397 374 qui
1429 319 1572 362 habuit
1599 333 1722 362 unam
1743 318 1883 362 filiam.

334 387 668 441 (Kaisertochter,
701 388 880 442 pallast.)
927 402 1053 441 germ.
1078 389 1144 430 22.

332 458 394 500 De
427 459 627 501 oracione.
676 458 776 501 Tres
809 459 1016 514 sapientes
1047 461 1236 515 requisiti
1256 461 1433 503 fuerunt.
1483 460 1630 516 (Wein‚
1664 461 1781 516 weib‚
1814 461 1887 504 ko-

333 529 434 582 nig.)
483 543 576 585 app.
602 531 669 572 62.

333 599 395 642 De
417 613 567 643 amore.
609 600 782 651 Quidam
805 615 878 644 rex
899 601 1049 644 nobilis
1072 606 1194 658 atque
1216 603 1393 658 sapiens.
1433 602 1690 656 (Schiessen.)
1727 603 1798 646 lat.
1816 603 1885 645 45.

332 670 395 713 De
427 672 613 714 custodia
641 673 905 728 prelatorum.
954 673 1128 723 Quidam
1150 674 1215 716 fur
1238 674 1289 716 ad
1312 674 1475 716 domum
1501 674 1710 729 cujusdam
1734 674 1886 717 divitis.

334 741 635 795 (Mondstrahl.)
681 743 751 785 lat.
779 746 873 786 136.

332 813 394 855 De
425 814 624 868 regimine
656 815 832 857 hominis
866 820 940 858 etc.
998 815 1170 865 Quidam
1204 816 1317 859 dives
1349 816 1493 859 habuit
1524 816 1727 871 quendam
1758 816 1888 859 domi-

332 898 443 926 num.
493 885 616 937 (Halb
647 886 853 939 geritten.)
901 887 970 929 lat.
998 888 1092 928 124.

332 955 394 998 De
420 956 575 1010 judicio
608 958 811 1011 anuhomo
835 962 910 1000 etc.
957 958 1090 1000 Erant
1111 958 1189 1000 duo
1211 958 1360 1001 fratres
1383 958 1580 1002 carnaleS.
1626 958 1742 1011 (Drei
1763 957 1889 1002 buch-

334 1027 509 1079 staben.)
556 1042 682 1082 germ.
708 1030 775 1071 26.

331 1098 394 1140 De
433 1102 544 1140 statu
581 1099 701 1154 hujus
739 1101 894 1142 mundi.
956 1101 1142 1143 Habetur
1180 1102 1222 1143 in
1263 1101 1439 1156 quodam
1469 1100 1574 1143 libro
1607 1101 1656 1144 de
1688 1100 1888 1156 colloquio

334 1169 453 1225 petri.
503 1169 619 1221 (Drei
652 1174 832 1224 narren.)
878 1173 950 1214 lat.
977 1173 1073 1214 165.

333 1246 396 1289 De
436 1247 567 1289 tribus
606 1248 783 1301 regibus.
838 1249 925 1291 Rex
965 1249 1174 1291 dariorum
1215 1250 1370 1305 (spater
1410 1249 1619 1303 corrigirt:
1659 1248 1888 1300 danorum).

336 1317 457 1369 (Heil.
482 1318 569 1360 drei
601 1319 782 1373 konige.)
828 1320 899 1362 lat.
923 1321 992 1362 47.

332 1394 395 1436 De
425 1396 764 1439 reconciliacione
795 1397 918 1452 primi
946 1397 1136 1439 hominis.
1184 1397 1324 1440 Refert
1345 1396 1534 1439 Valerius
1557 1396 1665 1451 quod
1686 1396 1888 1451 selongus.

336 1465 580 1518 (Zaleucus.)
626 1466 697 1509 lat.
722 1468 790 1509 50.

334 1542 396 1585 De
435 1543 632 1586 fidelitate
673 1544 846 1586 servicii.
900 1545 1154 1588 Allexandei·
1193 1559 1366 1599 magnus
1405 1545 1497 1600 pori
1535 1545 1643 1598 regis
1673 1544 1889 1600 yndorum.

335 1613 545 1666 (Geschirr
576 1614 766 1667 stehlen.)
814 1629 908 1671 app.
933 1617 971 1658 2.

333 1691 395 1733 De
427 1691 705 1734 celebracione
738 1692 954 1736 dominica.
1004 1694 1132 1750 Tytus
1163 1694 1206 1735 in
1230 1694 1396 1736 civitate
1416 1706 1588 1735 romana
1608 1706 1722 1747 regn.
1771 1692 1892 1746 (Pho-

336 1762 436 1814 cas.)
483 1762 553 1804 lat.
578 1764 646 1804 57.

334 1839 397 1881 De
435 1840 703 1882 confessione.
765 1840 1039 1896 Berengarius
1077 1842 1303 1897 imperator
1341 1842 1540 1896 regnavit.
1604 1841 1721 1893 (Drei
1760 1840 1893 1884 wahr-

336 1910 488 1964 heiten,
521 1911 629 1964 frei.)
678 1911 748 1953 lat.
775 1913 843 1954 58.

335 1987 398 2029 De
427 1988 638 2043 paciencia
660 1992 734 2031 etc.
776 1989 976 2033 Ezechias
997 1991 1188 2044 regnavit
1210 1990 1279 2044 qui
1300 1993 1384 2032 tres
1405 1989 1510 2032 filios
1531 1989 1687 2032 habuit.
1728 1988 1895 2042 (Baum-

338 2059 463 2111 erbe.)
510 2072 637 2112 germ.
663 2060 730 2101 81.

336 2135 400 2178 De
435 2135 515 2178 fide
551 2136 788 2179 christiana.
843 2137 994 2179 Darius
1026 2137 1069 2179 in
1100 2138 1266 2181 civitate
1297 2151 1469 2180 romana
1497 2137 1698 2192 regnavit.
1753 2136 1895 2189 (Jona-

337 2207 461 2257 thas.)
512 2207 583 2249 lat.
612 2209 704 2250 120.

338 2284 548 2334 Quomodo
581 2284 700 2326 homo
724 2298 766 2327 se
789 2285 910 2339 erigit
931 2288 1006 2328 etc.
1052 2285 1295 2328 Jovinianus
1316 2286 1554 2342 imperator.
1603 2284 1893 2338 (Jovinianus.)

337 2355 408 2397 lat.
433 2355 501 2396 59.

339 2431 471 2484 (Ohne
502 2431 778 2484 iiberschrift.)
822 2432 885 2475 De
906 2436 1038 2476 morte
1061 2433 1290 2476 allexandri
1311 2447 1404 2477 cum
1426 2433 1638 2490 sepultura
1659 2434 1746 2489 ejus
1766 2432 1893 2476 fieret.

340 2502 612 2554 (Alexanders
643 2502 892 2556 begrabnis.)
939 2504 1009 2546 lat.
1034 2505 1102 2546 31.

339 2579 401 2622 De
447 2579 594 2634 quibus
639 2579 849 2623 reddenda
895 2581 949 2623 sit
994 2582 1119 2624 racio.
1188 2581 1369 2625 Hanibal
1419 2581 1619 2636 regnavit.
1691 2580 1894 2634 (Redde.)

339 2650 410 2692 lat.
434 2651 502 2692 20.

338 2726 401 2769 De
423 2727 600 2769 adventu
623 2727 791 2769 domini.
826 2728 1026 2784 Tyberius
1048 2729 1236 2783 regnavit
1255 2729 1299 2771 in
1320 2742 1490 2771 romana
1509 2729 1686 2772 civitate.
1722 2727 1896 2783 (Goldne

341 2798 491 2852 angel.)
537 2798 607 2840 lat.
632 2798 699 2840 85.

339 2874 402 2916 De
448 2875 714 2917 confessione.
778 2874 972 2918 Claudius
1018 2878 1207 2931 regnavit
1253 2877 1322 2931 qui
1367 2876 1510 2919 habuit
1548 2877 1711 2920 unicam
1749 2876 1889 2919 filiam.

342 2945 546 2997 (Socrates
579 2946 810 2999 heirathet.)
857 2947 927 2989 lat.
953 2949 1019 2989 61.
