1954 3137
159 175 228 217 50.

160 318 229 358 60.

966 70 1049 110 100

277 175 339 217 De
378 175 712 217 buccinatoribus
750 179 790 216 et
823 175 907 216 vita
940 177 980 216 et
1011 177 1156 215 morte.
1211 173 1386 223 Quidam
1421 187 1493 215 rex
1527 176 1627 215 erat.
1681 172 1853 223 (Todes-

278 246 515 300 trompete.)
563 245 634 286 lat.
665 246 757 286 1453.

278 317 340 358 De
373 317 443 357 illo
478 316 547 370 qui
581 316 688 357 eruit
720 315 857 357 oculos
891 318 966 357 etc.
1016 314 1216 365 Quioillus
1240 315 1443 368 regnavit.
1492 313 1596 368 (100
1619 311 1854 368 groschen.)

275 387 347 428 lat.
374 388 441 427 723.

219 490 228 498 .
278 457 340 499 De
373 470 497 498 aureo
531 467 653 511 pomo
687 459 727 498 et
748 456 874 498 stulto
898 460 972 498 ete.
1019 456 1267 498 Aurelianus
1290 455 1489 508 regnavit.
1531 452 1856 510 (Narrenapfel.)

277 527 349 568 lat.
376 528 444 569 74.

221 631 228 639 .
278 597 340 640 De
382 601 524 639 saneto
565 597 775 639 laurencio
817 597 994 651 qualiter
1032 597 1111 639 fuit
1149 600 1284 639 natus.
1343 596 1519 646 Quidam
1558 610 1635 638 rex
1666 609 1855 649 magnus.

281 668 359 720 (St.
384 668 669 715 Laurentius.)
720 682 814 723 app.
841 669 879 709 5.

278 739 341 781 De
374 740 531 781 duobus
565 739 735 780 medicis
769 742 845 781 etc.
895 738 1070 788 Quidam
1094 752 1168 780 rex
1192 741 1292 780 erat.
1341 735 1651 791 (Ziegenauge.)
1695 737 1766 784 lat.
1787 738 1809 778 7
1817 737 1855 779 6.

280 810 464 860 Quodam
498 810 643 852 civitas
678 814 767 852 erat
792 811 915 864 juxta
947 823 1073 851 mare.
1122 809 1303 863 (Draehe
1331 808 1459 850 duroh
1488 808 1620 851 lowen
1645 794 1875 862 entfernt.)

281 895 375 936 app.
400 882 440 923 4.

194 967 230 993 ’.
280 951 400 993 Miles
435 952 601 1006 quidam
636 955 723 993 erat
755 965 930 1005 magnus
963 951 1104 1006 predo.
1153 950 1271 1005 (sFuss
1304 948 1388 1004 ab.)
1434 950 1506 992 lat.
1536 951 1630 992 1⁶27.

222 1056 231 1064 .
282 1022 515 1064 Poneianus
549 1023 589 1063 in
624 1023 791 1064 civitate
823 1036 997 1064 romana
1029 1022 1219 1075 regnavit
1250 1021 1433 1077 prudens
1459 1021 1590 1063 valde.
1639 1019 1733 1075 (VII
1755 1033 1858 1076 sap.⁷

280 1093 473 1145 rahmen3
508 1093 585 1134 mit
617 1092 805 1146 schluss.)
856 1107 984 1146 germ.
1010 1095 1080 1135 40.

223 1197 231 1205 .
280 1163 343 1205 De
381 1163 512 1205 milite
546 1168 713 1205 strenuo
748 1164 817 1217 qui
850 1167 1010 1205 tantum
1046 1169 1120 1206 eto.
1176 1164 1280 1205 Erat
1313 1163 1480 1217 quidam
1512 1162 1645 1204 miles.
1703 1161 1858 1215 (Hund,

281 1234 355 1275 VH
389 1236 495 1289 sap.)
543 1247 671 1287 germ.
696 1235 766 1274 41.

202 1306 232 1346 Ἴ.
281 1304 457 1354 Quidam
489 1305 718 1359 imperator
750 1306 839 1345 erat
871 1306 941 1359 qui
973 1306 1117 1348 habuit
1151 1318 1310 1360 aprum.
1361 1304 1501 1357 (Eber,
1534 1303 1608 1345 VII
1641 1303 1747 1358 sap.)

224 1409 232 1417 .
282 1376 344 1417 De
366 1376 498 1418 milite
521 1376 590 1429 qui
614 1374 759 1416 habuit
775 1375 1041 1428 juvenculam
1065 1390 1249 1418 uxorem.
1292 1374 1634 1428 (Haussohliissel,
1656 1374 1731 1416 VH
1753 1373 1858 1429 sap.)

282 1446 497 1496 Quondam
531 1451 620 1488 erat
650 1446 692 1487 in
726 1446 893 1488 civitate
925 1460 1099 1488 romana
1132 1447 1300 1500 quidam
1333 1446 1466 1488 miles.
1525 1446 1696 1498 (Thurm
1730 1444 1862 1487 Hero-

283 1517 389 1570 dots⁷
423 1517 494 1558 VII
528 1517 632 1572 sap.)
681 1530 808 1569 germ.
833 1517 902 1558 49..

226 1621 233 1629 .
284 1587 395 1629 Civis
430 1588 597 1642 quidam
633 1591 722 1628 erat
754 1587 795 1628 in
829 1588 996 1630 civitate
1028 1601 1213 1629 romana.
1263 1587 1431 1641 (Elster,
1462 1587 1538 1629 VII
1570 1588 1676 1643 sap.)

284 1658 403 1700 Miles
437 1659 603 1712 quidam
639 1671 765 1699 senex
799 1658 870 1699 sed
896 1659 1048 1712 justus.
1100 1657 1412 1713 (Gattenprobe,
1441 1658 1517 1699 VII
1549 1659 1654 1713 sap.)

283 1729 345 1771 De
385 1730 584 1783 magistro
624 1730 788 1783 virgilio
830 1734 905 1772 eto.
963 1730 1215 1772 Octavianus
1247 1729 1449 1782 regnavit.
1506 1729 1676 1783 (Virgils
1709 1729 1862 1782 thurm,

286 1800 359 1841 VII
392 1801 498 1855 sap.)
546 1814 674 1853 germ.
699 1802 768 1842 43.

284 1871 460 1921 Quidam
492 1872 720 1926 imperator
752 1885 867 1913 rome
900 1871 1102 1925 regnavit.
1153 1871 1243 1921 (VH
1266 1884 1369 1926 sap.⁷
1393 1870 1468 1912 VH
1491 1871 1596 1926 sap.)
1642 1884 1772 1924 germ.
1791 1871 1861 1912 48.

284 1942 381 1983 Fuit
413 1941 581 1996 quidam
614 1942 842 1996 imperator
873 1943 942 1996 qui
965 1943 1111 1984 statuit
1133 1956 1208 1997 pro
1232 1941 1336 1995 lege.
1386 1942 1575 1995 (Abibas,
1599 1942 1656 1994 5.)
1703 1942 1774 1984 lat.
1796 1943 1862 1983 17.

287 2012 462 2062 Quidam
493 2026 651 2067 pauper
678 2013 757 2054 fuit
779 2014 820 2054 in
846 2013 1022 2067 quadam
1048 2013 1158 2054 villa.
1202 2013 1637 2064 (Drachenschwanz.)
1675 2012 1747 2054 lat.
1767 2014 1863 2054 114.

285 2083 390 2125 Erat
412 2082 579 2137 quidam
603 2083 831 2138 imperator
854 2084 923 2138 qui
941 2084 1130 2125 habebat.
1167 2083 1341 2134 (Naokte
1359 2084 1644 2137 jungfrauen.)
1680 2083 1863 2125 lat.115.

285 2154 477 2196 <Iustinus
518 2154 559 2195 in
601 2154 768 2196 civitate
800 2168 973 2196 romana
1005 2155 1206 2208 regnavit.
1266 2154 1466 2206 (Untreue
1497 2168 1628 2208 gegen
1661 2153 1865 2206 erretter.)

286 2225 357 2266 lat.
387 2226 480 2266 117.

287 2295 493 2337 Narratur
516 2295 624 2349 quod
646 2294 713 2336 lex
735 2296 815 2337 fuit
839 2297 945 2350 quod
968 2310 1133 2351 semper
1156 2297 1305 2338 senior.
1346 2295 1667 2350 (Erbtheilung.)
1705 2295 1777 2338 lat.
1796 2296 1864 2337 90.

289 2366 446 2419 Regina
477 2365 651 2420 quedam
677 2367 866 2421 concepit
887 2367 1017 2408 filium
1042 2368 1091 2409 de
1114 2381 1245 2409 servo.
1289 2366 1518 2417 (Zweierlei
1540 2367 1669 2419 tuch.)
1708 2366 1779 2408 lat.
1797 2367 1865 2408 26.

232 2469 240 2478 .
290 2436 407 2478 Sicut
438 2437 539 2478 dicit
568 2449 723 2491 ysopus
757 2438 865 2491 quod
899 2438 1066 2491 quidam
1099 2438 1173 2479 vir.
1225 2437 1446 2491 (Schlange
1477 2437 1624 2490 losen.)
1671 2437 1743 2479 lat.
1771 2437 1866 2478 174.
1916 2496 1922 2500 ἱ

290 2506 464 2556 Quidam
499 2507 690 2548 dominus
724 2511 824 2549 erat.
874 2508 1009 2561 (Zoll.)
1057 2508 1128 2550 lat.
1156 2509 1252 2550 157.

290 2577 462 2630 Legitur
493 2578 537 2619 in
569 2578 696 2630 gestis
729 2591 1009 2620 romanorum.
1060 2579 1315 2630 (Feindliohe
1348 2578 1530 2629 briider.)
1578 2578 1649 2621 lat.
1675 2579 1742 2620 39.

292 2647 470 2689 Cosdras
501 2649 729 2703 imperator
762 2654 1034 2703 pugnaturus.
1085 2649 1291 2701 (Codrus.)
1338 2649 1410 2691 lat.
1433 2650 1503 2690 41.

234 2750 242 2758 .
290 2717 395 2759 Erat
427 2718 594 2772 quidam
627 2718 748 2760 homo
783 2721 852 2773 qui
886 2720 1013 2761 semel
1045 2720 1105 2761 ire
1137 2720 1324 2762 debebat.
1376 2718 1567 2771 (Wiiste.)
1615 2732 1743 2773 germ.
1767 2718 1836 2760 53.

293 2788 468 2838 Quidam
500 2802 574 2830 rex
606 2788 751 2830 habuit
783 2794 866 2831 tres
900 2790 1019 2832 filios.
1070 2789 1351 2842 (Glassteine.)
1399 2803 1494 2844 app.
1522 2791 1588 2831 14.

292 2858 463 2912 Legitur
495 2860 537 2900 in
570 2860 676 2901 vitas
710 2865 889 2915 patrum.
941 2862 1057 2912 (Drei
1090 2861 1272 2911 narren.)
1320 2860 1391 2902 lat.
1419 2860 1515 2901 165.

235 2961 243 2969 .
292 2928 526 2985 Pompeyus
559 2931 705 2973 statuit
736 2945 811 2986 pro
843 2931 945 2985 lege.
996 2932 1058 2984 (ln
1091 2930 1237 2974 waffen
1269 2930 1508 2984 begraben.)
1555 2929 1627 2972 lat.
1653 2931 1750 2972 134.
