1919 3157
841 63 925 104 505

49 169 284 212 Alexandro
325 174 605 224 presentatus,
647 183 738 211 eum
778 169 1049 222 interrogavit
1089 168 1247 210 dicens:
1287 168 1420 218 Quare
1458 182 1569 211 mare
1602 168 1725 211 habet

48 244 88 282 te
128 240 348 282 infestum?
395 240 463 281 Ille
506 241 642 282 statim
686 240 917 295 respondit:
963 239 1096 290 Quare
1139 244 1177 281 te
1216 239 1324 281 orbis
1367 240 1596 282 terrarum?
1643 239 1722 281 Sed

49 311 143 366 quia
177 324 250 363 ego
284 311 357 352 hoc
391 326 465 364 ago
499 325 577 352 uua
601 311 730 364 galea,
763 311 867 352 latro
901 324 1034 364 vocor,
1067 315 1110 352 tu
1145 324 1238 352 vero
1262 311 1458 352 mundum
1486 312 1723 366 opprimens

48 382 213 424 navium
238 382 499 423 multitudine
523 397 684 435 magna,
719 384 865 425 diceris
898 383 1142 437 imperat0r3
1177 381 1244 423 sed
1279 383 1311 423 si
1345 383 1452 424 circa
1474 396 1538 423 me
1561 383 1724 424 fortuna

50 459 367 499 mansuesceret,
400 454 537 495 fierem
573 454 737 501 melior:
771 468 791 496 e
815 467 1009 495 converso
1040 458 1082 494 tu
1115 458 1267 506 quanto
1291 453 1586 494 infortunacior
1608 458 1722 495 tanto

49 524 238 566 deterior.
287 524 523 566 Alexander
555 525 787 580 respondit:
820 524 1043 566 Fortunam
1077 524 1152 565 tibi
1175 523 1355 576 mutabo,
1389 538 1439 565 ne
1473 524 1634 565 malicia
1655 528 1724 566 tue

47 595 231 648 fortune,
274 595 344 637 sed
384 596 542 637 meritis
581 595 821 637 ascribatur.
885 595 1032 649 Sicque
1072 595 1226 636 ditatus
1266 600 1327 636 est
1368 609 1440 650 per
1473 609 1564 636 eum
1603 600 1643 637 et
1675 595 1724 637 de

47 665 206 708 latrone
237 666 369 708 sactus
403 671 464 708 est
495 667 685 721 princeps
719 671 758 708 et
790 666 943 708 zelator
969 666 1148 720 justicie.

165 736 399 790 Carissimi,
437 737 542 779 latro
583 738 623 779 in
659 739 761 779 mari
799 751 888 780 cum
921 750 1003 779 una
1033 737 1150 790 galea
1183 742 1245 779 est
1276 742 1466 792 peccator
1498 737 1540 778 in
1572 737 1724 779 mundo

48 821 139 850 cum
180 807 268 850 sola
306 809 411 861 vita,
459 814 499 851 et
535 814 673 850 tamen
712 822 792 850 non
834 808 995 851 desistit
1033 808 1217 850 occidere
1257 809 1428 850 virtutes
1467 812 1507 850 et
1546 808 1724 863 spoliare

48 893 121 935 per
143 884 371 935 peccatum,
405 893 505 934 quas
538 880 691 935 recepit
724 880 764 922 in
788 880 1006 935 baptismO.
1056 878 1134 921 Sed
1158 879 1393 922 Alexander
1425 880 1449 920 i.
1475 893 1508 921 e.
1533 879 1724 934 princeps

48 950 111 992 vel
150 950 332 1005 prelatus
373 950 495 992 habet
533 951 656 993 talem
704 951 752 993 ad
794 951 902 992 viam
944 951 1201 992 rectitudinis
1243 951 1444 992 adducere
1491 964 1563 1006 per
1601 964 1724 992 naves

49 1022 74 1064 i.
98 1035 133 1064 e.
167 1035 241 1077 per
264 1022 420 1063 monita
448 1027 587 1064 sancte
610 1023 792 1065 ecclesie.
847 1021 927 1065 Sed
959 1027 1102 1064 caveat
1133 1022 1314 1078 prelatus
1347 1021 1410 1063 vel
1442 1022 1648 1077 princeps,
1682 1026 1727 1064 ut

48 1093 228 1148 seipsum
263 1094 376 1148 prius
403 1093 573 1147 judicet,
605 1099 651 1136 ut
681 1107 762 1136 non
794 1094 984 1136 inventus
1006 1094 1131 1136 fuerit
1153 1095 1266 1149 pejor
1294 1093 1377 1146 illo,
1412 1106 1529 1147 quem
1556 1106 1726 1146 arguere

49 1163 244 1216 voluerit,
278 1165 375 1218 quia
406 1165 439 1206 si
473 1166 544 1218 sic,
577 1166 743 1219 gravius
776 1166 1003 1220 puniretur.
1057 1165 1231 1207 Demum
1265 1164 1369 1206 latro
1401 1163 1470 1205 ille
1502 1164 1633 1206 factus
1666 1167 1727 1205 est

49 1234 203 1277 zelator
237 1236 403 1289 justicie
442 1240 482 1278 et
520 1249 593 1291 per
633 1236 780 1278 bonum
816 1236 1002 1278 decorem
1042 1240 1234 1292 peccator
1273 1236 1324 1277 ad
1363 1235 1563 1290 optimum
1603 1234 1723 1276 finem

48 1306 248 1361 pervenit,
281 1311 322 1349 et
352 1311 448 1349 tunc
481 1313 543 1350 est
574 1308 705 1362 majus
728 1308 921 1361 gaudium
956 1321 1080 1363 super
1101 1321 1182 1349 uno
1205 1310 1418 1363 peccatore
1450 1306 1724 1362 penitenciam

48 1377 213 1431 agente,
256 1391 377 1432 quam
417 1392 540 1434 super
571 1379 796 1433 nonaginta
826 1393 971 1422 novem
1009 1377 1178 1434 [justis,]
1221 1380 1289 1434 qui
1326 1392 1408 1421 non
1440 1378 1625 1432 indigent
1655 1391 1726 1433 pe-

47 1449 228 1491 nitencia
258 1454 332 1491 etc.

688 1679 913 1723 CAP.147.
956 1681 1087 1731 (139.)

317 1767 392 1813 De
419 1770 596 1828 peccati
629 1782 796 1813 veneno
836 1768 960 1828 quod
993 1769 1194 1812 animam
1232 1768 1458 1812 intoxicat.

169 1874 286 1930 [1⁶22]
322 1875 384 1918 De
417 1876 592 1930 quodam
621 1890 715 1930 rege
747 1879 952 1929 narratur,
986 1889 1103 1930 quem
1137 1875 1293 1917 inimici
1327 1875 1413 1929 ejus
1446 1875 1628 1918 occidere
1661 1889 1726 1918 co-

49 1947 248 2000 gitabant,
272 1951 312 1989 et
335 1947 430 2001 quia
451 1951 596 2003 potens
620 1952 720 2000 erat,
755 1961 908 1989 veneno
936 1961 1026 1989 eum
1053 1947 1223 2002 perdere
1246 1947 1474 1988 voluerunt.
1518 1946 1728 1989 Venerunt

50 2018 174 2073 aliqui
208 2032 346 2060 eorum
381 2018 556 2073 simplici
591 2023 702 2061 veste
733 2019 865 2060 induti
897 2019 948 2060 ad
982 2019 1211 2072 civitatem,
1253 2009 1320 2060 ubi
1353 2017 1566 2071 manebat,
1599 2023 1639 2060 et
1671 2019 1726 2061 ibi

49 2094 138 2131 erat
167 2089 258 2131 fons
290 2103 413 2143 aque,
447 2090 496 2131 de
529 2103 606 2144 quo
639 2104 711 2132 rex
745 2090 986 2132 multociens
1020 2090 1206 2142 bibebat3
1245 2089 1352 2131 hune
1382 2089 1536 2131 fontem
1573 2102 1726 2131 veneno

49 2160 228 2215 undique
267 2161 618 2213 intoxicaverunt3
657 2175 731 2204 rex
774 2166 907 2204 autem
950 2161 1166 2215 ignorabat
1198 2165 1239 2203 et
1276 2161 1398 2214 bibit,
1438 2160 1543 2202 sicut
1583 2160 1726 2202 solitus

50 2237 150 2286 erat,
183 2236 223 2274 et
254 2236 439 2273 mortuus
472 2235 546 2273 est.

166 2303 400 2356 Carissimi,
440 2316 512 2345 rex
551 2304 628 2346 iste
659 2308 722 2346 est
753 2303 885 2346 Adam
919 2304 1077 2358 primus
1109 2303 1251 2356 homo,
1291 2302 1356 2344 cui
1397 2301 1579 2356 subjecte
1611 2305 1728 2344 erant

50 2388 190 2417 omnes
223 2380 407 2417 creature
439 2374 684 2430 corporales.
738 2374 978 2417 Psalmista:
1018 2374 1168 2417 Omnia
1205 2374 1412 2428 subjecisti
1446 2373 1520 2415 sub
1553 2373 1726 2428 pedibus

52 2446 137 2500 ejus
170 2450 245 2488 etc.
301 2446 418 2488 Illum
453 2459 591 2499 regem
631 2445 857 2499 querebant
895 2445 1090 2487 demones
1129 2445 1359 2487 interficere
1402 2457 1577 2497 veneno,
1619 2443 1725 2497 quod

50 2517 245 2559 fuderunt
284 2518 325 2558 in
357 2517 526 2558 fontem.
581 2516 689 2558 Fons
728 2516 797 2559 ille
838 2520 899 2559 est
937 2530 1007 2558 cor
1043 2517 1289 2570 humanum,
1330 2516 1425 2570 quia
1464 2515 1570 2557 sicut
1604 2514 1725 2556 rivuli

51 2593 239 2643 respectu
278 2588 402 2630 fontis
442 2592 614 2640 exeunt,
655 2588 714 2629 ita
751 2601 819 2629 cor
859 2587 1036 2629 hominis
1075 2587 1210 2630 influit
1246 2587 1438 2628 virtutem
1473 2590 1513 2628 et
1543 2586 1725 2639 regimen

51 2659 240 2701 omnibus
272 2659 480 2701 membris.
535 2658 599 2700 Ad
631 2658 744 2700 illum
779 2659 932 2701 fontem
973 2659 1154 2700 infusum
1185 2658 1264 2700 fuit
1295 2671 1518 2710 venenum,
1562 2657 1724 2711 quando

52 2731 208 2785 primus
240 2744 389 2786 parens
422 2743 494 2785 per
525 2730 826 2782 suggestionem
862 2730 1050 2785 concepit
1079 2734 1222 2772 contra
1244 2729 1308 2771 dei
1332 2732 1568 2784 preceptum
1592 2728 1725 2770 facere

1749 459 1771 495 5

1753 815 1796 850 10

1753 1170 1796 1204 15

1752 1687 1797 1721 20

1751 2097 1796 2130 25

1751 2452 1796 2486 30

53 2805 93 2843 et
130 2802 166 2844 ei
200 2815 410 2843 assensum
446 2800 631 2856 prebuit,
665 2806 705 2842 et
735 2805 832 2842 tunc
864 2800 913 2842 de
944 2801 1022 2842 isto
1054 2801 1166 2842 fonte
1198 2805 1371 2842 mortem
1404 2799 1528 2851 bibit,
1560 2803 1601 2841 et
1635 2803 1726 2854 post
1750 2806 1795 2841 35

53 2885 143 2914 eum
178 2873 292 2927 quasi
325 2872 472 2914 infiniti
505 2872 690 2913 homines
721 2871 873 2913 mortui
906 2876 1014 2924 sunt,
1046 2871 1174 2913 donee
1195 2871 1382 2914 Christus
1411 2870 1569 2912 veniret
1590 2874 1630 2912 et
1651 2883 1725 2912 nos

49 2941 247 2986 liberaret
277 2944 326 2986 de
347 2944 426 2985 isto
448 2943 582 2995 fonte3
616 2942 747 2985 adhuc
778 2942 1032 2984 descendunt
1051 2942 1173 2984 rivuli
1205 2943 1246 2984 in
1270 2941 1400 2995 nobis,
1434 2941 1530 2995 quia
1561 2941 1724 2983 racione
