1919 3157
887 82 970 124 653

91 188 174 225 tam
223 183 369 226 bonam
417 185 695 240 suspendisti?
747 185 863 229 Miles
910 188 977 241 qui
1024 187 1148 229 filiam
1197 188 1310 230 ducis
1358 189 1506 232 occidit
1551 202 1641 232 cum
1690 190 1763 233 hoc

92 253 274 296 audisset
313 254 436 297 dixit:
479 255 714 309 Karissinii,
754 257 877 300 talem
911 258 1118 300 dominam
1161 259 1318 301 invenit
1354 260 1543 302 dominus
1575 275 1690 303 meus
1723 262 1762 303 in

91 324 278 367 arborem
327 340 567 382 suspensam
618 342 689 383 per
728 329 860 371 crines
907 333 952 371 ut
997 330 1073 372 iste
1119 329 1224 372 dixit
1265 334 1304 372 et
1342 331 1453 373 illam
1494 332 1543 373 ad
1583 336 1760 374 castrum

90 408 207 437 suum
241 395 360 438 duxit
391 402 430 439 et
460 398 583 440 tiliam
619 399 779 441 unicam
815 400 865 441 ad
897 400 1211 443 doctrinandum
1245 402 1280 443 ei
1313 402 1494 444 tradidit.
1548 402 1635 457 Ego
1669 417 1762 446 vero

90 466 131 508 in
163 479 302 508 amore
333 469 419 522 ejus
451 474 526 511 etc.
579 469 633 512 Et
663 471 800 512 omnia
831 472 1026 513 narravit.
1087 472 1159 513 Ait
1189 471 1315 514 latro:
1360 472 1450 514 L'na
1480 474 1645 516 domina
1677 474 1763 516 sola

89 537 289 591 equitavit
328 544 368 581 et
410 553 499 582 curn
541 554 614 593 ego
661 541 710 582 ad
751 543 1083 597 suspendendum
1131 543 1275 585 ductus
1321 544 1509 597 fuissem,
1561 546 1653 600 ipsa
1697 559 1762 587 me

88 609 226 664 precio
265 609 466 652 liberavit.
522 611 601 654 Sed
640 626 713 666 ego
752 618 846 668 post
877 614 952 656 hoc
991 614 1107 668 quasi
1146 614 1331 667 ingratus
1371 615 1531 658 cuidam
1566 617 1762 670 magistro

89 681 206 722 navis
247 694 336 723 eam
377 682 540 723 tradidi.
589 683 662 725 Ait
699 685 896 738 magister
936 685 1073 727 navis:
1116 684 1208 728 Scio
1241 686 1347 740 quod
1380 700 1462 729 una
1493 687 1659 729 domina
1690 701 1762 729 no-

88 751 181 793 bilis
213 765 286 807 per
313 752 513 794 famulum
535 767 653 796 suum
685 755 763 797 fuit
795 757 893 798 mihi
925 757 1089 799 tradita.
1137 756 1225 810 Ego
1260 771 1353 799 vero
1383 759 1760 813 concupiscenciam

88 823 224 864 carnis
266 825 403 865 volens
445 825 485 865 in
526 838 573 867 ea
613 839 815 869 exercere.
873 827 966 883 Ipsa
1003 841 1099 870 vero
1131 828 1270 883 posuit
1301 842 1343 871 se
1377 829 1426 870 ad
1459 830 1688 872 oracionem
1723 834 1763 872 et

87 894 227 935 statim
259 899 482 950 tempestas
514 897 556 938 in
584 898 687 939 mari
719 900 899 941 surrexit
929 899 971 940 in
1002 903 1163 941 tantum
1196 899 1303 954 quod
1335 900 1451 942 navis
1482 901 1760 955 frangebatur,

87 964 157 1006 sed
190 978 263 1018 ego
295 965 406 1008 solus
438 968 562 1021 evasi,
595 969 667 1011 sed
698 970 795 1024 quid
827 974 961 1012 actum
995 970 1044 1013 de
1066 970 1234 1013 domina
1263 971 1388 1013 fuerit
1418 972 1580 1027 penitus
1602 973 1758 1026 ignoro.

87 1035 178 1078 Hiis
208 1035 334 1078 finitis
367 1037 471 1080 dixit
503 1039 669 1082 domina
708 1041 759 1082 ad
790 1041 1107 1097 Imperatorem:
1148 1042 1343 1095 Domine,
1383 1056 1523 1086 omnes
1561 1044 1631 1086 isti
1666 1048 1761 1085 sunt

88 1120 181 1149 vere
213 1108 406 1162 confessi,
440 1110 480 1151 in
513 1110 674 1164 signum
709 1111 827 1166 hujus
859 1126 1062 1169 apponam
1104 1114 1362 1156 medicinam.
1418 1114 1527 1156 Data
1557 1115 1761 1157 medicina

87 1191 228 1221 omnes
258 1179 358 1222 facti
389 1186 485 1223 sunt
517 1183 620 1236 sani,
654 1183 760 1225 unde
783 1184 900 1226 deum
934 1184 1217 1228 laudaverunt.
1267 1186 1381 1228 Tunc
1413 1186 1579 1228 domina
1601 1187 1659 1228 ait
1680 1185 1759 1228 Im-

86 1250 286 1305 peratori:
319 1251 495 1294 Domine
525 1254 725 1307 gauderes
756 1268 808 1297 ne
840 1255 977 1298 videre
1009 1256 1336 1312 Imperatricem,
1374 1270 1452 1312 que
1482 1261 1543 1299 tot
1574 1262 1615 1300 et
1644 1261 1760 1299 tanta

85 1325 255 1376 propter
292 1323 523 1366 castitatem
565 1339 687 1380 passa
726 1326 815 1369 est?
862 1327 936 1369 Ait
972 1327 1216 1383 Imperator:
1257 1328 1426 1382 Ymmo,
1467 1342 1590 1384 super
1623 1329 1760 1371 omnia

86 1391 193 1434 bona
237 1394 379 1435 mundi
426 1394 501 1437 hoc
547 1401 806 1451 appeterem,
855 1399 949 1452 quia
995 1399 1128 1454 ipsam
1167 1403 1327 1442 tantum
1374 1399 1499 1442 dilexi
1546 1401 1651 1443 sicut
1693 1414 1758 1444 me

84 1462 233 1518 ipsum.
296 1464 378 1507 Ista
424 1465 498 1507 hoc
545 1467 714 1510 audiens
751 1469 896 1511 faciem
937 1483 1051 1511 suam
1096 1470 1331 1513 denudabat
1374 1475 1414 1513 et
1459 1471 1534 1513 ait:
1583 1471 1758 1514 Domine

84 1547 206 1577 nosce
238 1549 313 1578 me.
374 1536 603 1593 Imperator
643 1553 734 1581 cum
775 1540 850 1583 hoc
881 1541 1051 1583 vidisset
1087 1542 1234 1584 cecidit
1266 1556 1389 1598 super
1420 1542 1568 1584 collum
1601 1543 1687 1598 ejus
1720 1547 1760 1585 et

85 1605 291 1648 osculatus
322 1612 384 1650 est
413 1622 502 1651 eam
537 1614 577 1652 et
608 1611 684 1652 ait:
717 1611 962 1655 Benedictus
993 1612 1093 1655 deus
1126 1613 1195 1668 qui
1227 1614 1340 1656 dedit
1377 1614 1478 1655 mihi
1509 1614 1632 1657 talem
1665 1628 1758 1668 gra-

85 1676 192 1718 ciam
230 1678 338 1732 quod
369 1684 409 1722 te
440 1681 593 1736 possim
628 1682 788 1736 videre,
821 1687 862 1725 et
893 1684 1034 1726 statim
1065 1684 1108 1725 in
1142 1685 1281 1727 eodem
1315 1685 1402 1727 loco
1435 1699 1629 1740 magnum
1662 1699 1758 1728 con-

84 1747 239 1790 vivium
277 1749 394 1804 fecit,
436 1765 577 1795 omnes
617 1753 776 1796 nobiles
816 1768 866 1797 ex
898 1755 1009 1796 omni
1041 1760 1158 1810 parte
1198 1756 1390 1798 invitavit
1425 1760 1466 1799 et
1494 1770 1568 1812 per
1599 1761 1757 1813 septem

85 1818 172 1862 dies
218 1833 309 1862 cum
346 1823 495 1875 gaudio
535 1824 590 1866 ibi
637 1825 801 1867 mansit.
865 1825 990 1868 Facto
1030 1827 1216 1869 convivio
1257 1841 1346 1870 eam
1388 1840 1479 1869 cum
1519 1828 1668 1883 gaudio
1708 1829 1757 1871 ad

83 1889 303 1946 pallacium
336 1893 467 1947 duxit,
500 1899 540 1937 et
568 1896 610 1937 in
632 1909 731 1951 pace
754 1897 880 1939 vitam
903 1911 1018 1939 suam
1041 1897 1237 1941 finierunt
1259 1903 1472 1955 promente
1493 1899 1658 1942 domino
1681 1904 1756 1943 etc.

202 1965 438 2007 Mor-alitae
473 1967 708 2010 Kar-issimi.
744 1967 973 2024 Imperator
995 1973 1057 2011 est
1087 1969 1277 2012 dominus
1298 1974 1438 2013 noster
1459 1970 1573 2014 ihsus
1595 1972 1757 2026 cristus,

85 2033 329 2090 Imperatrix
371 2041 434 2079 est
471 2038 628 2093 anima,
669 2052 746 2094 que
783 2039 938 2082 tradita
977 2044 1040 2083 est
1075 2041 1195 2083 fratri
1234 2042 1342 2097 ejus,
1380 2043 1406 2084 i.
1432 2056 1465 2085 e.
1499 2042 1674 2097 homini,
1714 2043 1758 2085 in

84 2106 325 2149 custodiam.
379 2107 459 2150 Sed
491 2108 589 2163 heu,
622 2123 715 2152 caro
748 2111 789 2153 in
822 2115 981 2153 tantum
1014 2111 1210 2155 sollicitat
1241 2113 1420 2155 animam
1453 2114 1504 2156 ad
1527 2118 1754 2169 peccatum,

84 2178 192 2233 quod
223 2179 477 2234 requiescere
509 2194 590 2222 non
622 2185 770 2236 potest.
825 2181 931 2233 Quid
963 2196 1058 2236 ergo
1093 2187 1155 2225 est
1183 2184 1446 2227 faciendum?
1478 2188 1588 2228 certe
1619 2188 1665 2227 ut
1695 2185 1756 2227 in-

83 2253 317 2292 carceretur
347 2263 441 2292 caro
473 2264 547 2306 per
578 2252 685 2294 viam
721 2253 962 2308 penitencie.
1012 2253 1093 2296 Sed
1119 2259 1262 2298 sancta
1283 2255 1455 2298 ecclesia
1475 2259 1619 2298 narrat
1639 2256 1756 2299 nobis

84 2333 291 2375 rumores,
325 2321 432 2375 quod
464 2321 692 2377 Imperator
722 2328 861 2367 noster
892 2329 1089 2368 venturus
1123 2327 1177 2369 sit
1215 2327 1265 2369 de
1296 2331 1408 2370 terra
1438 2331 1581 2370 sancta
1616 2327 1659 2369 in
1691 2327 1756 2370 die

78 2391 237 2445 judicii.
286 2391 400 2434 Tunc
438 2393 648 2437 videamus
690 2396 798 2450 quod
837 2396 966 2439 simus
998 2397 1081 2439 rasi
1114 2401 1154 2440 et
1186 2397 1260 2440 loti
1293 2398 1342 2441 ab
1375 2399 1485 2441 omni
1517 2401 1683 2454 peccato
1717 2402 1757 2441 et

83 2462 200 2504 novis
232 2463 488 2506 vestimentis
521 2465 547 2506 i.
572 2478 604 2507 e.
638 2465 755 2509 bonis
788 2467 1008 2510 virtutibus
1040 2467 1186 2510 induti.
1230 2468 1310 2511 Sed
1343 2469 1493 2512 misero
1526 2469 1681 2512 homini
1712 2470 1755 2512 in

84 2533 192 2576 bona
220 2534 288 2576 via
317 2535 450 2577 eundo
483 2536 678 2579 adversus
710 2538 878 2580 cristum
909 2539 1087 2581 occurrit
1107 2552 1251 2582 cervus
1282 2540 1308 2582 i.
1333 2553 1366 2582 e.
1391 2540 1564 2595 quedam
1594 2541 1754 2583 vanitas

82 2605 312 2659 mundana,
354 2619 475 2660 quam
508 2619 649 2650 omnes
682 2622 825 2651 sensus
858 2613 1071 2663 secuntur,
1103 2610 1162 2653 sic
1193 2611 1300 2665 quod
1332 2624 1427 2654 caro
1460 2612 1639 2654 animam
1671 2612 1754 2654 vir-

82 2675 239 2718 tutibus
271 2677 422 2732 spoliat
458 2683 630 2733 excepta
668 2680 838 2722 camisia
870 2681 896 2722 i.
921 2693 954 2722 e.
988 2681 1206 2723 sanctitate
1245 2681 1461 2737 baptismi,
1503 2685 1543 2725 et
1582 2695 1671 2724 eam
1711 2682 1753 2724 in

84 2746 292 2802 arborem,
331 2748 357 2789 i.
389 2761 422 2790 e.
455 2753 682 2804 peccatum,
723 2751 948 2806 suspendit.
1005 2751 1119 2794 Tunc
1156 2753 1269 2795 venit
1310 2753 1413 2806 dux,
1452 2753 1478 2794 i.
1503 2766 1536 2796 e.
1569 2753 1753 2809 prelatus

83 2817 265 2872 ecclesie,
298 2823 339 2861 et
368 2818 516 2861 liberat
546 2820 727 2863 animam
760 2826 801 2864 et
831 2822 944 2864 ducit
974 2835 1112 2864 secum
1145 2823 1197 2865 ad
1221 2828 1400 2866 castrum
1423 2827 1563 2866 sancte
1584 2823 1754 2867 ecclesie

83 2892 125 2930 et
155 2889 269 2931 dabit
299 2890 336 2932 ei
358 2890 550 2944 puellam,
583 2891 609 2932 i.
634 2905 667 2934 e.
691 2892 934 2946 doctrinam,
968 2893 1019 2934 ad
1041 2894 1364 2937 custodiendam.
1412 2893 1530 2937 Miles
1552 2895 1753 2938 senescal-

83 2971 154 3001 cus
186 2964 247 3002 est
277 2960 488 3016 dyabolus,
521 2962 591 3016 qui
622 2963 768 3005 nititur
800 2963 978 3006 animam
1015 2977 1086 3019 per
1117 2969 1329 3020 peccatum
1363 2965 1558 3021 polluere,
1591 2966 1625 3008 si
1658 2970 1754 3009 tunc
