1919 3157
845 62 924 102 611

50 163 306 205 suetudinem
341 165 380 205 in
413 166 527 206 curia
559 171 629 206 tua
660 179 790 206 servo.
837 166 923 215 Quo
957 167 1095 208 audito
1128 168 1278 210 milites
1313 170 1400 224 pori
1440 169 1722 212 allexandrum

49 237 145 275 sunt
183 234 311 276 secuti
359 239 397 277 et
438 235 488 277 ab
527 236 617 291 ipso
657 237 818 289 magnis
857 238 1096 280 muneribus
1136 243 1231 280 sunt
1270 239 1387 281 ditati
1428 244 1467 283 et
1505 254 1594 283 cum
1635 242 1725 297 ipse

48 308 192 346 eontra
222 318 368 360 porum
402 319 537 359 regem
577 306 726 348 bellum
762 307 941 349 inierunt.
981 312 1020 350 et
1058 309 1191 364 ipsum
1233 323 1376 364 porum
1421 325 1558 365 regem
1598 313 1724 356 inter-

46 374 232 418 fecerunt
263 379 303 418 et
333 380 460 418 totam
495 377 659 419 indeam
691 378 930 421 allexandro
964 393 1112 433 magno
1145 381 1478 434 subjugaverunt.

164 447 336 488 Marica
387 448 624 490 allexander
656 452 717 490 est
749 450 938 491 dominus
970 455 1110 493 noster
1142 451 1278 493 ihesus
1313 453 1462 494 cristus
1493 453 1725 496 dominator

47 516 173 559 totius
212 518 370 571 mundi,
411 519 451 560 in
492 520 624 561 forma
656 520 855 575 simplicis
894 521 1038 563 militis
1070 522 1095 563 i.
1129 535 1162 564 e.
1195 523 1236 564 in
1275 523 1417 565 habitu
1456 524 1724 568 humanitatis

45 588 199 630 curiam
241 589 332 644 pori
372 590 480 643 regis
524 591 694 633 intravit
725 592 749 632 i.
774 605 807 633 e.
832 592 939 633 hunc
982 592 1201 646 mundum,
1243 594 1453 649 explicans
1493 599 1644 638 statum
1686 601 1726 639 et

45 660 271 714 potentiam
313 674 434 715 quam
478 674 601 715 porus
642 675 712 703 rex
748 663 771 703 i.
797 676 829 704 e.
855 663 1054 718 dyabolus
1094 664 1135 705 in
1176 664 1251 705 hoc
1289 666 1440 707 mundo
1481 666 1645 720 habuit,
1685 673 1726 710 et

44 743 145 772 vasa
176 744 302 773 aurea
335 736 375 774 et
407 735 602 785 argentea
634 746 770 775 secum
806 734 966 776 auferre
998 735 1144 777 nititur
1166 739 1375 790 tamquam
1400 738 1580 793 propria.
1616 738 1726 781 Vasa

43 814 170 844 aurea
201 806 242 844 et
273 807 469 856 argentea
500 807 595 844 sunt
628 817 767 846 omnes
802 804 879 858 hii,
921 805 989 859 qui
1029 819 1052 847 a
1092 810 1277 862 tempore
1310 807 1385 850 ade
1416 808 1522 864 lapsi
1554 812 1650 852 sunt
1681 810 1723 852 in

42 872 291 928 profundum
327 887 454 928 usque
487 874 539 915 ad
571 875 894 918 incarnationem
929 877 1042 918 cristi
1075 880 1115 918 et
1147 891 1287 920 omnes
1325 880 1456 921 sancti
1497 884 1538 922 et
1570 881 1723 935 princi-

42 956 115 998 pes
147 945 216 999 qui
249 945 423 987 eundem
458 945 739 988 allexandrum
775 948 800 988 i.
825 961 858 989 e.
883 948 1051 989 eristum
1085 948 1275 991 adierunt
1306 954 1347 992 et
1385 950 1428 992 in
1465 964 1557 993 eum
1591 951 1722 994 credi-

41 1013 211 1069 derunt,
260 1020 300 1058 et
344 1030 491 1072 porum
539 1031 698 1071 regem,
746 1018 772 1060 i.
816 1032 849 1061 e.
888 1018 1130 1074 dyabolum,
1175 1019 1449 1075 reliquerunt,
1499 1023 1720 1065 secundum

40 1084 194 1128 dictum
228 1087 364 1129 cristi:
398 1101 470 1129 vos
493 1088 563 1142 qui
595 1089 723 1131 secuti
756 1090 855 1132 estis
877 1103 943 1132 me
975 1094 1050 1132 etc.
1086 1091 1182 1145 quia
1213 1092 1263 1134 ab
1295 1091 1534 1135 allexandro
1557 1107 1720 1148 magno,

40 1155 66 1198 i.
91 1169 125 1199 e.
148 1157 287 1212 cristo,
320 1171 473 1213 magna
493 1173 665 1202 munera
697 1164 957 1216 acceperunt,
990 1161 1098 1203 unde
1129 1162 1368 1218 centuplum
1401 1164 1650 1220 accipieritis
1682 1169 1723 1208 et

40 1227 166 1270 vitam
200 1232 384 1272 eternam
417 1231 694 1286 possidebitis.

727 1425 831 1481 199,
864 1439 967 1482 app.
990 1426 1033 1470 3.

156 1518 365 1562 Adrianus
396 1521 599 1575 regnavit,
631 1522 674 1563 in
706 1522 822 1576 cujus
854 1521 1029 1576 imperio
1061 1525 1152 1564 erat
1176 1522 1342 1577 quidam
1365 1522 1484 1566 miles
1507 1524 1575 1579 qui
1608 1526 1722 1580 equi-

39 1593 126 1632 tare
172 1591 365 1646 cupiebat
410 1605 485 1647 per
531 1593 738 1647 quandam
778 1593 1002 1636 civitatem.
1054 1593 1219 1635 Accidit
1264 1594 1372 1648 quod
1411 1595 1610 1650 pergebat
1647 1609 1722 1651 per

39 1661 245 1715 quoddam
279 1662 486 1705 desertum
528 1668 569 1706 et
608 1678 700 1707 ecce
738 1664 947 1707 horribilis
987 1664 1109 1707 draco
1150 1678 1200 1707 ex
1238 1678 1322 1707 una
1359 1669 1478 1720 parte
1509 1666 1641 1719 jacuit
1679 1667 1722 1709 in

38 1731 106 1774 via
137 1746 257 1787 quam
291 1747 464 1789 pergere
497 1734 650 1790 debuit,
685 1739 725 1778 et
749 1735 811 1778 leo
836 1749 886 1778 ex
919 1735 1050 1779 altera
1081 1736 1141 1778 ita
1173 1736 1281 1791 quod
1311 1736 1431 1779 miles
1462 1737 1591 1779 voluit
1611 1738 1721 1780 viam

37 1802 245 1847 dimittere
277 1808 318 1847 et
347 1807 523 1858 reverti;
556 1807 778 1849 dummodo
811 1807 963 1849 reverti
995 1807 1160 1850 volebat
1182 1807 1285 1849 vidit
1308 1821 1422 1850 mare
1445 1812 1540 1864 post
1559 1813 1721 1863 tergum

37 1874 227 1928 angelum
269 1879 448 1918 stantem
490 1880 531 1919 et
569 1878 832 1932 evaginatum
864 1878 1045 1932 gladium
1084 1879 1128 1920 in
1160 1891 1242 1920 una
1273 1892 1398 1921 manu
1430 1879 1648 1922 habentem
1682 1884 1722 1922 et

36 1944 168 1988 altera
205 1959 302 1989 vero
341 1960 467 1989 manu
504 1961 698 1991 coronam
740 1963 907 1992 auream
947 1953 987 1992 et
1027 1949 1133 1992 dixit
1170 1949 1294 1992 militi
1334 1950 1490 2006 Sperne
1527 1951 1719 1994 resistere

33 2019 122 2059 tere
152 2021 308 2059 sertum
341 2017 448 2060 dabo
480 2019 569 2063 sine
599 2019 694 2063 fine.
1307 2019 1309 2021 ’

151 2089 326 2132 Μίετίσε.
373 2088 492 2132 Miles
531 2087 609 2134 iste
647 2105 823 2147 pergens
863 2092 916 2135 ad
947 2092 1156 2135 civitatem
1191 2096 1254 2135 est
1285 2092 1459 2147 quilibet
1489 2092 1718 2136 Cristianus

35 2158 104 2213 qui
143 2159 276 2201 tendit
315 2159 376 2202 ire
415 2174 556 2204 versus
597 2163 789 2218 patriam,
833 2164 931 2219 quia
967 2163 1112 2206 civitas
1152 2163 1302 2206 dicitur
1341 2178 1431 2207 esse
1471 2165 1609 2220 patria
1645 2178 1718 2207 3311

33 2228 166 2272 33111111
199 2230 307 2274 unde
338 2232 451 2274 canit
482 2233 610 2275 eciam
643 2234 694 2276 de
727 2235 925 2291 apostolis
957 2235 1067 2278 cives
1100 2235 1199 2277 estis
1233 2239 1273 2278 et
1304 2235 1519 2278 domestici
1542 2236 1607 2278 dei
1639 2240 1713 2278 etc.

33 2298 153 2343 Hlum
199 2305 362 2357 oportet
400 2303 534 2358 primo
572 2304 633 2347 ire
672 2305 724 2347 ad
762 2306 970 2349 desertum
1013 2306 1134 2361 huJus
1173 2306 1316 2348 mundi
1356 2320 1410 2349 sc.
1451 2321 1524 2363 per
1564 2307 1715 2350 multas

32 2371 339 2416 tribulaciones.
373 2372 508 2416 Draco
541 2379 603 2417 est
633 2389 728 2418 caro
761 2380 832 2419 1113
863 2377 1035 2433 propria
1057 2391 1179 2432 quam
1206 2377 1329 2420 debes
1361 2378 1512 2421 habere
1544 2379 1595 2420 ad
1626 2391 1715 2421 cor-

32 2441 250 2496 rigendum
282 2445 472 2498 negando
504 2445 756 2490 voluntatem
791 2461 922 2502 suam,
963 2448 1027 2491 leo
1060 2448 1086 2490 i.
1111 2463 1144 2491 e.
1169 2448 1367 2504 dyabolus
1400 2449 1465 2492 3111
1496 2449 1618 2492 debes
1650 2463 1713 2492 re-

33 2513 180 2557 sistere
209 2518 256 2557 ut
284 2515 424 2570 fugam
458 2516 528 2559 det
559 2530 583 2559 a
613 2521 654 2560 te
685 2519 754 2573 qui
786 2532 950 2574 semper
981 2519 1099 2574 quasi
1120 2519 1184 2562 leo
1205 2520 1373 2574 rugiens
1395 2534 1569 2576 querens
1592 2534 1711 2576 quem

32 2583 214 2628 devoret.
266 2585 379 2629 Mare
410 2587 437 2629 i.
462 2601 495 2629 e.
518 2588 696 2631 mundus
736 2590 833 2644 quia
869 2589 1042 2632 fluctuat
1079 2594 1120 2632 et
1159 2590 1365 2633 instabilis
1405 2594 1466 2633 est
1502 2595 1548 2633 ut
1585 2605 1710 2634 mare.

31 2653 171 2698 Etiam
203 2669 317 2700 mare
356 2661 419 2700 est
454 2658 749 2712 infrigedatum
788 2664 829 2702 et
865 2661 924 2702 sic
955 2660 1076 2702 homo
1116 2661 1390 2716 infrigedatur
1420 2676 1495 2718 per
1525 2662 1711 2704 multitu-

32 2724 171 2769 dinem
201 2732 477 2783 peccatorum.
531 2728 641 2783 Ergo
675 2743 816 2772 versus
849 2731 908 2772 sic
940 2731 1062 2774 debet
1093 2733 1265 2787 exponi:
1306 2731 1464 2788 Sperne
1505 2745 1559 2775 sc.
1593 2746 1711 2775 mun-

32 2795 150 2852 dum,
181 2798 327 2842 resiste
359 2812 414 2842 sc.
448 2798 625 2852 diabolo,
657 2804 744 2843 tere
776 2814 939 2857 semper
970 2815 1135 2844 carnem
1169 2807 1210 2844 et
1240 2803 1299 2845 sie
1330 2807 1482 2845 sertum
1515 2804 1543 2845 i.
1577 2817 1610 2846 3.
1644 2816 1710 2846 30-

31 2879 174 2910 ronam
204 2869 355 2925 recipis
387 2870 476 2913 sine
507 2869 586 2912 fine
608 2883 782 2926 ,semper
812 2872 857 2914 in
887 2885 1014 2926 regno
1045 2871 1238 2916 celorum.

1351 3018 1428 3053 39*
