1949 3162
157 536 177 570 5

138 891 180 925 10

143 1245 183 1278 15

142 1602 186 1636 20

145 1957 189 1992 25

149 2396 194 2430 30

998 61 1083 103 426

859 185 960 227 off.
988 186 1082 227 100.
1113 184 1216 236 (92.)

205 277 339 337 Quod
376 276 576 336 Christus
613 279 894 334 peccatorem
938 287 1032 317 non
1076 271 1223 316 statim
1263 284 1348 330 per
1368 267 1595 327 justitiam
1623 267 1874 327 precipitat,

480 359 559 404 sed
591 356 936 403 misericorditer
973 369 1070 399 eum
1100 354 1365 413 penitentem
1402 355 1608 411 expectat.

321 456 606 498 Dioclesianus
638 453 839 507 regnavit,
873 452 941 506 qui
975 451 1120 492 statuit
1152 463 1224 505 pro
1246 449 1350 503 lege,
1384 447 1492 502 quod
1515 447 1549 489 si
1571 445 1718 488 mulier
1740 444 1879 500 aliqua

203 528 278 570 sub
311 528 396 569 viro
434 540 506 569 suo
548 529 656 568 esset
695 524 947 575 adulterata,
988 521 1114 563 occidi
1155 521 1333 563 deberet.
1391 518 1554 561 Accidit
1590 530 1730 570 casus,
1771 515 1879 571 quod

204 599 370 654 quidam
412 598 530 640 miles
571 596 777 651 quandam
818 594 997 649 puellam
1036 594 1078 634 in
1118 605 1288 633 uxorem
1330 590 1448 632 duxit
1496 594 1537 632 et
1575 601 1624 630 ex
1666 601 1715 630 ea
1752 600 1880 629 unum

202 669 331 711 filium
363 669 523 722 genuit3
558 668 687 709 crevit
718 680 818 722 puer
851 669 891 707 et
923 665 972 706 ab
996 663 1184 705 omnibus
1218 666 1278 704 631
1306 662 1490 704 dilectus.
1537 659 1638 702 Post
1666 659 1741 701 hec
1764 662 1880 714 pater

205 742 290 795 ejus
325 740 374 782 ad
408 739 612 801 quoddam
645 738 796 780 bellum
829 737 1014 792 perrexit
1045 739 1085 778 et
1118 734 1292 776 viriliter
1331 732 1549 788 pugnavit,
1589 731 1630 773 in
1664 743 1743 785 quo
1775 728 1880 771 bello

204 812 416 855 brachium
440 812 630 853 dextrum
655 809 804 851 amisit.
854 808 1021 850 Interim
1046 820 1091 849 eo
1115 806 1290 848 abeunte
1314 817 1416 845 uxor
1437 803 1524 857 ejus
1547 805 1609 845 est
1630 800 1880 852 adulterata3

204 884 312 926 redit
333 883 519 936 maritus,
553 881 827 923 adulteratam
856 879 1034 930 invenit3
1068 877 1175 920 unde
1198 875 1419 919 secundum
1442 874 1574 928 legem
1595 872 1768 915 maritus
1791 884 1881 914 eam

206 955 390 997 occidere
432 954 619 1004 deberet3
660 951 822 993 vocavit
858 950 987 992 filium
1021 963 1139 991 suum
1173 952 1213 990 et
1251 947 1328 989 ait:
1368 945 1610 997 Carissime,
1649 947 1781 986 mater
1811 946 1884 984 tua

207 1026 453 1068 adulterium
495 1023 720 1074 commisit,
760 1022 867 1063 unde
907 1021 1130 1062 secundum
1169 1019 1301 1072 legem
1341 1031 1414 1072 per
1448 1030 1514 1058 me
1552 1015 1657 1057 mori
1696 1014 1882 1066 deberet3

207 1098 277 1140 sed
317 1096 529 1139 brachium
571 1094 711 1147 amisi,
751 1093 842 1135 ideo
882 1106 962 1133 non
1002 1095 1146 1146 potero
1187 1103 1277 1132 eam
1321 1088 1524 1139 occidere3
1565 1086 1749 1142 precipio
1787 1097 1884 1139 ergo

207 1169 302 1222 tibi,
344 1172 389 1210 ut
428 1181 518 1209 eam
561 1165 733 1208 occidas.
789 1164 862 1206 Ait
899 1162 1028 1204 filius:
1069 1162 1155 1204 Lex
1187 1161 1391 1217 precepit,
1435 1161 1628 1215 parentes
1659 1157 1883 1208 honorare3

209 1241 243 1282 si
275 1253 370 1293 ergo
394 1239 583 1281 deberem
607 1236 819 1293 propriam
842 1238 1017 1277 matrem
1051 1233 1248 1285 occidere,
1281 1235 1424 1273 contra
1445 1230 1577 1284 legem
1601 1231 1885 1284 perpetrarem

209 1316 249 1354 et
280 1311 424 1353 matris
450 1309 783 1351 malediccionem
816 1308 1090 1357 incurrerem3
1124 1305 1217 1346 nolo
1250 1304 1325 1346 tibi
1357 1303 1399 1345 in
1420 1302 1496 1344 hoc
1529 1300 1706 1343 obedire.
1751 1298 1808 1341 Et
1828 1297 1886 1340 sic

209 1383 357 1425 mulier
388 1395 461 1437 per
491 1380 622 1422 filium
656 1379 786 1422 evasit
816 1382 1004 1420 mortem.

327 1452 562 1505 Carissimi,
610 1452 687 1493 iste
733 1451 960 1505 imperator
1008 1452 1070 1490 est
1116 1447 1214 1489 deus
1255 1450 1392 1502 pater,
1438 1443 1557 1487 miles
1597 1446 1661 1485 est
1700 1441 1888 1483 dominus

210 1529 349 1568 noster
381 1524 522 1566 Ihesus
555 1522 764 1575 Christus,
798 1535 902 1563 uxor
941 1520 1090 1562 anima.
1145 1519 1258 1561 Deus
1290 1522 1408 1573 pater
1439 1514 1645 1571 precepit,
1684 1513 1717 1555 si
1751 1512 1889 1555 anima

212 1597 286 1639 sub
320 1595 482 1638 Christo
523 1594 755 1636 adulterata
792 1593 937 1646 fuerit,
978 1591 1107 1634 occidi
1148 1590 1317 1632 deberet
1355 1586 1612 1640 eternaliter,
1652 1581 1808 1627 scilicet
1845 1582 1890 1624 in

211 1668 330 1723 penis
363 1679 625 1722 permanere,
667 1669 706 1707 et
738 1665 931 1719 quociens
965 1663 1102 1705 anima
1132 1661 1364 1703 mortaliter
1395 1662 1557 1715 peccat,
1588 1656 1744 1699 tociens
1776 1653 1891 1697 adul-

213 1743 381 1782 teratur.
438 1737 549 1780 Deus
590 1735 713 1790 [7932]
755 1735 863 1777 filius
903 1738 1046 1776 contra
1086 1732 1293 1775 diabolum
1337 1731 1387 1773 ad
1419 1730 1569 1772 bellum
1603 1726 1808 1784 perrexit,
1847 1725 1891 1767 111

215 1824 292 1865 quo
327 1810 431 1852 bello
463 1808 676 1851 brachium
709 1807 899 1849 dextrum
936 1803 1177 1861 [deposuit],
1211 1803 1367 1846 scilicet
1397 1814 1560 1843 omnem
1593 1798 1890 1849 austeritatem,

215 1895 335 1936 quam
377 1885 471 1922 ante
509 1879 835 1921 incarnationem
874 1878 961 1932 ejus
1007 1876 1161 1918 habuit.
1224 1875 1318 1917 Ideo
1363 1875 1602 1915 mansuetus
1641 1871 1775 1912 factus
1816 1870 1891 1920 est,

216 1953 331 2007 quasi
371 1965 521 2006 agnuS,
567 1964 649 1992 non
689 1950 778 1991 vult
816 1962 889 1990 nos
929 1948 1125 1990 occidere.
1188 1946 1267 1988 Sed
1306 1945 1405 1987 deus
1447 1947 1565 1999 pater
1603 1940 1808 1997 precepit,
1848 1941 1894 1980 ut

216 2024 446 2074 occidatur3
478 2021 693 2077 respondit
723 2020 852 2062 filius:
893 2019 1068 2061 Carnem
1101 2019 1320 2060 humanam
1353 2017 1403 2059 de
1434 2018 1565 2057 matre
1596 2026 1690 2055 mea
1719 2009 1892 2065 sumpsi,

217 2099 257 2138 et
293 2095 383 2136 ideo
423 2094 630 2135 hominem
672 2092 855 2134 occidere
896 2104 978 2132 non
1016 2094 1172 2145 potero.
1226 2089 1282 2132 Et
1321 2089 1379 2130 sic
1416 2089 1608 2143 peccator
1637 2097 1711 2140 per
1742 2080 1893 2124 contri-

217 2167 375 2208 cionem
408 2169 449 2207 et
479 2164 776 2206 confessionem
809 2162 982 2205 evadere
1013 2165 1150 2216 potest
1178 2160 1290 2203 etad
1311 2160 1439 2202 vitam
1460 2161 1643 2200 eternam
1665 2152 1893 2210 pervenire,

218 2239 269 2280 ad
302 2251 423 2292 quam
457 2240 531 2279 etc.

872 2393 973 2435 CAP.
1003 2394 1096 2434 101.
1130 2393 1232 2443 (93.)

292 2483 427 2543 Quod
461 2483 655 2527 mundus
693 2484 741 2526 tn
777 2481 976 2540 moliyno
1006 2481 1185 2539 positus
1222 2484 1284 2523 est
1318 2483 1357 2522 et
1390 2475 1587 2535 undique
1623 2472 1836 2532 anqustie.

339 2593 542 2634 Narratur
588 2590 636 2632 de
685 2590 859 2644 quodam
908 2589 1072 2630 homine
1132 2587 1297 2629 nomine
1345 2583 1569 2634 Ganterus,
1614 2581 1722 2637 quod
1760 2580 1895 2622 locum

224 2664 428 2718 gaudendi
468 2663 556 2704 sine
595 2661 673 2703 fine
712 2661 898 2716 optabat3
943 2660 1118 2714 quadam
1160 2658 1224 2699 die
1263 2669 1384 2698 mane
1422 2653 1601 2696 surrexit
1632 2657 1673 2696 et
1703 2651 1812 2694 solus
1845 2650 1897 2692 ad

224 2736 333 2777 viam
374 2733 630 2785 ambulabat,
678 2746 886 2786 quousque
934 2731 984 2773 ad
1023 2730 1228 2785 quoddam
1266 2740 1437 2781 regnum
1479 2725 1689 2781 pervenit,
1735 2723 1778 2765 in
1818 2735 1896 2777 quo

155 2814 199 2847 35
225 2821 298 2848 rex
337 2806 446 2848 illius
485 2805 602 2858 regni
641 2803 855 2845 defunctus
893 2816 1026 2858 nuper
1063 2804 1162 2843 erat.
1217 2799 1391 2854 Satrape
1428 2797 1544 2851 regni
1581 2796 1765 2838 videntes
1804 2807 1896 2836 eum

227 2884 461 2930 strenuum,
502 2876 615 2917 illum
655 2875 697 2916 in
729 2888 866 2927 regem
907 2874 1136 2927 elegerunt3
1175 2871 1245 2913 ille
1285 2883 1380 2912 vero
1412 2869 1470 2910 316
1502 2868 1655 2910 61661113
1687 2865 1805 2908 valde
1836 2868 1899 2907 est

226 2950 403 3004 gavisus.
442 2948 542 2991 Cum
569 2951 702 2988 autem
727 2959 809 2987 nox
833 2945 1008 2999 adesset,
1030 2944 1137 2986 servi
1160 2956 1252 2985 eum
1275 2943 1317 2984 in
1340 2953 1542 2983 cameram
1565 2937 1896 2990 introduxerunt,
