1949 3162
983 99 1066 140 618

186 212 428 255 defuturis.
484 210 577 251 Ideo
616 209 766 251 dicitur
806 208 847 248 in
889 205 1021 260 primo
1054 216 1194 246 versu:
1236 201 1431 253 Peccavi‚
1470 212 1631 242 cessare
1662 197 1754 240 volo
1787 200 1863 239 eto.

188 283 420 327 Secundum
453 295 555 337 opus
588 284 650 322 est
681 279 857 321 libenter
889 276 990 318 satis
1022 276 1158 316 facere
1189 274 1230 315 in
1264 277 1462 327 quantum
1495 274 1651 325 potest,
1684 268 1779 310 [deo
1811 269 1868 309 2¹¹³

188 367 330 397 versus
353 353 474 394 dicit:
509 352 738 407 penitentia
759 362 825 390 me
847 348 1022 390 libenter
1056 345 1248 398 affligam.
1298 343 1485 384 Tercium
1520 344 1582 382 est
1614 340 1663 381 de
1695 339 1760 381 dei
1792 338 1868 380 mi-

188 424 411 468 sericordia
453 423 573 478 plene
613 421 836 471 confidere,
884 419 978 461 ldeo
1017 418 1059 459 in
1098 416 1224 459 tercio
1267 428 1408 456 versu:
1449 413 1595 454 Totam
1630 424 1745 466 spem
1788 413 1863 452 etc.

189 497 342 547 Quarto
376 497 539 550 oportet
570 507 671 548 opus
704 491 869 547 pietatis
904 502 1108 539 exercere,
1142 487 1234 528 ldeo
1267 487 1324 526 4¹¹⁸·
1355 498 1495 526 versus
1528 483 1646 525 dicit:
1681 494 1871 524 exercere

191 568 281 609 volo
315 571 388 609 etc.
423 565 573 616 Quinto
607 568 769 619 oportet
802 562 987 603 homines
1020 561 1060 601 in
1095 559 1200 600 bono
1234 569 1499 612 perseverare
1532 554 1628 608 quia
1659 553 1747 595 sola
1779 566 1870 608 per-

191 638 430 681 severancia
462 639 630 677 coronat
664 639 708 676 ut
739 634 838 675 dicit
870 632 1060 673 dominus
1092 630 1133 671 in
1168 628 1413 681 ewangelio:
1447 626 1524 676 Qui
1547 624 1874 681 perseveraverit

191 711 232 751 in
264 708 385 750 finem
421 707 557 749 salvus
591 706 680 747 erit.
734 705 788 747 Et
819 704 894 745 hoc
927 703 1166 755 designatur
1206 713 1279 754 per
1318 698 1508 740 ultimum
1548 709 1709 738 versum
1744 708 1798 737 sc.
1830 695 1872 736 in

192 781 278 822 vita
309 780 415 821 bona
450 777 731 834 perseverabo.

864 956 973 1010 208,
1007 968 1111 1010 app.
1138 954 1205 997 12.

313 1064 453 1105 Refert
485 1063 584 1104 titus
618 1061 739 1102 livius
763 1059 869 1113 quod
902 1058 1071 1099 inventa
1099 1057 1234 1097 fuerat
1265 1068 1408 1096 mensa
1440 1065 1564 1095 aurea
1596 1055 1638 1093 et
1668 1050 1878 1093 consultus

197 1135 361 1191 appollo
395 1135 459 1176 cui
492 1133 581 1175 dari
614 1132 801 1183 deberet‚
843 1128 1059 1184 respondit
1098 1127 1204 1181 quod
1245 1125 1504 1180 sapieneiori.
1557 1122 1732 1178 Propter
1771 1121 1880 1176 quod

197 1207 294 1249 data
324 1206 403 1247 fuit
434 1203 680 1260 philosopho
714 1203 822 1244 dicto
855 1201 972 1242 tales.
1007 1200 1087 1240 lste
1121 1202 1256 1240 autem
1289 1197 1393 1238 tales
1426 1210 1476 1238 ex
1500 1194 1734 1236 humilitate
1765 1193 1880 1234 misit

197 1292 287 1320 eam
322 1277 441 1330 biaci,
476 1276 564 1318 bias
598 1275 716 1316 alteri
751 1277 791 1315 et
823 1273 882 1314 sic
914 1284 1043 1326 usque
1076 1269 1126 1311 ad
1159 1269 1380 1324 septimum
1405 1268 1632 1322 sapientem
1664 1277 1878 1318 grecorum

198 1363 252 1391 sc,
279 1349 532 1390 salomonem
563 1346 631 1400 qui
665 1347 705 1387 in
746 1358 793 1386 ea
833 1343 969 1399 pinxit
1006 1341 1242 1397 ymaginem
1274 1339 1520 1381 humilitatis
1552 1341 1592 1380 et
1621 1336 1761 1392 posuit
1790 1348 1880 1377 eam

198 1422 240 1462 in
272 1419 473 1475 templum
507 1417 722 1473 apollonis.
776 1416 933 1468 Ymago
974 1418 1109 1455 autem
1150 1411 1396 1454 humilitatis
1436 1409 1581 1452 habuit
1611 1411 1735 1463 caput
1764 1405 1882 1448 incli-

198 1495 341 1534 natum
373 1492 415 1532 in
449 1491 608 1543 signum
645 1487 752 1542 quod
784 1486 956 1528 humilia
987 1485 1168 1540 respicit.
1203 1482 1349 1525 Manus
1371 1481 1576 1537 ymaginis
1607 1479 1883 1522 fustiebantur

200 1563 357 1605 duabus
391 1562 480 1615 alis7
513 1561 637 1616 pedes
670 1559 828 1601 duabus
862 1558 937 1599 alis
971 1561 1012 1599 et
1043 1559 1186 1612 pectus
1220 1568 1300 1596 una
1332 1553 1408 1595 ala.
1449 1552 1493 1594 In
1527 1551 1591 1593 ala
1623 1551 1766 1592 dextre
1795 1563 1882 1592 ma-

200 1649 277 1676 nus
311 1638 400 1676 erat
430 1634 508 1674 iste
542 1645 683 1673 versus
716 1631 915 1685 scriptus:
958 1628 1056 1670 Sum
1098 1640 1192 1669 caro
1226 1626 1420 1681 despecta
1457 1623 1562 1665 cutis
1600 1621 1766 1677 hispida
1796 1634 1885 1663 cor-

201 1720 302 1761 pore
343 1708 464 1747 tecta.
518 1703 563 1745 In
603 1702 668 1744 ala
700 1702 867 1744 sinistre
899 1713 1046 1742 manus
1080 1702 1168 1741 erat
1198 1698 1276 1739 iste
1309 1709 1469 1738 versus:
1510 1693 1683 1736 Conscie
1715 1692 1883 1748 deploro

203 1777 364 1818 veniam
398 1775 498 1817 mihi
532 1775 646 1816 cuius
690 1788 773 1815 oro.
827 1774 872 1815 ln
912 1772 976 1814 ala
1016 1772 1159 1813 dextre
1198 1769 1315 1824 pedis
1349 1771 1438 1809 erat
1468 1767 1545 1808 iste
1577 1778 1740 1807 versus:
1784 1763 1884 1806 Sum

204 1862 318 1890 mens
351 1847 507 1888 inculta
539 1845 691 1900 desipit
724 1848 835 1886 errat
867 1843 1018 1885 adulta.
1061 1842 1106 1883 ln
1139 1841 1308 1883 alterius
1340 1839 1457 1894 pedis
1490 1837 1556 1879 ala
1587 1836 1765 1892 scriptus
1798 1838 1888 1877 erat

204 1932 375 1961 versus:
425 1918 523 1959 Sum
564 1918 636 1973 pia
676 1916 806 1958 dulcis
848 1929 916 1958 ero
957 1914 1118 1956 veniam
1163 1926 1245 1954 non
1281 1910 1485 1965 judicium
1532 1922 1666 1964 spero.
1728 1906 1775 1948 In
1822 1905 1888 1947 ala

205 1991 383 2046 pectoris
417 1991 593 2044 scriptus
627 1992 716 2030 erat
748 1988 825 2029 iste
858 2000 1022 2028 versus:
1058 1984 1125 2026 Sic
1158 1997 1247 2026 sum
1272 1982 1437 2037 depicta
1458 1981 1538 2023 cito
1563 1992 1788 2035 persequar
1813 1976 1888 2018 hec

206 2062 276 2117 pia
307 2061 428 2102 dicta.

324 2134 396 2174 Ad
421 2135 697 2188 2⁷)›·0].›05it2(m.
743 2130 851 2172 Vera
872 2128 1083 2171 humilitas
1106 2126 1230 2168 habet
1251 2125 1432 2179 quinque
1454 2123 1583 2165 bonas
1615 2119 1887 2163 condiciones.
1936 2146 1940 2149 ψ

207 2204 350 2246 Prima
382 2208 443 2245 est
474 2203 582 2257 quod
615 2216 708 2244 vere
741 2201 907 2243 humilis
946 2202 1112 2255 reputat
1149 2210 1191 2239 se
1225 2196 1347 2238 vilem
1379 2207 1517 2236 coram
1550 2192 1740 2234 omnibus
1774 2189 1888 2232 sicud

209 2275 332 2317 david
373 2275 423 2316 ad
465 2274 640 2316 saulem:
690 2273 784 2328 qnid
834 2271 1094 2327 persequeris
1140 2282 1205 2310 res
1252 2267 1375 2309 israel
1421 2278 1563 2308 canem
1605 2267 1810 2305 mortuum
1851 2264 1891 2302 et

211 2347 388 2402 pulicem
429 2347 581 2387 vivum.
645 2345 689 2386 ln
729 2344 844 2397 cujus
884 2344 1044 2396 signum
1086 2339 1341 2382 scribebatur
1383 2337 1540 2392 primus
1579 2347 1741 2377 versus:
1790 2332 1889 2374 Sum

211 2431 304 2460 caro
346 2422 420 2459 etc.
487 2416 675 2458 Secunda
714 2415 897 2456 condicio
939 2428 1033 2456 vere
1074 2411 1241 2454 humilis
1280 2413 1449 2465 peccata
1495 2406 1683 2462 deplorat
1728 2403 1889 2446 veniam

212 2489 435 2531 exhortans
467 2501 558 2530 cum
595 2487 811 2542 publicano
845 2486 913 2539 qui
947 2484 1150 2540 percussit
1181 2485 1323 2538 pectus
1363 2481 1522 2522 dicens:
1561 2476 1773 2534 propicius
1805 2477 1910 2535 esto*

213 2560 337 2602 michi
372 2559 588 2614 peccatori.
643 2559 683 2598 3²¹
716 2557 900 2599 condicio
934 2570 1028 2597 vere
1062 2554 1228 2596 humilis
1261 2555 1427 2607 reputat
1459 2564 1502 2592 se
1533 2548 1695 2591 exulem
1728 2550 1768 2588 et
1799 2558 1891 2600 par-

214 2645 308 2672 vum
343 2631 455 2672 sicud
479 2630 681 2672 Je1·emias
715 2629 813 2670 dicit
843 2629 880 2669 A
914 2642 937 2669 a
969 2642 992 2669 a
1024 2627 1187 2668 domine
1221 2625 1320 2666 deus
1352 2622 1490 2664 nescio
1520 2620 1634 2674 loqui
1665 2618 1761 2672 quia
1791 2629 1893 2671 puer

214 2716 287 2755 ego
328 2716 439 2754 sum,
479 2706 520 2743 et
557 2704 675 2742 notat
705 2699 774 2741 ille
807 2712 968 2741 versus:
1012 2698 1110 2740 Sum
1153 2709 1267 2738 mens
1298 2693 1466 2736 inculta.
1521 2691 1677 2742 Quarta
1707 2687 1892 2731 condicio

215 2778 277 2815 est
309 2773 417 2815 bona
449 2772 638 2828 operacio
672 2771 807 2825 quoad
840 2771 1051 2825 proximos
1083 2769 1174 2810 ideo
1198 2766 1368 2808 dicitur:
1399 2778 1489 2806 sum
1511 2763 1604 2818 pius
1626 2765 1702 2804 etc.
1742 2759 1895 2810 Quinta

216 2844 401 2886 condicio
435 2847 629 2899 prompta
661 2841 899 2884 obediencia
931 2845 976 2883 ut
1007 2841 1127 2883 beata
1158 2839 1273 2892 virgo
1307 2837 1465 2878 dicens:
1504 2834 1611 2877 Ecce
1643 2831 1794 2874 ancilla
1823 2830 1895 2872 do-

217 2915 319 2957 mini
353 2918 429 2957 etc.
463 2915 558 2957 Ideo
589 2915 633 2957 in
665 2914 708 2954 5⁰
733 2926 853 2955 versu
886 2912 1056 2954 dicitur:
1089 2910 1180 2952 Cito
1213 2920 1439 2965 persequar
1468 2906 1496 2948 i.
1520 2919 1553 2948 e.
1576 2903 1790 2959 complebo
1822 2901 1896 2945 hec

218 2986 289 3041 pia
319 2986 441 3029 dicta.
