1949 3162
960 51 1046 93 486

274 158 502 212 Carissimi,
534 171 607 200 rex
630 158 708 200 iste
731 162 792 200 est
814 158 927 211 deus,
958 158 1072 200 dives
1096 171 1219 212 super
1241 157 1400 209 omnia3
1432 170 1554 212 preco
1577 157 1837 213 proclamans

158 234 220 272 est
249 230 503 285 predicator,
545 229 614 283 qui
653 229 773 271 dicit:
813 228 946 271 Petite
987 233 1027 271 et
1066 228 1298 283 accipietis,
1339 229 1496 282 querite
1528 233 1569 271 et
1598 228 1836 271 invenietis!

157 300 318 343 Divites
351 304 392 342 et
423 300 564 342 mundi
598 304 786 355 potentes
809 314 900 342 cum
924 300 1038 342 illum
1063 300 1284 341 clamorem
1318 299 1549 353 audierunt,
1582 300 1721 342 statim
1745 312 1837 342 cum

158 372 269 413 omni
301 371 441 413 labore
473 376 629 424 castra,
669 372 877 425 civitates,
921 385 1065 413 aurum
1099 374 1139 412 et
1171 374 1383 424 argentum
1419 371 1631 425 pecierunt
1662 375 1703 413 et
1733 370 1839 414 obti-

111 450 132 483 5
157 446 358 494 nuerunt;
392 442 462 484 sed
495 442 682 485 Christus
714 446 874 484 tantum
909 442 958 484 de
988 442 1207 483 mundanis
1240 442 1352 483 dedit
1384 441 1456 495 eis,
1490 442 1597 496 quod
1629 441 1755 484 nichil
1775 455 1839 484 re-

158 514 305 567 tinuit,
344 513 471 556 Math.
503 527 566 555 1v:
606 513 760 568 Vulpes
801 514 941 555 foveas
973 513 1125 555 habent
1157 518 1197 555 et
1229 512 1413 554 volucres
1447 513 1522 555 celi
1554 513 1692 565 nidos,
1731 511 1840 555 filius

160 589 297 627 autem
329 584 507 626 hominis
539 598 620 626 non
653 585 776 627 habet
807 585 874 627 ubi
908 588 1033 639 caput
1064 598 1181 625 suum
1215 584 1398 626 reclinet.
1446 583 1606 626 Deinde
1636 597 1840 640 pauperes

158 660 359 698 venerunt
399 660 439 698 et
475 656 601 697 nichil
639 656 783 698 habuit
822 656 880 697 eis
920 656 1017 697 dare
1057 655 1137 696 nisi
1179 655 1429 708 dominium,
1469 659 1510 697 et
1548 655 1606 697 sic
1645 668 1714 698 eos
1745 668 1841 697 con—

159 728 294 769 stituit
326 727 513 769 dominos
550 725 669 781 [112]
705 730 745 768 et
771 727 932 781 judices
965 727 1138 768 divitum
1165 727 1288 780 juxta
1307 726 1409 767 illud
1440 725 1610 768 Matth.:
1642 726 1739 781 Vos,
1772 727 1842 782 qui

90 807 133 842 10
158 799 386 854 reliquistis
420 799 559 840 omnia
591 803 631 840 et
663 800 790 840 secuti
824 798 922 840 estis
954 812 1034 850 me,
1070 797 1264 839 sedebitis
1296 810 1420 852 super
1452 798 1581 851 sedes,
1608 798 1842 852 judicantes

160 870 374 912 duodecim
404 870 537 912 tribus
560 870 686 912 Israel
709 870 808 911 dicit
830 870 1033 922 dominus,
1067 873 1107 911 et
1129 869 1230 910 illud
1253 868 1398 911 Matth.
1422 883 1469 911 v:
1501 868 1618 911 Beati
1639 883 1842 925 pauperes

160 941 329 996 spiritu,
363 942 556 995 quoniam
589 942 773 996 ipsorum
807 945 870 983 est
900 954 1071 994 regnum
1106 940 1299 982 celorum.
1355 940 1516 982 Divites
1548 941 1625 983 hoc
1658 940 1842 984 videntes

160 1012 357 1055 deberent
387 1013 564 1055 multum
596 1012 755 1066 dolere,
791 1013 899 1067 quod
931 1025 1156 1067 pauperes,
1190 1012 1259 1066 qui
1292 1012 1399 1053 servi
1432 1025 1571 1054 eorum
1604 1012 1771 1055 fuerunt
1799 1012 1844 1054 in

160 1083 237 1126 hoc
270 1084 445 1137 mundo,
488 1084 638 1126 debent
678 1097 766 1126 esse
801 1084 961 1138 judices
1002 1087 1043 1126 et
1074 1083 1228 1124 domini
1261 1096 1401 1124 eorum
1434 1083 1477 1125 in
1509 1083 1608 1125 celo.
1664 1082 1708 1126 Si
1747 1096 1843 1137 ergo

93 1163 134 1197 15
163 1156 407 1198 desideratis
440 1169 531 1198 cum
565 1156 623 1198 eis
656 1169 849 1209 regnare,
889 1155 1051 1196 faciatis
1085 1154 1191 1196 sicut
1220 1154 1406 1196 fecerunt
1438 1155 1518 1196 illi!
1559 1154 1740 1205 Quilibet
1776 1154 1845 1197 det

163 1227 432 1270 elemosinam
476 1231 675 1282 quantum
713 1230 849 1282 potest
881 1226 1154 1282 pauperibus,
1195 1229 1241 1268 ut
1279 1230 1474 1281 poterunt
1510 1226 1648 1269 vivere
1686 1229 1727 1268 et
1757 1226 1845 1268 sine

162 1299 286 1342 dubio
319 1312 411 1341 cum
445 1300 503 1341 eis
536 1298 725 1354 poteritis
756 1299 797 1340 in
831 1302 1018 1340 eternum
1051 1311 1238 1351 regnare.

801 1529 903 1571 CAP.
942 1529 1036 1570 132.
1071 1529 1204 1580 (124.)

349 1617 423 1662 De
460 1618 624 1662 ιἠυἰιῖίε
662 1619 742 1677 qui
778 1617 920 1662 bonos
948 1631 1035 1676 per
1071 1616 1240 1660 malum
1276 1617 1411 1661 vitam
1450 1616 1663 1668 inficiunt.

92 1739 137 1773 20
282 1732 438 1776 Civitas
461 1732 635 1787 quedam
672 1734 773 1785 erat,
806 1731 846 1773 in
881 1744 962 1785 qua
994 1734 1170 1785 quatuor
1202 1730 1349 1785 phisici
1380 1730 1547 1772 fuerunt
1577 1730 1620 1772 in
1645 1729 1850 1772 medicina

163 1805 306 1860 periti3
334 1804 476 1858 junior
508 1803 610 1844 alios
643 1806 726 1844 tres
759 1803 801 1844 in
834 1802 1012 1844 sciencia
1045 1801 1271 1843 excellebat
1300 1802 1526 1853 intantum,
1566 1801 1673 1856 quod
1705 1814 1848 1843 omnes

162 1876 348 1918 infirmos
383 1875 435 1917 ad
467 1888 559 1917 eum
593 1874 805 1916 venientes
845 1874 1032 1915 salvavit.
1089 1872 1205 1923 Quod
1245 1873 1315 1914 alii
1353 1873 1584 1915 invidentes
1621 1872 1723 1915 moti
1754 1875 1850 1914 sunt

164 1952 307 1990 contra
356 1960 448 1989 eum
496 1950 536 1988 et
578 1946 686 1987 inter
726 1959 769 1987 se
817 1945 1031 1987 dixerunt:
1080 1944 1291 1994 Quomodo
1339 1945 1565 2000 poterimus
1608 1945 1734 1986 istum
1779 1956 1850 1986 ex-

165 2018 400 2073 stinguere?
446 2017 553 2059 Ecce
600 2021 709 2059 totus
759 2017 935 2059 mundus
983 2017 1034 2059 ad
1075 2031 1167 2058 eum
1208 2016 1336 2059 currit
1375 2019 1415 2057 et
1452 2015 1578 2057 nichil
1620 2015 1850 2071 poterimus

94 2097 138 2132 25
164 2094 335 2147 propter
367 2103 459 2132 eum
502 2088 666 2130 lucrari.
724 2089 798 2130 Ait
828 2103 933 2130 unus
974 2089 1023 2131 de
1054 2088 1207 2130 tribus:
1248 2087 1315 2129 Ad
1345 2091 1430 2129 tres
1460 2087 1598 2129 leucas
1637 2086 1750 2129 omni
1781 2086 1851 2129 eb-

165 2162 343 2204 domada
384 2161 527 2202 visitat
567 2160 711 2201 ducem
752 2164 793 2202 et
831 2161 895 2202 die
929 2161 1111 2202 crastina
1154 2160 1205 2201 ad
1238 2173 1329 2201 eum
1373 2158 1549 2201 accedet.
1604 2158 1693 2212 Ego
1732 2158 1849 2200 stabo

166 2239 284 2276 extra
316 2233 526 2274 civitatem
561 2231 610 2272 ad
644 2245 765 2272 unam
800 2232 978 2285 leucam,
1019 2236 1063 2273 tu
1104 2245 1198 2273 vero
1239 2231 1290 2272 ad
1323 2230 1544 2272 secundam
1585 2234 1627 2272 et
1662 2229 1767 2272 alius
1799 2229 1851 2271 ad

165 2306 357 2348 terciam!
392 2304 495 2346 Cum
519 2316 614 2345 vero
638 2303 680 2344 in
702 2303 782 2344 fine
805 2304 937 2358 prime
958 2303 1072 2345 leuce
1095 2302 1267 2356 venerit,
1303 2302 1339 2344 ei
1361 2301 1547 2354 obviabo,
1581 2301 1697 2355 signo
1719 2301 1852 2343 crucis

167 2391 232 2419 me
270 2376 441 2429 signabo
481 2377 522 2417 et
560 2374 733 2428 quilibet
773 2378 951 2416 vestrum
993 2374 1184 2416 similiter
1230 2373 1376 2426 faciet,
1423 2373 1493 2414 ille
1538 2386 1636 2415 vero
1683 2385 1851 2414 causam

96 2457 141 2490 30
168 2447 300 2489 crucis
340 2451 503 2501 queret;
544 2446 747 2487 dicemus:
791 2446 998 2501 Leprosus
1037 2446 1168 2487 factus
1209 2458 1264 2486 es.
1325 2443 1380 2486 Et
1418 2458 1468 2486 ex
1506 2444 1654 2486 timore
1691 2444 1852 2499 lepram

167 2519 370 2571 incurret,
411 2519 508 2572 quia
547 2517 646 2558 dicit
678 2517 881 2572 Ypocras:
922 2517 1054 2559 Homo
1093 2518 1244 2558 timens
1282 2515 1440 2570 lepram
1485 2529 1535 2558 ex
1574 2515 1723 2557 timore
1761 2528 1850 2556 eam
1910 2534 1915 2538 “

168 2590 355 2632 incurrit.
387 2589 549 2631 Etcum
572 2589 759 2644 leprosus
781 2589 906 2630 fuerit
928 2588 1064 2630 nullus
1088 2589 1139 2629 ad
1158 2601 1250 2629 eum
1269 2587 1447 2628 accedet.
1473 2586 1588 2636 Quod
1605 2587 1758 2629 factum
1777 2589 1851 2628 est.

289 2661 516 2714 Carissimi,
540 2674 613 2716 per
635 2661 736 2701 istos
759 2663 842 2701 tres
865 2660 1059 2713 medicos,
1085 2660 1153 2713 qui
1176 2663 1368 2713 quartum
1385 2658 1634 2711 inficiebant,
1657 2657 1852 2700 debemus

170 2732 401 2785 intelligere
439 2732 521 2774 tria
559 2731 684 2784 vicia,
728 2745 805 2784 que
843 2732 886 2772 in
924 2731 1004 2773 isto
1038 2728 1195 2771 mundo
1235 2733 1429 2783 regnant,
1469 2728 1625 2771 scilicet
1661 2728 1856 2784 superbia

100 2812 144 2845 35
171 2804 274 2857 vite,
315 2803 654 2859 concupiscencia
695 2803 830 2844 carnis
871 2807 911 2844 et
942 2802 1279 2857 concupiscencia
1316 2799 1545 2851 oculorum3
1585 2799 1650 2842 vel
1688 2800 1856 2854 signant

176 2875 406 2929 diabolum,
456 2875 655 2917 mundum
702 2877 742 2915 et
780 2887 968 2925 carnem3
1014 2873 1085 2915 isti
1126 2876 1223 2915 sunt
1260 2871 1408 2914 medici
1446 2870 1737 2926 reproborum,
1784 2870 1854 2925 qui

265 2957 307 2991 27
335 2956 542 3000 secundam]
570 2961 654 3002 oriy.
673 2954 774 2989 duas.
