1919 3131
54 158 123 200 70.

55 298 125 340 71.

56 438 124 480 72.

57 579 126 620 73.

57 719 126 760 74.

58 788 127 830 75.

61 1070 129 1111 77.

61 1216 130 1258 78.

63 1363 118 1405 79

65 1511 134 1553 80.

64 1657 133 1699 81.

67 1950 134 1992 83.

68 2097 136 2139 84.

69 2243 137 2287 85.

71 2391 138 2433 86.

73 2537 140 2580 87.

75 2683 142 2736 88.

871 50 924 92 27

171 156 234 199 ΒΘ
265 155 398 198 milite
428 155 496 209 qui
519 153 674 196 famulo
697 154 844 210 pedem
868 155 1114 211 amputavit.
1156 154 1275 197 Miles
1299 156 1467 211 quidam
1490 160 1589 198 erat.
1631 155 1678 207 (F
1683 155 1745 198 uss

171 227 254 279 ab.)
302 226 373 268 lat.
402 226 497 267 127.

172 297 236 340 ΒΘ
267 297 412 350 regina
443 308 523 350 que
554 294 683 337 filium
717 295 826 349 regis
859 294 991 338 voluit
1012 294 1210 338 occidere.
1260 296 1492 339 Poncianus
1515 297 1556 338 in
1579 296 1747 338 civitate

172 381 275 409 rom.
326 366 416 419 (Vll
449 379 553 420 sap..
586 365 789 416 rahmen.)
838 379 967 419 germ.
990 367 1060 407 40.

172 437 258 480 Hec
287 437 424 479 forma
456 441 517 478 est
550 436 755 490 quomodo
779 437 978 489 magister
999 449 1173 491 puerum
1195 436 1384 479 salvavit.
1435 436 1746 490 (Fortsetzung3

173 508 230 550 im
262 511 352 550 text
382 506 665 555 fortlaufend.)

174 577 237 620 De
267 578 499 633 leporario.
538 577 700 618 falcone
733 581 774 618 et
806 579 1011 631 serpente.
1069 576 1173 618 Erat
1204 577 1370 630 quidam
1404 577 1536 620 miles.
1593 576 1747 630 fflund,

174 647 249 690 VII
282 647 390 703 sap.)
436 661 564 701 gerni.
589 648 658 688 41.

175 717 239 761 De
270 722 437 773 pastore
470 722 510 760 et
542 730 656 772 apro.
705 716 880 766 Quidam
914 715 1142 771 imperator
1173 721 1274 759 erat.
1325 717 1464 771 (Eber,
1495 716 1567 758 Vll
1599 717 1705 771 sap.)

175 788 237 831 De
276 788 410 830 milite
449 791 490 830 et
529 801 657 829 uxore
699 786 933 829 adulterata
974 790 1016 828 et
1054 787 1180 830 fonte.
1244 787 1419 837 Quidam
1461 791 1551 829 erat
1588 787 1629 828 in
1668 799 1751 827 una

176 859 357 901 civitate.
408 856 751 909 (Hausschlnssel,
780 856 855 898 Vll
888 857 994 912 sap.)

177 929 240 972 De
271 929 405 971 milite
437 928 502 970 cui
534 928 643 969 filius
676 928 718 968 in
750 927 855 968 turri
888 930 1014 983 caput
1045 928 1291 983 amputavit.
1342 926 1557 977 Quondam
1590 930 1680 968 erat
1711 926 1751 967 in

177 999 358 1042 civitate.
409 998 581 1047 (Thurm
614 997 834 1051 Herodots,
865 997 939 1039 VII
973 999 1079 1053 sap.)
1128 1011 1257 1051 germ.
1281 998 1351 1039 42.

177 1069 240 1112 ΒΘ
279 1070 369 1112 cive
400 1073 442 1111 et
472 1081 601 1110 uxore
635 1068 868 1110 adulterata
900 1072 940 1111 et
973 1068 1077 1123 pica.
1134 1068 1246 1110 Civis
1279 1068 1445 1123 quidam
1482 1070 1582 1110 erat.
1638 1066 1754 1108 Ohne

177 1139 362 1182 moralis.
411 1139 580 1192 (Elster,
610 1138 684 1180 VII
717 1140 823 1194 sap.)

178 1216 242 1259 De
284 1216 417 1258 milite
449 1220 491 1258 et
516 1216 669 1269 juvene
701 1228 830 1257 uxore
863 1215 929 1256 cui
960 1215 1091 1257 traxit
1122 1215 1379 1269 sanguinem.
1435 1213 1554 1257 Miles
1587 1213 1755 1268 quidam

179 1291 280 1329 erat.
330 1286 446 1329 Ohne
478 1286 662 1328 moralis.
713 1285 889 1339 (Gattin,
919 1285 993 1327 VII
1024 1286 1130 1340 sap.)

123 1396 142 1412 .,
178 1363 242 1406 ΒΘ
282 1364 388 1405 turri
427 1367 468 1405 et
503 1362 781 1418 ymaginibus.
839 1361 1091 1404 Octavianus
1125 1362 1326 1415 regnavit.
1384 1361 1554 1414 (Virgils
1587 1360 1757 1414 Thurm,

181 1433 257 1475 VII
289 1436 395 1489 sap.)
443 1447 571 1487 germ.
594 1434 664 1475 43.

183 1510 247 1552 De
279 1514 437 1566 septem
471 1509 728 1565 sapientibus
763 1522 934 1563 quorum
960 1509 1098 1564 capita
1118 1508 1287 1550 fuerunt
1308 1510 1536 1563 amputata.
1584 1506 1760 1557 Quidam

182 1582 424 1637 imperator.
475 1580 567 1632 (VII
599 1593 703 1634 sap,
734 1579 808 1621 Vll
840 1580 946 1634 sap.)
993 1592 1121 1632 germ.
1145 1579 1215 1620 48.

182 1656 245 1699 De
277 1657 387 1700 Alba
420 1657 490 1711 qui
521 1661 607 1698 tres
639 1657 746 1698 ictus
777 1656 877 1698 fecit
907 1656 950 1697 in
983 1660 1105 1710 porta
1135 1654 1415 1710 imperatoris.
1464 1653 1562 1696 Fuit
1593 1653 1760 1708 quidam

182 1729 423 1783 imperator.
473 1727 661 1780 (Abibas,
695 1728 754 1778 5.)
800 1726 872 1768 lat.
900 1727 966 1767 17.

182 1804 246 1847 De
281 1818 466 1859 paupere
499 1804 568 1857 qui
602 1802 752 1845 cecidit
782 1802 825 1843 in
857 1802 1034 1844 foveam.
1092 1800 1268 1851 Quidam
1301 1814 1462 1856 pauper
1492 1799 1583 1842 fuit..
1639 1799 1762 1852 (Dra-

183 1875 513 1925 chenschwanz.)
560 1874 632 1915 lat.
662 1874 757 1914 114.

180 1949 244 1992 De
274 1951 479 1992 unicornu
509 1954 550 1992 et
571 1949 730 1991 duabus
753 1948 996 2002 virginibus.
1037 1948 1141 1990 Erat
1163 1947 1330 2003 quidam
1352 1947 1593 2002 imperator.
1635 1945 1761 1996 (Zwei

184 2021 310 2064 nakte
336 2021 622 2075 jungfrauen.)
669 2020 741 2061 lat.
769 2020 865 2061 115.

184 2096 248 2139 ΒΘ
279 2097 455 2139 Daniele
488 2097 559 2152 qui
589 2096 696 2138 vidit
727 2099 921 2138 statuam.
969 2094 1121 2137 Daniel
1153 2094 1259 2136 vidit
1287 2097 1479 2136 statuam.
1529 2091 1658 2147 (Kopf
1676 2090 1762 2145 gol-

185 2168 265 2210 den
297 2170 391 2220 etc.)
437 2181 533 2222 app.
560 2168 626 2208 17.

186 2244 250 2286 De
282 2244 477 2299 Tyranno
520 2243 590 2297 qui
629 2241 811 2298 puellam
845 2241 987 2297 rapuit
1018 2245 1060 2282 et
1091 2253 1182 2282 eam
1216 2239 1444 2282 defloravit.
1498 2237 1688 2280 Justinus
1719 2237 1762 2279 in

186 2315 367 2357 civitate.
418 2313 618 2361 (Untreue
650 2326 780 2366 gegen
815 2312 1018 2363 erretter.)
1065 2311 1137 2352 lat.
1165 2311 1261 2352 117.

186 2390 348 2433 Divisio
395 2390 572 2432 fratrum
613 2403 663 2432 ex
704 2388 854 2431 ancilla
891 2393 932 2431 et
968 2388 1112 2430 libera.
1174 2386 1381 2428 Narratur
1420 2385 1527 2440 quod
1566 2384 1633 2426 lex
1671 2383 1762 2425 fuit.

188 2460 511 2514 (Erbtheilung.)
558 2460 630 2502 lat.
655 2460 723 2501 90.

189 2537 254 2580 ΒΘ
284 2537 589 2580 intoxicacione
623 2536 901 2592 imperatoris.
955 2534 1097 2577 Refert
1127 2536 1294 2576 sanctus
1326 2531 1598 2586 Augustinus.
1647 2529 1765 2582 (Ver-

189 2608 355 2662 giftetes
387 2607 516 2659 herz.)
564 2606 636 2648 lat.
660 2607 729 2647 23.

190 2683 254 2726 De
282 2684 450 2726 civitate
480 2683 650 2725 obsessa
679 2685 756 2725 etc.
797 2681 972 2732 Quidam
996 2681 1191 2737 princeps
1214 2682 1315 2722 erat.
1357 2677 1511 2730 (Briefe
1533 2675 1766 2726 schiessen.)

113 2763 116 2765 ’
191 2755 262 2797 lat.
290 2755 385 2796 152.

77 2831 145 2873 89.

194 2830 258 2874 ΒΘ
280 2830 482 2884 regimine
504 2829 689 2885 corporis
713 2832 754 2871 et
775 2828 925 2871 anime.
962 2827 1121 2882 Regina
1143 2826 1318 2882 quedam
1341 2824 1542 2880 concepit.
1576 2822 1768 2876 (Zweier-

192 2900 248 2944 lei
279 2900 407 2953 tuch.)
452 2900 524 2942 lat.
549 2900 617 2942 26.
