1929 3157
63 177 132 219 40.

62 318 130 361 41.

864 82 939 123 141

180 177 311 221 Canes
351 179 429 220 duo
469 181 629 224 cuidam
663 189 799 238 erant,
843 187 911 241 qui
942 187 1058 242 ligati
1091 202 1134 232 se
1166 189 1408 234 dilexerant.
1461 191 1626 248 (Hunde
1659 209 1733 237 un-

181 248 301 303 einig,
335 249 461 304 wolf.)
507 251 576 294 lat.
605 254 696 296 133.

178 318 240 362 De
278 319 392 375 largo
430 336 535 376 rege.
593 323 677 367 Rex
711 327 876 381 quidam
909 329 1005 372 fecit
1036 331 1296 387 proclamari.
1352 332 1462 389 (Den
1493 348 1634 378 armen
1668 336 1733 380 die

113 390 120 397 ’
178 390 438 446 herrschaft.)
485 393 554 436 lat.
585 397 676 438 131.

60 460 128 503 42.

58 603 127 645 43.

56 746 125 788 44.

55 887 125 930 45.

54 959 123 1002 46.

53 1103 122 1146 47.

52 1245 121 1288 48.

51 1317 120 1359 49.

50 1457 118 1502 50.

176 461 238 505 De
283 462 436 506 honore
482 465 788 522 triumphantis.
852 470 1112 516 Consuetudo
1158 474 1237 516 fuit
1283 476 1390 531 apud
1438 490 1641 520 romanos.

175 531 427 590 (Triumph.)
473 535 542 578 lat.
567 539 634 580 30.

175 603 348 654 Quidam
402 620 549 650 avarus
597 610 780 653 visitavit
831 613 1007 657 amicum
1055 616 1313 658 moriturum.
1378 617 1729 674 (Todtensiegel.)

174 674 244 718 lat.
273 677 367 719 128.

172 745 346 790 Maritus
393 749 557 804 quidam
605 752 702 795 dum
745 756 1078 810 peregrinaretur
1117 771 1221 801 uxor
1260 760 1346 814 ejus
1387 760 1512 803 alium
1552 761 1727 805 amabat.

174 817 369 872 (Hahne.)
417 820 487 863 lat.
513 824 580 864 (38.

171 888 415 933 Jovinianus
437 893 662 948 imperator
684 895 777 938 dum
803 898 925 941 nimis
949 899 1188 943 elevaretur.
1231 900 1524 957 (Jovinianus.)
1568 903 1638 946 lat.
1658 905 1725 947 59.

170 959 256 1003 Rex
290 963 454 1017 quidam
488 966 633 1009 statuit
664 968 772 1022 quod
804 969 976 1024 quilibet
1005 972 1129 1014 morti
1161 972 1391 1015 damnatus.
1446 974 1562 1028 (Drei
1595 976 1727 1019 wahr-

172 1031 321 1087 heiten,
354 1033 463 1088 frei.)
514 1036 584 1079 lat.
609 1038 678 1081 58.

168 1103 406 1148 Alexander
450 1121 623 1162 magnus
670 1111 815 1154 statuit
852 1125 927 1169 pro
965 1112 1054 1168 lege
1092 1114 1200 1169 quod
1240 1115 1413 1170 quilibet
1452 1115 1724 1161 damnandus.

168 1173 420 1231 (Bratfisch.)
465 1192 592 1233 germ.
619 1181 685 1223 62.

167 1245 253 1290 Lex
287 1252 375 1290 erat
404 1249 447 1291 in
479 1251 579 1294 urbe
611 1253 718 1307 quod
751 1254 922 1309 quilibet
952 1268 1082 1298 cecus.
1137 1253 1242 1311 (100
1274 1256 1507 1314 groschen.)
1561 1259 1630 1302 lat.
1656 1261 1724 1303 73.

149 1317 369 1373 -Trajanus
409 1320 635 1378 imperator
676 1324 851 1368 multum
890 1325 1065 1381 diligens
1104 1331 1227 1371 ortos.
1290 1326 1418 1384 (Eber
1457 1329 1561 1373 ohne
1594 1329 1726 1387 herz.)

166 1388 237 1432 lat.
263 1391 330 1433 83.

165 1459 338 1511 Quidam
355 1462 570 1507 ambulans
587 1479 660 1522 per
677 1465 841 1510 diversa
856 1468 969 1511 venit
986 1468 1037 1511 ad
1053 1472 1233 1525 pontem.
1269 1469 1481 1527 (Briicke.)
1513 1487 1640 1527 germ.
1653 1473 1722 1516 53.

356 1639 511 1677 XLVII.
549 1639 640 1678 Cod.
665 1642 843 1679 Hannov.
868 1643 926 1691 15,
952 1645 1023 1681 fol.
1066 1645 1414 1692 (Stadtbibliothek.)

663 1713 708 1748 38
732 1712 779 1749 bl.
819 1714 920 1750 1427.
955 1716 999 1751 87
1024 1726 1102 1761 cap.

163 1802 332 1860 Incipit:
365 1805 491 1849 Gesta
521 1807 813 1852 Romanorum.

163 1874 441 1920 Unmittelbar
479 1879 628 1922 darauf
659 1880 763 1935 folgt
794 1882 883 1924 eine
915 1882 1199 1927 moralisation
1230 1885 1303 1927 der
1333 1885 1471 1928 fabeln
1502 1886 1718 1941 Avians‚

45 1944 156 1988 dann
177 1947 268 1990 eine
288 1949 521 2005 sammlung
536 1965 616 1993 von
638 1952 835 1995 ebenfalls
857 1953 1132 1998 moralisirten
1157 1955 1434 2011 erzahlungen
1452 1958 1529 2000 mit
1546 1959 1719 2002 stficken

46 2028 118 2059 aus
151 2015 199 2060 G.
222 2017 285 2072 R„
317 2019 472 2063 Holkot
504 2026 579 2065 etc.

77 2101 113 2142 1.

73 2241 110 2284 2.

71 2386 110 2429 3.

70 2458 110 2500 4.

70 2599 109 2642 5.

70 2671 108 2713 6.

70 2740 108 2783 7.

28 2882 108 2933 ⁷8·

159 2099 222 2144 De
260 2102 482 2147 dileccione
517 2109 748 2161 parentum.
801 2106 1033 2152 Dorotheus
1064 2109 1291 2166 imperator
1322 2114 1519 2154 statuens.
1576 2112 1719 2165 (Vater

160 2172 258 2215 oder
288 2178 442 2218 mutter
472 2176 639 2231 folgen.)
686 2177 757 2220 lat.
785 2179 850 2220 14.

159 2242 390 2299 Gorgonius
428 2249 618 2301 regnavit
653 2249 695 2291 in
737 2249 904 2293 civitate
935 2250 1131 2295 Romana.
1188 2253 1330 2306 (Vater
1367 2253 1524 2309 heilen,
1565 2258 1717 2298 mutter

158 2316 303 2370 nicht.)
349 2317 419 2361 lat.
449 2320 541 2361 112.

157 2387 354 2444 Adonyas
374 2391 562 2444 regnavit
582 2390 696 2434 dives
713 2391 832 2434 valde
854 2393 923 2447 qui
945 2396 1241 2438 torneamenta.
1276 2396 1497 2449 (Turnier.)
1528 2396 1599 2440 lat.
1619 2398 1712 2440 113.

156 2458 219 2502 De
240 2460 438 2516 pygricia.
472 2460 671 2505 Polimius
693 2463 735 2505 in
756 2463 923 2507 civitate
943 2463 1157 2509 Babilonie
1178 2468 1379 2522 regnavit.
1413 2467 1514 2521 (Der
1534 2467 1714 2521 faulste.)

158 2529 228 2572 lat.
252 2531 320 2573 91.
1054 2564 1061 2568 -

155 2600 217 2644 De
240 2601 430 2645 basilisco
449 2603 554 2646 etde
571 2605 750 2660 speculo.
784 2605 1022 2649 Alexander
1038 2608 1239 2661 regnavit.
1273 2608 1500 2662 (Basilisk.)
1531 2609 1711 2652 1at.139.

155 2671 218 2714 De
250 2673 407 2716 ciconia
438 2674 680 2718 adulterata.
730 2676 905 2727 Quidam
936 2677 1054 2720 miles
1085 2678 1175 2721 fuit.
1225 2678 1465 2732 (Storchin.)
1512 2679 1582 2723 lat.
1603 2681 1670 2723 82.

155 2741 218 2786 De
249 2745 545 2800 preparacione
573 2747 706 2789 cordis
729 2747 780 2790 ad
801 2747 935 2791 deum.
976 2748 1184 2792 Adrianus
1207 2751 1397 2805 regnavit
1417 2750 1557 2794 Rome.
1599 2751 1712 2805 (Sar-

154 2813 350 2870 kophag.)
398 2815 468 2858 lat.
496 2819 561 2859 16.

155 2883 218 2928 De
258 2886 428 2930 cautelis
466 2887 643 2944 dyaboli.
696 2888 759 2932 De
798 2889 975 2945 quodam
1005 2891 1192 2948 principe
1224 2892 1283 2935 sic
1313 2895 1517 2935 narratur.
1575 2891 1711 2945 (Wein

155 2956 376 3011 vergiftet.)
421 2957 491 3001 lat.
516 2959 583 3002 88.
