1929 3157
889 101 967 141 101

81 204 149 245 89.
197 203 403 245 Leuncius
436 205 625 257 regnarit
658 209 804 259 potens
838 204 969 245 valde.
1021 204 1228 257 (Ingratus
1263 206 1344 246 und
1376 205 1540 248 Guido.)
1589 207 1659 248 lat.
1683 208 1776 248 110.

79 276 148 316 90.
197 274 466 316 Domicianus
499 275 700 329 regnavit.
749 275 865 322 (Drei
899 274 1138 316 weisheiten
1173 276 1431 325 rerkaufen.)
1481 276 1550 319 lat.
1580 280 1674 318 103.

80 346 148 386 91.
197 344 421 386 Thelonius
453 359 567 387 rome
607 346 798 398 regnavit
829 346 942 387 dives
979 345 1097 386 valde
1131 346 1170 386 in
1205 346 1319 399 cujus
1354 347 1541 402 imperio.
1592 347 1778 398 (Waehs-

198 415 313 466 bild.)
361 415 432 457 lat.
461 417 555 457 102.

80 486 150 528 92.
197 485 301 528 Erat
332 486 498 540 quidam
533 485 651 528 miles
685 487 850 528 nomine
885 486 1090 528 Placidus.
1142 486 1383 538 (Placidus.)
1433 487 1504 529 lat.
1534 489 1627 529 110.

80 557 150 598 93.
199 556 388 598 Valerius
420 557 609 609 regnavit
644 571 769 599 rome.
819 557 1031 608 (Stricke.)
1081 570 1175 612 app.
1205 557 1270 598 10.

487 731 673 766 XXVIII.
713 730 804 766 Cod.
826 730 1084 765 Pomersfeld.
1103 730 1211 775 2657,
1237 731 1372 774 quart.

450 802 502 835 Bl.
524 804 573 841 (1)
591 821 631 825 —-
648 802 732 835 ϋδὸ.
780 802 881 835 14411.
927 803 971 835 (39
998 811 1076 844 cap.
1123 800 1413 845 [Invollstandig.

197 895 259 938 Bl.
288 899 304 937 1
340 896 424 938 und
457 897 482 938 Ξ.)
514 896 636 949 fehlt.
675 896 783 937 dann
818 895 955 949 folgeu
989 895 1054 937 die
1087 895 1304 949 gezahlten
1338 896 1391 938 bl.
1418 897 1631 950 3—6(›b‚
1666 898 1781 939 endi-

80 967 209 1021 gend:
251 966 306 1009 Et
350 972 411 1008 est
443 966 536 1008 finis
569 967 702 1020 hujus.
763 965 958 1020 Sequitur
992 970 1067 1007 etc.
1126 966 1290 1008 Darauf
1317 967 1421 1020 folgt
1452 981 1531 1009 von
1566 968 1781 1010 derselben

83 1038 191 1080 hand
225 1038 299 1080 auf
327 1037 492 1090 sechzig
523 1038 608 1079 und
641 1038 804 1090 einigen
839 1037 1041 1079 blattern:
1068 1036 1305 1079 ‘Tractatus
1339 1038 1388 1079 de
1417 1038 1550 1080 tribus
1580 1037 1780 1092 regibus²‚

81 1109 227 1151 dessen
262 1108 416 1150 schluss
447 1108 598 1150 lautet:
633 1107 874 1163 Completus
908 1112 969 1149 est
1002 1107 1076 1149 hoc
1108 1121 1211 1163 opus
1234 1122 1310 1163 per
1331 1122 1397 1150 me
1420 1109 1633 1151 henricum
1659 1109 1782 1151 Rein-

81 1180 201 1222 hardi
236 1180 524 1235 presbyterum
559 1180 681 1220 Anno
714 1179 871 1221 domini
906 1178 1126 1220 Millesimo
1161 1180 1570 1233 quadringentesimo
1605 1180 1782 1234 quadra-

81 1251 237 1304 gesimo
275 1264 384 1292 nono
416 1250 520 1292 feria
553 1250 683 1292 tercia
716 1263 793 1303 que
823 1250 901 1291 fuit
935 1249 1023 1291 dies
1056 1254 1198 1292 sancte
1230 1251 1418 1304 Agnetis.
1481 1250 1617 1299 (Dann
1650 1251 1781 1302 rothz)

82 1323 166 1364 Hic
196 1325 404 1378 recipiunt
433 1331 546 1377 qesta
581 1337 861 1363 romcmorum.
910 1319 997 1361 Das
1032 1333 1137 1362 neue
1170 1320 1275 1362 blatt
1306 1321 1361 1362 ist
1391 1322 1446 1362 im
1471 1321 1706 1363 anschlusse
1731 1335 1782 1363 an

82 1393 161 1435 den
196 1393 348 1446 anfang
381 1392 441 1434 als
474 1393 528 1434 bl.
552 1394 621 1445 61,
655 1392 739 1434 und
773 1392 845 1433 der
878 1394 988 1444 text,
1026 1391 1177 1432 immer
1208 1405 1289 1432 von
1321 1391 1537 1434 derselben
1570 1392 1681 1433 hand
1713 1406 1783 1445 ge-

83 1463 320 1516 schrieben,
361 1463 458 1516 geht
496 1463 559 1505 bis
602 1478 652 1505 zu
685 1462 738 1504 bl.
765 1462 875 1514 oab,
915 1476 978 1503 wo
1012 1475 1056 1503 er
1087 1462 1141 1502 im
1179 1462 1355 1515 anfange
1389 1463 1461 1504 der
1492 1462 1782 1504 moralisation

83 1548 163 1576 von
195 1547 284 1590 cap.
305 1535 362 1576 60
385 1534 585 1576 abbricht.
635 1534 681 1575 In
698 1534 816 1587 jeder
840 1532 1071 1585 beziehung
1091 1533 1174 1574 fast
1196 1532 1480 1587 durchgangig
1502 1533 1781 1587 abweiehend‚

83 1606 161 1648 mit
190 1605 340 1647 vielem
372 1605 561 1647 fremden
592 1603 879 1646 untermischt.

116 1690 152 1730 1.
201 1687 339 1739 (fehlt3
371 1686 579 1740 Placidus,
612 1687 683 1729 lat.
713 1687 826 1738 110.)

23 1756 31 1761 ’
113 1760 152 1802 2.
201 1757 392 1800 Valerius
422 1771 538 1800 rome
568 1758 759 1812 regnavit
782 1756 900 1799 valde
923 1760 1070 1812 potens
1096 1756 1165 1810 qui
1188 1756 1353 1798 unicam
1376 1755 1518 1798 filiam.
1568 1756 1780 1808 (Stricke.)

201 1843 296 1884 app.
325 1830 389 1870 16.

114 1901 152 1942 3.
199 1899 305 1942 Erat
337 1899 505 1953 quidam
538 1899 660 1940 homo
693 1899 762 1953 qui
796 1897 923 1940 semel
956 1897 1131 1939 debebat
1163 1898 1222 1940 ire
1254 1898 1302 1940 de
1325 1911 1406 1939 uno
1429 1911 1555 1951 108110
1579 1898 1629 1939 ad
1654 1897 1777 1939 aliud.

203 1970 411 2022 (Brficke.)
459 1983 587 2023 germ.
613 1970 682 2010 53.

114 2043 155 2084 4.
203 2041 379 2092 Quidam
421 2041 651 2095 imperator
687 2053 803 2081 rome
842 2039 1033 2092 regnavit
1070 2039 1140 2092 qui
1174 2052 1310 2080 secum
1345 2038 1490 2080 habuit
1522 2043 1682 2095 septem
1715 2053 1779 2081 sa-

203 2112 378 2168 pienteS.
429 2111 518 2163 (VII
552 2125 656 2167 sap„
686 2110 760 2152 VH
793 2111 898 2165 sap.)
945 2123 1074 2163 germ.
1097 2110 1167 2150 48.

203 2182 455 2226 Octavianus
476 2183 706 2238 imperator
729 2181 919 2235 regnavit
940 2181 981 2222 in
1006 2180 1185 2222 Civitate
1207 2193 1391 2222 romana.
1432 2179 1602 2233 (Virgils
1625 2179 1779 2234 thurm,

115 2185 154 2226 ,ζῆ

202 2253 278 2296 VII
310 2254 416 2309 sap.)
465 2266 593 2307 germ.
617 2253 687 2294 43.

115 2326 155 2367 6.
203 2325 334 2380 Tytus
371 2324 561 2378 regnavit
598 2324 642 2364 in
681 2323 849 2365 civitate
888 2335 1061 2364 romana
1093 2322 1162 2376 qui
1195 2321 1341 2364 statuit
1373 2334 1447 2377 pro
1479 2320 1569 2375 1080
1600 2324 1646 2362 111
1677 2320 1777 2362 dies.

205 2395 382 2447 (Focas.)
429 2395 502 2436 lat.
527 2395 596 2435 57.

124 2481 156 2508 1.
204 2466 292 2508 Rex
324 2466 533 2507 dar-iorum
567 2469 652 2507 tres
684 2477 827 2517 magos
851 2464 921 2518 qui
943 2464 1068 2506 cristo
1092 2476 1266 2505 munera
1287 2462 1525 2504 obtulerunt
1547 2462 1589 2503 in
1611 2462 1777 2504 honore.

206 2536 328 2586 (Heil.
352 2536 440 2578 drei
473 2536 655 2588 konige.)
701 2534 773 2575 lat.
797 2535 866 2575 47.

119 2608 158 2649 8.
205 2607 410 2649 Narratur
452 2606 559 2660 quod
599 2606 678 2646 fuit
718 2604 884 2658 quidam
924 2605 1044 2647 miles
1084 2605 1154 2658 qui
1185 2604 1284 2646 fecit
1317 2603 1572 2659 proclamare
1604 2601 1780 2644 hastilu-

206 2678 334 2719 dium.
384 2676 589 2730 (Riistung
622 2676 698 2717 mit
730 2675 1004 2727 inschriften.)
1055 2688 1149 2730 app.
1174 2675 1243 2716 25.

120 2749 159 2790 9.
206 2747 378 2801 Legitur
399 2748 442 2789 in
464 2747 591 2801 gestis
614 2760 879 2788 romanorum
905 2746 1013 2800 quod
1036 2746 1201 2800 quidam
1225 2758 1399 2798 magnus
1422 2744 1630 2799 princeps.
1666 2742 1780 2795 (Vier

209 2819 337 2860 briefe
370 2831 421 2860 an
454 2818 588 2867 sohn.)
637 2831 732 2872 app.
757 2818 825 2858 27.

44 2938 47 2941 ,
95 2890 161 2931 10.
207 2888 380 2942 Legitur
412 2889 455 2930 in
489 2888 675 2943 hystoria
706 2900 919 2941 grecorum
954 2887 1063 2941 quod
1096 2885 1411 2941 sardanapallus
1443 2898 1516 2927 rex
1548 2897 1777 2939 grecorum.

208 2958 440 3011 (Luxuria.)
488 2972 583 3014 app.
611 2959 649 3000 8.
