1954 3137
171 183 236 226 15.

172 327 236 368 16.

171 469 236 510 17.

171 612 235 653 18.

172 755 237 796 19.

169 898 236 939 20.

168 1041 236 1083 21.

168 1184 236 1226 22.

168 1328 236 1369 23.

168 1471 236 1512 24.

168 1612 236 1654 25.

168 1898 236 1940 27.

168 2042 237 2083 28.

168 2185 235 2226 29.

169 2328 236 2369 30.

169 2471 236 2512 31.

170 2614 237 2655 32.

171 2756 239 2796 33.

171 2897 239 2938 34.

985 78 1039 119 96

285 183 348 226 De
368 183 583 226 Judicibus
616 186 661 225 ut
682 186 792 226 recte
809 183 1009 237 judicent.
1060 182 1266 238 Ambysos
1288 184 1518 240 imperator
1539 184 1673 238 legem
1697 185 1854 227 statuit.

287 254 543 308 (Schinden.)
591 254 662 296 lat.
689 255 756 296 29.

285 325 347 368 De
380 326 595 382 sepultura
626 325 767 379 magni
798 325 908 378 regis
931 324 1188 367 Allexandri.
1236 325 1281 367 In
1316 330 1448 368 morte
1477 331 1517 369 et
1545 326 1758 383 sepultura
1778 326 1857 370 Re-

285 398 360 451 gis.
411 397 687 447 (Alexanders
720 396 972 449 begritbnis.)
1021 396 1092 438 lat.
1119 397 1186 438 31.

285 468 347 511 De
395 468 578 524 dyogene
625 467 885 524 philosopho.
950 467 1170 523 Dyogenes
1218 480 1308 510 cum
1360 481 1498 511 amore
1539 469 1665 511 studii
1704 470 1855 512 omnia.

287 540 510 593 (Diogenes
542 539 626 581 und
659 539 928 591 Alexander.)
979 553 1105 593 germ.
1135 539 1200 581 15.

287 611 419 663 (Ohne
451 611 731 662 iiberschrift.)
780 610 891 652 Inter
924 614 1059 653 cetera
1085 610 1215 652 multa
1238 610 1484 653 documenta
1508 624 1585 666 que
1609 611 1853 655 aristoteles.

287 682 550 734 (Aristoteles
583 682 757 733 lehren.)
803 681 877 723 lat.
903 682 970 723 34.

286 754 349 796 De
387 754 625 796 imitacione
658 753 873 795 honorum.
928 753 1130 809 Tyberius
1163 757 1258 796 ante
1290 753 1512 809 imperium
1545 758 1634 796 erat
1664 753 1728 797 vir
1760 767 1856 810 pru-

286 826 398 868 dens.
449 825 655 878 (Tiberius
691 849 741 854 -—
776 824 998 877 Liberius.)
1048 839 1142 880 app.
1170 826 1208 866 9.

285 897 348 940 De
382 901 558 952 quatuor
589 896 686 938 filiis
719 896 867 952 quibus
902 899 1078 951 quatuor
1110 909 1261 950 genera
1294 900 1368 939 etc.
1417 896 1503 939 Rex
1538 896 1704 951 quidam
1727 895 1854 939 dives.

287 968 547 1020 (Sc-hiessen.)
594 968 665 1010 lat.
690 968 758 1009 45.

285 1041 347 1083 De
384 1038 506 1094 [fure]
543 1039 806 1095 Reprehenso
841 1052 914 1094 per
943 1053 1063 1094 quem
1087 1039 1286 1095 dyabolus
1309 1043 1384 1082 etc.
1435 1039 1517 1081 Fur
1540 1039 1708 1095 quidam
1730 1039 1854 1082 venit.

287 1111 593 1164 (Mondstrahl.)
640 1111 712 1153 lat.
741 1112 835 1152 136.

285 1183 347 1226 De
389 1183 520 1225 milite
564 1186 740 1237 quatuor
772 1196 847 1238 pro
881 1196 956 1224 sua
987 1182 1325 1225 reconciliacione
1358 1186 1562 1238 portante.
1617 1181 1735 1225 Miles
1768 1182 1857 1238 qui-

285 1255 393 1297 dam.
444 1254 567 1306 (Halb
601 1254 812 1308 geritten.)
860 1254 931 1297 lat.
959 1255 1054 1296 124.

285 1327 348 1369 Dc
380 1326 555 1369 Muliere
588 1330 748 1368 secreta
779 1325 1001 1369 revelante.
1052 1326 1213 1383 Laycus
1244 1326 1409 1382 quidam
1434 1326 1564 1369 bonus
1587 1338 1679 1368 cum
1703 1326 1854 1382 sepius.

287 1398 376 1449 (XL
409 1399 569 1450 raben.)
616 1398 686 1440 lat.
716 1398 810 1439 115.

286 1470 349 1512 De
380 1469 497 1512 fabro
525 1470 638 1524 justo
673 1472 713 1511 et
745 1470 831 1524 ejus
862 1473 951 1512 octo
975 1470 1168 1513 denariis.
1212 1469 1410 1524 Virgilius
1434 1470 1486 1512 ad
1507 1468 1754 1512 instanciam
1776 1468 1857 1511 Im-

287 1542 505 1597 peratoris.
556 1541 733 1593 (FocaS.)
781 1541 852 1583 lat.
877 1542 946 1583 57.

287 1612 516 1655 Consilium
547 1616 751 1655 secretum
774 1627 857 1655 non
881 1627 969 1655 esse
991 1613 1270 1656 revelandum.
1322 1613 1554 1656 Macrobius
1576 1613 1715 1656 refert.
1763 1612 1858 1665 (Pa-

285 1685 448 1740 pirius.)
494 1685 564 1727 lat.
592 1686 687 1726 126.

228 1788 236 1796 .
284 1755 347 1797 De
387 1756 688 1810 ingratitudine
728 1756 905 1811 qualiter
937 1756 1058 1798 homo
1092 1760 1166 1799 etc.
1225 1756 1444 1798 Heinricus
1476 1756 1716 1812 imperator.
1774 1755 1856 1808 (In-

285 1831 426 1881 gratus
460 1828 544 1870 und
577 1827 742 1879 Guido.)
791 1828 862 1870 lat.
890 1828 985 1869 119.

284 1898 397 1941 Deus
430 1900 565 1954 parcit
597 1900 882 1955 peccatoribus
906 1903 981 1942 etc.
1030 1899 1118 1942 Mos
1142 1903 1231 1942 erat
1250 1900 1449 1942 Romanis
1473 1899 1636 1955 quando
1659 1901 1853 1941 castrum.

285 1970 464 2022 (Kerze.)
512 1971 582 2013 lat.
608 1972 675 2012 98.

284 2041 347 2084 De
387 2042 621 2097 penitencia
661 2042 837 2097 qualiter
879 2042 1077 2084 absolvat.
1134 2043 1220 2086 Rex
1262 2042 1431 2098 quidam
1464 2043 1612 2085 statuit
1642 2054 1717 2098 pro
1750 2041 1853 2096 lege.

287 2113 405 2165 (Drei
437 2114 706 2167 wahrheiten,
738 2114 846 2165 frei.)
894 2114 965 2156 lat.
991 2114 1059 2156 58.

285 2184 347 2227 De
378 2185 569 2241 Epykeia
609 2189 683 2227 etc.
740 2184 896 2227 Seneca
935 2190 1078 2228 narrat
1118 2186 1227 2241 quod
1268 2185 1488 2241 aliquando
1528 2185 1596 2228 lex
1635 2188 1736 2228 erat.
1793 2184 1855 2238 (In

286 2255 433 2299 waffen
464 2256 703 2310 begraben.)
750 2256 822 2299 lat.
850 2258 944 2298 134.

285 2327 348 2370 De
395 2332 554 2384 septem
594 2328 726 2370 annis.
789 2328 1020 2384 Imperator
1060 2329 1228 2383 quidam
1269 2333 1415 2384 potens
1456 2328 1672 2384 pulchram
1711 2327 1853 2370 filiam.

286 2398 453 2451 (Sieben
479 2399 601 2454 jahre
633 2399 754 2450 treu.)
802 2413 930 2453 germ.
955 2400 1024 2441 59.

284 2470 347 2513 De
378 2470 577 2513 fidelitate
609 2471 795 2512 sananda
827 2474 901 2513 etc.
950 2471 1084 2513 Erant
1115 2472 1193 2514 duc
1225 2472 1334 2514 inter
1357 2485 1401 2514 se
1417 2472 1702 2526 juramentum
1723 2469 1855 2512 fideli-
1889 2503 1894 2506 .

287 2542 398 2584 tatis.
450 2541 742 2596 (Biirgschaft.)
788 2541 859 2584 lat.
887 2543 982 2584 108.

286 2612 348 2655 De
379 2612 494 2667 largo
526 2627 634 2667 rege.
683 2613 770 2655 Rex
803 2613 970 2668 quidam
1002 2613 1100 2656 fecit
1130 2628 1204 2670 per
1236 2627 1407 2668 regnum
1440 2627 1558 2656 suum
1591 2612 1852 2669 proclamari.

290 2685 396 2736 (Den
430 2698 572 2727 armen
604 2684 669 2726 die
701 2684 962 2736 herrschaft.)
1009 2684 1081 2727 lat.
1110 2686 1204 2727 131.

288 2755 351 2797 De
384 2755 462 2798 diis
495 2769 751 2811 paganorum
784 2769 859 2810 per
888 2770 989 2811 quos
1012 2756 1184 2799 virtutes
1207 2756 1512 2799 intellexerunt.
1560 2755 1719 2810 Pagani
1740 2754 1854 2797 dixe-

287 2830 396 2868 runt.
448 2825 633 2880 (Pietas.)
682 2840 776 2882 app.
804 2828 869 2868 10.

288 2897 350 2939 De
382 2899 575 2952 ymagine
607 2897 851 2953 penitencie.
900 2898 1057 2953 Ymago
1091 2899 1321 2955 penitencie
1355 2898 1579 2941 secundum
1604 2897 1850 2951 Remigium.

290 2966 572 3022 (penitencia.)
622 2983 716 3024 app.
744 2970 809 3011 11.
