1919 3157
878 81 962 122 343

77 199 215 240 regem
256 186 410 239 genuit,
450 186 519 240 qui
552 199 715 240 semper
747 191 864 228 erant
896 187 980 240 regi
1015 186 1185 228 rebelles
1227 192 1266 228 et
1299 188 1338 228 in
1372 187 1483 229 nullo
1516 189 1552 230 ei
1585 188 1752 230 similes.

76 255 236 300 Deinde
275 256 326 298 de
364 256 471 310 regis
511 257 666 298 semine
707 262 896 311 quartum
938 257 1066 298 tilium
1106 258 1294 312 concepit
1332 263 1372 299 et
1411 261 1571 314 peperit
1603 273 1649 301 ac
1681 273 1755 301 nu-

76 328 203 371 trivit.
251 327 415 370 Accidit
445 333 597 380 autem,
632 333 674 369 ut
708 328 822 369 finito
856 328 1011 370 dierum
1046 342 1212 370 suorum
1243 328 1393 370 circulo
1425 344 1494 371 rex
1527 335 1755 372 moreretur

76 412 306 454 corpusque
344 412 461 440 suum
502 398 628 451 regali
669 399 923 454 sarcophago
962 399 1233 441 clauderetur.
1298 399 1395 441 Post
1433 401 1546 453 cujus
1579 406 1752 442 mortem

77 474 252 525 quatuor
299 469 371 511 filii
423 469 648 524 supradicti
698 484 771 524 pro
813 470 994 511 dominio
1043 470 1156 523 regni
1206 471 1447 524 inceperunt
1493 472 1795 514 contendere?

76 541 256 583 Tandem
291 541 397 582 inter
419 554 461 582 se
484 540 800 593 concordabant,
836 547 879 582 ut
911 541 959 582 ad
995 541 1196 594 quendam
1231 541 1403 583 militem
1439 547 1614 584 veterem
1648 544 1755 596 regis

75 613 226 654 mortui
268 611 472 666 quondam
514 612 777 653 secretarium
820 612 1039 667 specialem
1074 612 1317 654 accederent
1356 618 1396 653 et
1428 613 1468 653 in
1494 613 1650 666 judicio
1684 627 1756 655 suo

75 683 318 738 simpliciter
357 696 400 725 se
441 687 652 737 ponerent,
694 687 733 724 et
773 683 830 724 sic
870 683 1022 724 factum
1068 688 1142 724 est.
1207 682 1325 724 Miles
1365 687 1515 736 autem,
1556 698 1646 726 cum
1688 698 1756 726 eos

75 754 287 810 pacienter
328 753 522 805 audisset,
563 753 686 794 dixit:
736 754 887 796 Audite
919 754 1134 796 consilium
1169 767 1307 796 meum
1347 759 1386 796 et
1425 768 1471 796 eo
1504 755 1611 797 facto
1652 756 1754 797 bene

77 825 190 868 vobis
230 825 319 867 erit.
382 825 564 880 Expedit
602 824 715 866 vobis
757 830 798 866 ut
838 838 987 880 corpus
1028 825 1209 868 defuncti
1248 826 1356 878 regis
1404 825 1453 867 de
1501 827 1755 882 sarcophago

75 896 303 939 extrahatis
342 900 383 938 et
421 895 593 950 quilibet
631 909 769 937 arcum
818 909 909 937 cum
953 897 1106 950 sagitta
1145 901 1334 951 paratum
1377 896 1545 950 habeat,
1588 901 1628 939 et
1668 899 1757 951 qui-

74 980 234 1022 cunque
272 967 514 1022 profundius
553 980 701 1022 corpus
741 968 827 1021 ejus
866 968 1158 1022 penetraverit,
1199 981 1371 1020 regnum
1415 968 1500 1021 ejus
1541 968 1754 1011 obtinebit.

73 1037 235 1081 Placuit
272 1039 330 1080 eis
368 1038 419 1080 de
457 1038 628 1080 consilio
667 1043 825 1093 patrem
865 1039 914 1080 de
952 1039 1041 1081 loco
1080 1052 1153 1080 suo
1195 1038 1370 1080 effodere
1411 1044 1451 1081 et
1482 1039 1532 1080 ad
1566 1040 1755 1082 arborem

72 1109 215 1163 ligare.
262 1108 427 1151 Primus
456 1110 649 1162 sagittam
667 1111 825 1163 jaciens
855 1123 1019 1151 manum
1044 1110 1233 1152 dextram
1257 1110 1363 1163 regis
1388 1110 1643 1164 vulnerabat,
1677 1125 1757 1165 qua

74 1180 124 1223 de
165 1194 210 1222 re
249 1185 460 1234 tamquam
500 1180 617 1222 heres
652 1181 794 1223 unicus
827 1185 866 1222 et
898 1182 1013 1234 regni
1046 1180 1236 1222 dominus
1277 1181 1620 1236 proclamabatur.
1686 1182 1756 1225 Se—

74 1251 231 1294 cundus
263 1265 359 1294 vero
392 1252 585 1304 sagittam
620 1252 790 1306 propius
823 1254 863 1294 in
897 1266 941 1294 os
977 1252 1153 1294 letanter
1182 1252 1484 1306 quodammodo
1517 1254 1755 1307 sagittabat,

75 1323 182 1365 unde
214 1323 292 1365 sibi
329 1323 486 1364 cercius
525 1323 786 1365 attribuebat.
837 1323 1004 1365 Tercius
1046 1328 1180 1365 autem
1216 1337 1285 1365 cor
1317 1325 1447 1379 ipsius
1480 1325 1631 1378 sagitta
1665 1338 1757 1380 per-

74 1394 237 1447 foravit,
270 1395 340 1448 qui
370 1407 414 1436 se
442 1407 515 1449 pre
544 1395 690 1436 ceteris
712 1394 910 1436 fratribus
934 1408 1103 1446 regnum
1128 1395 1302 1450 putabat
1323 1396 1411 1438 sine
1433 1395 1505 1438 lite
1527 1397 1757 1439 certissime

74 1478 374 1520 possessurum.
424 1464 602 1515 Quartus
637 1479 744 1518 ver0,
784 1479 875 1507 cum
908 1466 1120 1508 accederet
1149 1466 1200 1508 ad
1232 1480 1394 1522 corpus,
1427 1468 1628 1519 ingemuit
1659 1481 1756 1510 voce

72 1536 328 1579 lamentabili
360 1537 419 1579 sic
458 1537 616 1579 dicens:
654 1536 743 1578 Heu
776 1551 862 1590 me,
904 1542 1021 1592 pater
1053 1538 1123 1591 mi,
1164 1538 1272 1592 quod
1304 1539 1363 1580 sic
1402 1552 1550 1594 corpus
1583 1543 1698 1581 tuum
1733 1553 1756 1581 a

71 1607 167 1650 filiis
199 1608 282 1650 tuis
314 1607 432 1650 video
465 1608 746 1650 vulneratum!
796 1608 918 1650 Absit
949 1622 972 1650 a
1003 1622 1082 1662 me,
1126 1614 1171 1651 ut
1203 1623 1275 1663 ego
1315 1623 1462 1664 corpus
1504 1610 1634 1665 patris
1674 1612 1754 1652 mei

73 1679 211 1721 vivum
244 1683 315 1721 aut
346 1683 554 1720 mortuum
588 1693 781 1734 umquam
815 1680 1068 1735 percuciam!
1121 1680 1212 1722 Hiis
1244 1681 1364 1723 dictis
1396 1683 1513 1735 regni
1547 1682 1754 1737 principes

72 1750 277 1809 simulque
315 1751 447 1792 omnis
481 1750 657 1805 populus
689 1751 861 1793 eundem
898 1752 1090 1805 juvenem
1127 1752 1334 1795 elevantes
1365 1757 1577 1807 tamquam
1611 1766 1752 1795 verum

73 1821 264 1863 heredem
298 1825 339 1863 et
369 1822 484 1875 regni
519 1820 609 1876 [37]
645 1821 857 1863 dominum
898 1823 939 1863 in
981 1824 1111 1878 patris
1144 1823 1290 1865 solium
1325 1823 1578 1877 locaverunt,
1613 1830 1653 1866 et
1684 1825 1753 1867 alii

71 1899 156 1935 tres
177 1893 290 1934 omni
311 1892 512 1946 dignitate
535 1897 657 1947 atque
689 1893 849 1934 diviciis
881 1897 977 1935 sunt
1011 1894 1161 1949 privati
1194 1899 1234 1936 et
1264 1908 1288 1936 a
1310 1899 1394 1937 toto
1428 1909 1553 1948 regno
1567 1896 1751 1951 expulsi.

189 1963 416 2016 Carissimi,
456 1977 529 2006 rex
569 1964 647 2006 iste
679 1965 857 2019 sapiens,
897 1965 1046 2007 nobilis
1085 1978 1133 2007 ac
1171 1965 1285 2007 dives
1325 1970 1388 2008 est
1424 1980 1498 2008 rex
1538 1980 1679 2020 regum
1714 1971 1755 2009 et

72 2035 262 2078 dominus
294 2035 613 2077 dominaneium.
662 2035 752 2076 Non
784 2035 1007 2095 incongrue
1039 2037 1202 2078 videtur
1231 2037 1407 2090 signare,
1441 2039 1510 2092 qui
1540 2038 1618 2080 sibi
1641 2051 1754 2080 crea-

72 2110 207 2148 turam
238 2107 401 2160 generis
434 2106 602 2147 humani
633 2111 843 2162 tamquam
879 2120 1075 2162 sponsam
1115 2107 1382 2162 predilectam
1424 2109 1594 2164 speciali
1627 2110 1753 2164 privi—

71 2177 177 2231 legio
217 2177 402 2230 sociavit,
443 2191 520 2231 que
558 2178 723 2219 tandem
763 2178 965 2220 fornicata
1007 2188 1099 2233 post
1139 2179 1236 2220 deos
1270 2179 1424 2221 alienos
1459 2180 1595 2222 debite
1628 2179 1752 2222 dilec-

71 2249 201 2291 cionis
231 2249 448 2290 immemor
479 2253 691 2302 tamquam
725 2249 912 2290 adultera
939 2254 1022 2291 tres
1051 2249 1156 2291 filios
1178 2251 1333 2303 genuit,
1367 2251 1524 2293 scilicet
1554 2264 1750 2306 paganOS,

70 2319 224 2362 Judeos
264 2324 305 2362 et
343 2320 556 2362 hereticos.
605 2319 783 2369 Quorum
826 2321 984 2375 primus
1026 2334 1191 2362 manum
1224 2322 1332 2374 regis
1366 2321 1612 2375 vulneravit,
1653 2322 1750 2363 dum

71 2391 299 2433 doctrinam
324 2390 491 2443 Christi,
525 2391 592 2444 qui
625 2390 740 2432 sedet
773 2392 823 2432 ad
855 2391 1065 2433 dexteram
1101 2392 1231 2447 patris
1263 2393 1436 2448 respuit,
1469 2394 1554 2435 suis
1585 2393 1750 2434 famulis

71 2475 97 2504 a
125 2462 200 2504 deo
233 2462 371 2504 missis
403 2475 477 2517 per
508 2461 678 2503 vulnera
709 2462 823 2504 varia
862 2463 1007 2504 mortis
1037 2462 1286 2518 supplicium
1323 2464 1550 2506 inserendo.
1598 2463 1750 2506 Secun—

71 2532 147 2575 dus
187 2532 294 2575 filius
334 2534 546 2588 putativus
585 2546 722 2585 regem
764 2547 904 2587 regum
944 2535 1144 2576 veraciter
1176 2535 1402 2588 sagittavit,
1443 2548 1534 2577 cum
1568 2535 1750 2576 dicerent

70 2603 213 2646 Judei:
266 2603 424 2657 Venite,
467 2604 750 2660 percuciamus
796 2618 888 2646 eum
928 2605 1081 2658 lingua,
1129 2605 1308 2660 dumque
1347 2606 1458 2648 sitim
1500 2619 1613 2648 suam
1655 2606 1748 2648 felle

71 2680 264 2731 potarent
285 2676 440 2731 pariter
463 2681 504 2717 et
533 2680 658 2717 aceto.
709 2675 877 2717 Tercius
906 2674 1014 2717 filius
1036 2676 1335 2731 perfidissimus
1368 2689 1436 2718 cor
1467 2678 1575 2730 regis
1598 2678 1748 2718 summi

71 2760 152 2788 non
191 2747 344 2789 desinit
381 2747 561 2789 toxicato
594 2745 732 2799 jaculo
765 2746 988 2801 perforare,
1031 2747 1125 2789 dum
1168 2748 1334 2790 heretici
1375 2749 1562 2789 nituntur
1593 2747 1746 2801 fideles,

73 2817 219 2872 quibus
252 2822 314 2860 est
343 2830 413 2859 cor
444 2831 568 2859 unum
604 2822 644 2859 et
675 2818 812 2858 anima
844 2831 924 2859 una
958 2819 996 2859 in
1031 2818 1194 2860 domino
1234 2833 1306 2860 suo
1340 2832 1532 2874 perverse
1564 2819 1747 2862 doctrine

67 2888 215 2942 jaculis
246 2888 441 2942 lacerare,
472 2888 580 2930 unde
612 2887 852 2931 Psalmista:
900 2888 1166 2932 Exacuerunt
1205 2889 1366 2944 linguas
1399 2903 1493 2932 suas
1527 2890 1632 2932 sicut
1662 2904 1747 2933 ser-

164 2971 185 3005 5
211 2969 379 3013 dominio]
406 2975 490 3016 oriy.
515 2969 670 3005 domino.

1786 835 1827 868 10

1786 1190 1827 1223 15

1782 1548 1828 1582 20

1780 1903 1824 1936 25

1777 2260 1822 2292 30

1774 2613 1819 2647 35
