1919 3157
851 84 932 125 547

49 184 226 233 mund05
263 185 342 225 due
381 201 472 228 oves
512 189 637 243 liqute
676 204 826 245 corpus
866 198 903 231 et
933 193 1076 232 anima
1102 206 1181 247 per
1218 192 1468 248 baptismum
1500 197 1732 238 adinvicem

50 253 191 310 liqati,
233 264 278 298 ut
307 258 391 297 sint
421 259 470 298 de
502 275 586 299 una
620 261 845 310 voluntate3
885 275 982 302 caro
1021 264 1194 317 spiritui
1222 278 1306 304 non
1338 267 1619 315 contradicat,
1660 269 1732 309 sed

47 326 172 366 miser
202 326 321 369 homo
352 343 446 384 sepe
476 332 657 385 scipffltm
689 348 780 373 cum
812 347 985 388 corpore
1007 342 1043 374 et
1063 335 1205 374 anima
1227 336 1354 375 trahit
1375 338 1431 376 ad
1450 339 1731 380 *molem‘linum

47 397 75 437 i.
99 411 130 437 e.
154 398 212 438 ad
240 399 465 453 insemum,
500 401 573 442 ubi
602 416 738 443 omnes
770 404 935 458 sinyula
968 405 1123 445 damma
1141 405 1293 459 ferant
1323 408 1349 447 i.
1375 422 1404 447 (¹.
1431 422 1567 450 omnes
1588 424 1730 451 sensus

41 481 123 522 per
146 477 363 523 peccatum
394 471 577 513 absentes
610 482 727 514 erant
758 476 864 515 inter
893 477 1083 527 «virtutes,
1125 491 1228 531 quas
1258 478 1303 517 in
1335 477 1539 533 baptismo
1570 495 1730 537 recepe·
1754 484 1776 518 5

45 546 164 588 rann
201 540 294 581 ideo
328 542 498 596 quilibet
523 546 796 598 penitentiam
827 561 945 586 suam
971 546 1181 601 portabit,
1224 556 1269 588 ut
1298 550 1337 589 si
1365 551 1477 590 visus
1508 552 1615 592 vidit
1648 553 1729 594 illi-

47 610 143 661 cita,
177 612 345 652 auditus
377 615 540 655 audivit
572 616 837 668 detractoria,
871 625 908 657 et
937 619 996 658 sic
1029 618 1200 672 quil-ibet
1228 620 1274 659 in
1305 635 1378 661 suo
1397 636 1545 676 yenere
1575 625 1728 678 punia-

45 687 124 722 tur.
165 680 281 723 Tunc
311 683 428 725 debes
458 701 599 727 versus
632 702 898 743 componere3
929 688 1037 729 nihil
1067 690 1186 730 aliud
1215 698 1285 742 est,
1321 706 1446 746 quam
1478 695 1661 735 animam
1693 703 1730 737 et

46 766 198 807 corpus
239 754 296 795 ad
332 757 615 798 rectitudinem
650 773 731 814 per
769 774 896 815 opera
934 761 1217 802 misericordie
1256 762 1409 817 liyare;
1455 772 1491 804 et
1526 764 1601 806 lzoc
1644 781 1729 807 non

45 823 163 865 debes
201 826 260 866 ad
302 829 600 882 suyqestionem
641 829 801 871 diaboli
827 831 997 885 facere,
1046 832 1118 872 sed
1163 834 1221 873 ad
1254 835 1595 889 informationem
1632 836 1731 878 boni
1756 841 1799 876 10

41 896 199 951 prelati
227 904 264 938 et
287 912 370 953 per
399 913 647 955 consequens
676 903 805 942 vitam
836 910 1015 943 eternam
1046 902 1246 957 obtinere,
1280 906 1338 946 acl
1368 921 1494 961 quam
1523 922 1599 949 nos
1624 924 1725 965 per-

43 966 169 1008 ducat
197 975 267 1009 etc.

771 1129 874 1173 CAP.
902 1132 996 1174 164.

585 1216 659 1262 De
686 1220 979 1278 perversitate
1014 1220 1184 1265 mundi.

157 1321 347 1379 Habetur
382 1326 427 1365 in
467 1327 647 1380 quodam
686 1327 789 1368 libro
831 1329 879 1369 de
919 1328 1123 1384 colloquio
1156 1329 1276 1371 Petri
1313 1331 1370 1371 ad
1401 1330 1586 1373 Ilzesum:
1627 1332 1726 1375 Vidi
1753 1343 1795 1378 15

40 1392 270 1449 aliquando
318 1397 501 1452 quinque
536 1399 672 1450 viros,
721 1413 823 1454 quos
863 1401 1028 1454 quidem
1062 1400 1291 1454 freneticos
1330 1401 1591 1454 arbim-ubam
1635 1407 1726 1447 vidi

39 1478 167 1505 unum
197 1468 467 1508 comedentem
496 1484 668 1509 arenam
687 1471 817 1510 maris
837 1472 899 1511 ita
919 1472 1052 1523 avide,
1089 1473 1200 1527 quod
1222 1487 1304 1528 per
1324 1481 1542 1530 utramque
1559 1485 1724 1531 partem

40 1537 125 1576 oris
172 1539 322 1587 exiret,-
369 1539 500 1580 alium
540 1541 632 1581 vidi
666 1549 840 1582 stantem
877 1557 1002 1597 super
1027 1543 1201 1596 foveam
1246 1545 1515 1600 sulphuream
1552 1555 1589 1588 et
1626 1550 1724 1603 pice

33 1606 226 1662 plenam,
274 1609 324 1650 de
362 1624 446 1665 qua
471 1611 590 1665 fetor
626 1612 902 1654 intolerabilis
941 1613 1097 1666 exibat,
1147 1617 1222 1670 qui
1259 1623 1340 1657 toto
1379 1619 1476 1658 nisu
1514 1618 1723 1661 nitebatur

25 1677 208 1732 fetorem
238 1680 359 1721 illum
388 1683 434 1722 in
472 1697 516 1723 os
553 1698 674 1724 suum
713 1684 881 1725 haurire
891 1701 903 1735 ,·
943 1687 1107 1726 tertium
1143 1687 1234 1727 vidi
1268 1688 1315 1727 in
1352 1689 1521 1730 ardente
1539 1690 1724 1744 fornace
1749 1701 1794 1736 20

27 1748 254 1803 jacentem,
297 1754 366 1793 cui
394 1761 532 1794 tantus
565 1755 681 1796 calor
711 1756 898 1810 sufficere
928 1771 1012 1798 non
1042 1757 1224 1810 valebat,
1267 1759 1375 1800 uncle
1411 1760 1622 1802 nitebatur
1652 1778 1722 1803 ca-

33 1835 132 1876 pere
171 1824 374 1864 scintillas
413 1825 462 1866 de
492 1825 676 1879 fornace
712 1828 896 1869 volantes
934 1829 992 1869 ad
1031 1830 1336 1879 devorandum
1383 1840 1578 1886 quartum
1616 1835 1720 1887 vidi,

37 1894 112 1948 qui
146 1909 277 1950 supra
307 1896 556 1950 pinaculum
593 1898 736 1953 templi
772 1899 954 1951 sedebat,
994 1908 1041 1941 ut
1069 1909 1232 1942 ventum
1271 1910 1452 1957 caperet,
1497 1912 1533 1945 et
1562 1919 1722 1961 semper

36 1977 80 2005 os
111 1973 302 2020 apertum
331 1966 518 2020 habebat,
558 1977 603 2010 ut
631 1979 774 2011 ventus
799 1985 881 2027 per
911 1986 1002 2012 eum
1033 1974 1250 2023 transiret3
1291 1975 1481 2029 quintum
1510 1976 1613 2028 vidi,
1641 1991 1723 2033 per

36 2037 175 2077 omnia
215 2045 252 2078 et
289 2039 455 2093 sinyula
496 2040 678 2082 membra
718 2056 794 2082 sua
833 2043 1035 2097 quicquid
1066 2046 1209 2099 potuit
1245 2046 1290 2086 in
1330 2060 1373 2086 os
1406 2061 1526 2087 suum
1558 2063 1718 2103 capere,
1747 2059 1792 2094 25

34 2106 280 2161 devorabat,
321 2117 358 2150 et
388 2110 494 2151 alios
526 2113 716 2154 continue
747 2114 980 2164 deridebat3
1019 2116 1119 2156 istos
1159 2118 1341 2172 quinque
1379 2117 1561 2159 homines
1600 2119 1723 2161 multi

31 2178 227 2220 viderunt
255 2187 292 2221 et
321 2181 652 2235 admirabantur,
687 2186 890 2239 quomodo
924 2186 1028 2226 talia
1047 2186 1196 2240 facere
1221 2196 1459 2244 potuerunt.

150 2247 387 2303 Carissimi,
421 2267 501 2308 per
530 2256 715 2308 primum
744 2255 968 2309 hominem,
1003 2260 1078 2313 qui
1107 2273 1278 2299 arenam
1308 2261 1438 2300 maris
1471 2260 1716 2314 comedebat,

25 2333 250 2374 possumus
280 2323 508 2378 intellz‘qere
539 2327 676 2366 virum
707 2342 891 2368 avarum.
926 2328 1163 2370 Ecclesiast.
1189 2344 1262 2371 IV:
1305 2329 1417 2371 Unus
1441 2339 1498 2372 est
1518 2339 1555 2372 et
1575 2346 1718 2372 secun-

33 2390 132 2432 dum
168 2407 254 2434 non
291 2393 432 2447 habet,
472 2410 555 2436 non
585 2396 748 2449 filium,
788 2413 872 2439 non
896 2399 1102 2453 fratrem,
1144 2408 1181 2441 et
1219 2408 1354 2442 tamen
1392 2417 1419 2442 a
1457 2402 1597 2444 labore
1633 2417 1719 2444 non
1743 2413 1788 2448 30

32 2470 174 2515 cessat,
206 2478 279 2505 nec
309 2467 517 2507 satiantur
549 2468 659 2508 oculi
689 2468 774 2522 ejus
806 2470 978 2522 divitiis,
1011 2486 1084 2512 nec
1112 2473 1314 2527 recogsitat
1334 2473 1494 2514 dicens:
1526 2473 1693 2515 Laboro
1703 2490 1716 2524 ;

31 2534 113 2586 eui,
144 2537 304 2585 nesci05
337 2544 375 2577 et
391 2537 558 2591 fraudo
591 2540 776 2580 animam
806 2555 937 2581 meam
968 2541 1096 2582 bonis.
1132 2543 1382 2599 Exemplum
1407 2545 1456 2585 de
1477 2545 1550 2586 illo
1574 2546 1714 2598 divite,

32 2605 107 2659 qui
135 2605 263 2647 dimit:
304 2606 532 2649 Destruam
563 2609 712 2650 horrea
740 2626 830 2652 mea
863 2620 931 2653 etc.
986 2612 1053 2654 De
1084 2615 1285 2666 secundo,
1329 2616 1404 2670 qui
1443 2618 1551 2657 stetit
1585 2631 1716 2672 supra

17 2674 192 2729 foveam
212 2677 500 2735 sulphuream5
523 2680 619 2720 talis
642 2690 911 2737 comparatur
923 2684 1082 2738 yulosis
1100 2692 1136 2725 et
1152 2685 1389 2726 luxuriosis.
1415 2686 1605 2742 Philipp.
1626 2702 1714 2729 III-⁰

29 2744 155 2788 Nunc
184 2756 320 2789 autem
351 2750 443 2791 dico
463 2751 573 2805 flens
604 2753 794 2793 inimicos
822 2756 956 2794 crucis
977 2753 1143 2808 Christi,
1179 2771 1356 2811 quorum
1375 2757 1480 2810 finis
1506 2758 1712 2811 interitus,
1738 2768 1785 2804 35

31 2829 208 2871 quorum
251 2819 350 2861 deus
386 2829 526 2862 venter
566 2830 643 2874 est,
685 2831 722 2864 et
756 2824 898 2879 ,qloria
943 2839 1085 2866 eorum
1128 2828 1175 2867 in
1222 2828 1465 2882 confusione
1510 2829 1710 2883 ipsorum.

33 2884 156 2929 Tales
185 2891 294 2930 enim
323 2892 531 2933 intantum
561 2894 652 2934 dati
682 2901 718 2934 et
747 2896 896 2936 intenti
932 2904 1029 2937 sunt
1058 2895 1322 2939 ebrietatibus
1354 2907 1391 2940 et
1418 2899 1713 2954 yulositatibus

4 2959 129 3012 suis,
163 2962 276 3015 quod
305 2963 344 3003 si
373 2963 473 3004 deus
505 2978 570 3005 eos
599 2966 647 3005 in
676 2965 754 3006 tali
783 2973 893 3008 statu
922 2969 1058 3009 vivere
1089 2976 1126 3010 et
1148 2972 1390 3025 permittere
1425 2970 1565 3023 vellet,
1604 2987 1712 3013 nun-

1350 3043 1430 3079 35³⁶
