1919 3131
82 143 148 185 15.

82 283 147 325 16.

81 424 146 466 17.

81 565 146 607 18.

79 706 146 747 19.

77 847 146 889 20.

76 989 146 1030 21.

76 1059 146 1101 22.

76 1199 145 1242 23.

76 1341 146 1387 24.

76 1481 145 1523 25.

76 1623 144 1665 26.

76 1763 145 1806 27.

75 1904 144 1947 28.

75 2045 145 2088 29.

75 2186 145 2228 30.

75 2327 144 2368 31.

75 2466 145 2508 32.

75 2607 144 2649 33.

76 2816 146 2859 34.

902 40 952 81 17

198 142 260 185 De
285 143 454 197 judiciis
485 147 531 185 ut
556 144 669 198 juste
695 143 898 196 judicant.
952 143 1178 187 Cambises.
1234 144 1479 198 (Soliindem
1513 148 1607 189 mit
1638 148 1772 199 solm.)

196 212 268 255 lat.
293 214 361 255 ⁴29.

196 282 259 325 De
288 283 503 339 sepultura
531 284 640 338 regis
663 284 923 327 Allexandri.
965 284 1009 326 In
1030 288 1176 327 morte.
1219 285 1497 337 (Alexanders
1519 287 1772 342 begriibnis.)

195 353 266 395 lat.
292 355 361 395 31.

194 423 256 466 De
279 423 495 478 Digogine.
531 423 765 479 Digogenes
788 439 882 468 cum
904 439 1045 468 amore
1068 426 1207 468 studii.
1244 427 1467 482 (Diogenes
1488 428 1571 470 und
1589 428 1772 470 Alexan-

195 494 299 544 der.)
347 496 569 548 germ.15.

196 565 258 608 De
282 565 473 608 doctrina
494 565 725 608 Aristotilis
751 570 791 609 et
811 566 1070 609 Allexandri.
1113 567 1224 609 Inter
1248 571 1385 610 cetera
1406 569 1551 611 multa.
1594 570 1772 621 (Aristo-

195 635 298 678 teles
331 636 353 676 7
386 635 560 687 lehi-en.)
608 636 678 678 lat.
703 638 772 678 34.

194 705 384 749 Honores
422 710 585 749 mutant
623 720 771 749 mores.
827 707 1017 750 Tiberius
1059 711 1154 750 ante
1186 708 1421 763 imperium.
1478 709 1683 761 (Tiberius
1720 735 1766 740 —

193 775 418 827 Libarius.)
468 791 562 833 app.
588 778 627 819 0.

194 846 257 889 De
295 851 472 902 quatuor
511 847 608 889 filiis
648 847 797 902 quibus
838 849 865 889 4
903 862 1057 902 genera
1094 848 1307 891 hominum
1350 849 1632 904 designantur.
1685 851 1770 894 Rex

195 918 364 972 quidam
397 918 524 960 dives.
574 917 836 970 (Sc-hiessen.)
885 919 956 961 lat.
980 920 1050 961 45.

194 987 257 1031 De
288 989 378 1031 sure
411 988 681 1044 deprehenso,
730 988 814 1031 Fur
846 990 1028 1044 quidam.
1079 989 1385 1042 (Mondstrahl.)
1432 991 1503 1033 lat.
1532 992 1627 1033 136.

193 1058 257 1101 De
295 1059 427 1101 milite
465 1072 540 1114 pro
572 1060 912 1103 reconciliacione
945 1062 972 1102 4
1005 1065 1209 1116 portante.
1263 1061 1382 1104 Miles
1416 1062 1597 1117 quidam.
1648 1061 1771 1114 (Halb

193 1129 404 1183 geritten.)
452 1130 524 1172 lat.
552 1131 647 1172 124.

193 1199 257 1243 De
288 1200 462 1243 muliere
494 1204 698 1244 secretum
721 1201 945 1244 revelante.
994 1201 1157 1258 Laycus
1180 1202 1349 1257 quidam
1372 1203 1541 1259 probus.
1593 1202 1682 1256 (XL
1705 1217 1772 1246 ra-

194 1270 305 1323 ben.)
352 1270 424 1313 lat.
453 1271 548 1313 125.
1122 1260 1125 1263 ’

193 1341 257 1384 De
287 1341 405 1384 fabro
432 1342 546 1396 justo
580 1345 621 1384 et
653 1342 739 1397 ejus
774 1343 798 1384 8
833 1343 1026 1385 denariis.
1075 1343 1275 1398 Virgilius
1308 1343 1361 1386 ad
1391 1344 1640 1387 instanciam
1673 1344 1770 1387 Titi.

195 1410 374 1464 (FocaS.)
422 1411 493 1454 lat.
518 1413 589 1454 57.

193 1481 421 1525 Consilium
462 1483 550 1526 sive
581 1486 787 1526 secretum
817 1496 900 1525 non
933 1487 997 1526 est
1025 1483 1308 1526 revelandum.
1362 1484 1598 1528 Macrobius
1629 1485 1770 1528 refert.

193 1552 434 1609 (Papirius.)
481 1554 552 1596 lat.
581 1555 676 1596 126.

191 1623 255 1666 De
286 1625 541 1678 gratitudine
573 1624 751 1680 qualiter
782 1629 1021 1668 remunerat
1053 1628 1094 1668 et
1125 1626 1175 1668 de
1208 1625 1509 1678 ingratitudine
1542 1629 1617 1669 etc.
1667 1626 1771 1668 Hin-

176 1693 302 1737 ‘ricus
332 1695 573 1751 imperator.
622 1695 831 1750 (Ingratus
863 1696 949 1738 und
980 1695 1148 1749 Guido.)
1195 1696 1266 1738 lat.
1295 1697 1390 1738 119.

193 1764 257 1807 De
285 1766 462 1821 epykeia
484 1780 563 1821 que
585 1771 648 1809 est
667 1767 942 1822 interpretata
963 1766 1100 1820 legum
1123 1767 1391 1821 generalium.
1441 1766 1593 1810 Cenica
1614 1769 1769 1809 narrat.

194 1834 256 1886 (In
288 1835 435 1879 waffen
467 1836 706 1891 begraben.)
754 1837 825 1879 lat.
853 1838 949 1879 134.

194 1904 364 1961 Septem
395 1907 525 1949 simus
557 1907 654 1950 boni
687 1911 763 1950 etc.
808 1907 1040 1963 Imperator
1073 1907 1254 1962 quidam.
1304 1907 1472 1960 (Sieben
1498 1907 1620 1962 jahre
1644 1907 1768 1959 treu.)

192 1989 322 2030 germ.
347 1976 416 2018 59.

192 2046 257 2088 De
286 2045 488 2090 fidelitate
520 2047 726 2090 servanda
757 2047 887 2090 eciam
920 2047 1028 2090 inter
1060 2047 1236 2102 ignotos.
1291 2048 1426 2090 Erant
1457 2048 1537 2089 duo
1570 2047 1680 2089 inter
1712 2060 1768 2089 se.

194 2115 490 2171 (Biirgschaft.)
537 2117 609 2159 lat.
637 2117 733 2159 108.

192 2185 256 2228 De
303 2187 462 2229 duobus
508 2187 652 2229 amicis
694 2200 868 2241 quorum
908 2201 1014 2229 unus
1057 2190 1146 2229 erat
1185 2188 1351 2242 sapiens
1393 2190 1435 2229 et
1475 2187 1579 2229 alter
1616 2187 1768 2229 fatuus.

191 2255 326 2299 Erant
357 2257 437 2299 duo
469 2257 636 2299 milites.
687 2256 864 2308 (Weiser
894 2257 999 2311 folgt
1030 2258 1124 2300 dem
1156 2258 1340 2309 narren.)
1392 2257 1462 2299 lat.
1489 2258 1557 2299 67.

192 2326 255 2369 De
301 2327 484 2382 quinque
530 2326 680 2381 gladiis
717 2327 907 2370 homines
945 2327 1212 2371 terrentibus.
1276 2327 1454 2377 Quidam
1492 2340 1566 2369 rex
1610 2326 1768 2368 statuit.

193 2397 583 2453 (Todestrompete.)
629 2396 701 2439 lat.
728 2397 824 2439 143.

190 2465 256 2509 De
284 2466 401 2522 largo
422 2480 532 2521 rege.
574 2466 751 2517 Quidam
772 2466 952 2510 habebat
972 2467 1074 2510 duos
1095 2467 1311 2524 leprarios.
1353 2465 1611 2519 (Feindliche
1633 2465 1771 2508 hunde

192 2537 335 2591 einig.)
382 2537 454 2580 lat.
483 2538 578 2579 133.

196 2605 330 2661 [Ohne
351 2607 614 2660 iiberschrift,
640 2607 712 2649 die
742 2607 993 2649 fiberschrift
1024 2621 1104 2649 von
1137 2620 1227 2662 cap.
1248 2607 1304 2648 32
1336 2606 1482 2660 gehort
1513 2604 1690 2658 hierher,
1724 2617 1769 2646 so

192 2676 284 2719 dass
323 2677 544 2731 eigentlich
583 2677 740 2719 diesem
779 2677 847 2719 die
881 2677 1133 2720 fiberschrift
1162 2675 1297 2730 fehlt]
1351 2676 1439 2718 Rex
1472 2674 1642 2729 quidam
1673 2674 1772 2716 fecit

191 2760 366 2801 regnum
398 2761 519 2789 suum
551 2746 814 2803 proclamari.
864 2746 974 2796 (Den
1005 2761 1149 2790 armen
1181 2748 1247 2789 die
1268 2745 1531 2797 herrschaft.)
1578 2744 1651 2786 lat.
1673 2744 1768 2785 131.

192 2816 255 2860 De
287 2817 366 2860 diis
398 2831 657 2873 paganorum
690 2830 764 2871 per
796 2829 898 2870 quos
929 2817 1105 2860 virtutes
1138 2818 1222 2860 vite
1253 2816 1556 2869 intelliguntur.
1612 2813 1770 2867 Pagani

190 2885 414 2929 finxerunt.
447 2886 518 2939 (So
536 2886 643 2929 viele
663 2889 813 2940 gotter,
834 2887 913 2929 wie
935 2887 1166 2941 tugenden3
1190 2886 1274 2929 bild
1293 2886 1366 2928 der
1382 2885 1554 2936 Pietas.)
1588 2888 1682 2939 ap‘p.
1702 2883 1768 2924 10.

137 2965 358 3005 Oeuterley.
381 2966 474 2995 Gesta
494 2966 707 2994 Romanorum.
1468 2959 1489 2992 2
