1919 3157
876 49 959 91 293

83 154 301 209 imaginem
335 158 375 196 et
405 154 714 196 similitudinem
750 159 943 196 nostram.
993 154 1071 197 Sed
1106 155 1181 196 lieu
1216 155 1315 210 proli
1351 155 1483 197 dolor!
1532 155 1755 210 Postquain

82 225 271 268 dominus
305 229 444 268 noster
477 225 617 268 ihesus
650 225 836 268 Christus
876 226 1017 279 genuit
1048 227 1088 268 in
1122 226 1238 268 nobis
1272 226 1592 281 pulcherrimum
1627 226 1756 270 filium

83 296 124 339 id
155 300 218 339 est
248 297 426 338 animam
463 296 512 339 ab
544 297 654 338 omni
687 298 928 350 contagione
961 297 1198 339 mundatam
1226 310 1299 352 per
1321 311 1436 339 suam
1461 299 1693 353 passionem
1717 303 1758 342 et

81 368 274 410 virtutem
308 367 522 423 baptismi,
556 368 694 409 anima
727 369 766 410 in
801 368 915 410 nobis
949 382 1022 423 per
1053 372 1264 424 peccatum
1299 373 1361 410 est
1393 369 1526 410 occisa
1558 373 1755 424 quantum

81 439 133 481 ad
163 439 291 481 vitam
323 443 518 481 eternam.
569 438 648 481 Sed
671 439 735 481 dic
760 439 882 480 michi
905 439 1126 493 quomodo!
1175 439 1280 481 Ecce
1303 439 1410 481 viam
1435 440 1548 482 vobis
1571 442 1752 484 ostendo.

81 509 212 552 Homo
244 510 367 553 habet
397 510 608 566 proprium
642 509 770 552 filium
803 523 954 564 secum,
988 515 1027 553 et
1058 523 1149 552 cum
1183 524 1228 553 eo
1251 511 1363 564 jacet
1385 511 1425 552 in
1449 511 1605 554 deliciis
1629 512 1669 554 id
1693 517 1756 555 est

80 581 122 623 in
159 581 313 624 carnali
353 582 709 637 concupiscencia,
751 583 952 623 intantum
996 582 1103 636 quod
1140 586 1180 624 te
1212 582 1365 624 sciente
1397 586 1437 624 et
1469 584 1754 626 consenciente

80 652 293 708 proprium
325 652 453 695 filium
486 656 600 695 tuum
635 653 675 694 id
707 657 769 695 est
799 653 977 695 animam
1012 653 1098 695 sive
1130 653 1350 706 racionem,
1385 667 1458 708 per
1485 651 1604 707 [lib]
1631 667 1754 708 quam

80 722 248 766 deberes
281 737 423 766 sensus
457 727 547 766 tuos
571 724 747 778 dirigere
771 724 1058 780 suppeditatur
1080 738 1153 780 per
1174 723 1358 766 carnales
1381 725 1751 780 concupiscencias.

80 793 161 837 Sed
192 796 359 849 sanguis
390 795 416 836 i.
440 808 472 837 e.
504 799 714 850 peccatum
749 809 911 851 semper
943 797 983 837 in
1016 809 1140 837 manu
1172 799 1243 838 tua
1264 800 1461 849 remanet,
1488 797 1610 850 juxta
1630 796 1750 840 illud:

79 866 231 908 Anima
268 879 361 909 mea
390 867 432 908 in
465 866 653 909 manibus
686 868 787 910 meis
820 881 993 922 semper.
1050 866 1138 909 Hoc
1170 870 1232 908 est
1264 867 1438 909 dictum:
1480 866 1524 909 Si
1555 868 1657 911 bene
1689 869 1752 911 vel

79 937 185 980 male
223 937 461 992 fecerimus,
500 939 558 980 ita
596 938 812 980 manifeste
852 940 956 981 sicut
994 938 1033 980 in
1067 951 1189 980 manu
1223 951 1358 980 coram
1387 938 1526 992 judice
1558 953 1750 995 supremo

79 1008 328 1052 ostendetur.

194 1079 269 1122 Vel
301 1080 379 1122 alio
411 1080 532 1122 modo
564 1083 698 1135 potest
726 1081 876 1123 reduci.
927 1080 1009 1123 Ista
1031 1082 1173 1135 regina
1196 1084 1257 1123 est
1278 1084 1426 1123 natura
1447 1080 1640 1137 humana,
1673 1096 1751 1138 que

77 1152 119 1193 in
157 1151 309 1214 primo,
331 1156 501 1207 parente
538 1151 693 1193 scilicet
723 1152 858 1193 Adam
891 1156 979 1194 erat
1009 1153 1215 1207 plantata,
1258 1165 1335 1207 que
1367 1154 1554 1209 concepit
1586 1168 1636 1196 ex
1666 1154 1749 1197 filio

77 1222 152 1264 hoc
185 1226 246 1265 est
277 1236 325 1264 ex
359 1222 633 1265 delectacione
665 1223 839 1275 carnali,
873 1224 1034 1278 quando
1068 1224 1116 1265 de
1149 1236 1269 1279 pomo
1302 1225 1490 1266 comedit.
1539 1225 1652 1268 Tunc
1682 1239 1750 1280 ge-

76 1294 166 1336 nuit
196 1292 322 1336 filium
357 1295 382 1336 i.
402 1308 434 1336 e.
459 1298 588 1336 totum
622 1307 748 1348 genus
780 1295 1018 1347 humanum,
1052 1294 1159 1349 quod
1188 1295 1323 1350 ipsum
1353 1309 1426 1351 per
1447 1300 1661 1351 peccatum
1684 1310 1750 1340 oc-

77 1365 187 1408 cidit.
235 1364 352 1408 Unde
384 1366 550 1419 sanguis
582 1371 721 1408 noster
753 1367 778 1408 i.
800 1380 831 1408 e.
859 1370 1067 1422 peccatum
1102 1371 1285 1408 nostrum
1312 1370 1396 1409 tam
1419 1368 1624 1410 notorium
1648 1372 1749 1423 erat,

77 1437 185 1492 quod
215 1437 327 1479 nullo
358 1437 479 1479 modo
512 1437 635 1479 celari
668 1440 830 1492 poterat
862 1438 940 1480 nisi
973 1451 1046 1494 per
1079 1437 1325 1480 cirothecam
1357 1438 1443 1480 scil.
1462 1445 1645 1482 nostram
1667 1440 1750 1482 fra-

76 1509 276 1563 gilitatem
317 1509 368 1550 ad
407 1508 559 1551 diaboli
598 1509 908 1564 decepcionem,
947 1513 987 1552 et
1024 1510 1083 1551 sic
1121 1522 1343 1564 numquam
1378 1514 1541 1565 poterat
1571 1525 1643 1566 per
1675 1525 1750 1554 nos

77 1580 203 1622 deleri
234 1580 314 1622 nisi
345 1593 418 1636 per
448 1579 601 1622 Christi
633 1581 880 1636 passionem.
928 1580 982 1623 Et
1013 1580 1242 1635 quomodo?
1288 1580 1394 1623 Ecce
1416 1582 1484 1623 via
1504 1582 1596 1624 ista.
1644 1581 1750 1624 Con-

75 1652 206 1694 fessor
237 1652 264 1694 i.
283 1665 316 1694 e.
340 1652 509 1707 spiritus
541 1656 707 1694 sanctus
733 1652 892 1694 beatam
918 1652 1116 1706 virginem
1140 1652 1338 1706 visitavit,
1371 1652 1420 1695 de
1442 1666 1521 1707 quo
1542 1653 1633 1708 ipsa
1654 1666 1750 1696 con-

76 1723 186 1779 cepit
214 1722 343 1765 filium
374 1724 401 1765 i.
421 1736 454 1766 e.
478 1722 686 1765 Christum
720 1723 930 1765 dominum
953 1728 1153 1778 nostrum,
1186 1737 1259 1779 per
1283 1737 1401 1778 quem
1424 1724 1571 1766 salvati
1594 1738 1746 1767 sumus.

76 1795 230 1837 Tamen
262 1794 305 1836 in
336 1807 461 1836 manu
494 1795 578 1849 ejus
611 1799 728 1837 erant
760 1799 935 1849 quatuor
965 1795 1119 1837 circuli.
1168 1794 1330 1837 Primus
1360 1795 1534 1838 circulus
1557 1800 1619 1838 est
1640 1797 1749 1851 cogi-

76 1866 194 1920 tacio,
228 1879 305 1921 que
336 1869 546 1921 peccatum
581 1866 778 1921 precedit,
811 1866 1010 1908 secundus
1044 1869 1105 1908 est
1129 1865 1364 1920 delectacio,
1397 1867 1547 1909 tercius
1571 1871 1633 1910 est
1653 1881 1749 1910 con-

75 1950 238 1991 sensus,
276 1942 447 1992 quartus
480 1941 541 1979 est
571 1941 686 1979 actus
718 1938 889 1993 peccati.
943 1936 1035 1979 Istis
1068 1937 1231 1980 circulis
1263 1942 1351 1980 erat
1381 1938 1516 1980 Adam
1549 1938 1747 1994 signatus,

76 2008 238 2064 quando
278 2009 482 2064 peccavit,
523 2012 563 2050 et
593 2022 667 2050 nos
700 2022 862 2062 omnes,
903 2009 1064 2062 quando
1097 2013 1316 2065 peccatum.
1342 2009 1648 2052 committimus.
1702 2010 1748 2052 In

74 2081 207 2136 primo
246 2079 397 2122 circulo
438 2083 555 2122 erant
593 2084 768 2135 quatuor
800 2079 851 2133 C,
893 2093 970 2135 que
1001 2080 1209 2123 dicebant:
1249 2079 1357 2122 Casu
1389 2079 1583 2123 Cecidisti
1615 2080 1748 2124 Carne

74 2150 235 2193 Cecata.
291 2150 420 2193 Casus
460 2154 548 2193 erat
584 2150 789 2204 diaboluS,
831 2152 927 2205 quia
957 2155 1086 2193 totum
1120 2165 1246 2206 genus
1278 2151 1502 2194 humanum
1536 2156 1625 2195 erat
1653 2167 1747 2208 per-

75 2222 219 2264 ditum.
273 2221 480 2265 Cecidisti.
533 2221 637 2265 Ubi?
683 2221 803 2264 Certe
834 2222 874 2264 in
906 2222 1125 2265 infernum.
1185 2221 1315 2265 Carne
1347 2223 1373 2265 i.
1397 2237 1430 2266 e.
1457 2236 1546 2266 cum
1579 2224 1745 2279 frigore,

74 2293 291 2348 iniquitate
323 2294 582 2349 pauperitate
615 2297 655 2336 et
676 2294 852 2336 miseriis
874 2293 1028 2336 multis.
1075 2293 1178 2336 Ubi?
1219 2293 1263 2335 In
1285 2295 1477 2350 paradiso
1499 2295 1613 2337 fuisti
1634 2308 1746 2338 crea-

74 2369 140 2407 tus
179 2365 267 2407 sine
305 2365 417 2407 omni
455 2365 638 2419 defectu,
678 2369 718 2407 et
758 2369 926 2420 propter
965 2365 1088 2420 primi
1121 2366 1303 2420 parentis
1336 2369 1547 2421 peccatum
1582 2366 1622 2408 in
1654 2367 1745 2409 istis

74 2437 251 2479 miseriis
283 2450 326 2478 es
358 2435 578 2478 involutus.
629 2435 778 2479 Cecata
808 2437 834 2478 i.
854 2449 887 2478 e.
911 2448 1028 2478 cecus
1059 2436 1191 2478 factus
1223 2450 1278 2479 es.
1334 2436 1436 2479 Ubi?
1483 2436 1592 2479 Dum
1623 2437 1745 2480 homo

74 2508 116 2550 in
155 2508 347 2563 paradiso
387 2511 482 2549 ante
520 2511 732 2563 peccatum
767 2508 888 2561 vixit,
922 2508 1010 2560 jam
1043 2511 1211 2563 propter
1243 2512 1453 2563 peccatum
1487 2508 1558 2550 illa
1589 2508 1745 2552 visione

1781 452 1802 486 5

1780 807 1823 841 10

1778 1161 1820 1195 15

1775 1520 1819 1554 20

1775 1878 1818 1913 25

1772 2235 1817 2269 30

74 2583 197 2622 caret.
252 2578 298 2621 In
336 2579 512 2621 secundo
553 2579 703 2621 circulo
744 2583 862 2621 erant
900 2582 1073 2633 quatuor
1112 2578 1170 2633 D,
1212 2592 1288 2633 que
1321 2579 1529 2622 dicebant:
1569 2580 1745 2623 Demoni
1769 2589 1814 2625 35

74 2649 234 2693 Dedisti
265 2649 386 2692 Dona
416 2650 591 2692 Donata.
639 2649 744 2700 Quid
777 2650 813 2692 ei
845 2649 1019 2692 dedisti?
1065 2649 1185 2711 Certe
1218 2651 1398 2693 animam
1422 2654 1549 2705 tuam,
1582 2652 1743 2706 quando

75 2721 303 2764 mortaliter
334 2722 526 2777 peccasti.
574 2720 661 2763 Hoc
694 2721 850 2776 primus
882 2734 1030 2776 parens
1059 2721 1183 2775 dedit,
1217 2723 1378 2777 quando
1402 2723 1451 2765 de
1474 2736 1594 2778 pomo
1618 2724 1744 2767 vetito

76 2793 266 2835 comedit.
320 2792 441 2835 Dona
478 2793 630 2835 donata
661 2793 686 2834 i.
711 2806 743 2835 e.
770 2793 963 2846 virtutes,
1004 2806 1095 2835 cum
1129 2793 1275 2848 quibus
1307 2797 1347 2836 te
1379 2794 1478 2836 deus
1510 2795 1672 2838 ornavit
1701 2796 1743 2838 in

169 2886 213 2921 33
239 2885 332 2920 Dum
359 2885 476 2930 homo]
503 2891 587 2931 oriq.
606 2885 711 2920 deum
737 2885 926 2920 hominem.
976 2885 1077 2929 vixit]
1104 2891 1188 2931 oriy.
1205 2885 1304 2921 vidit.

168 2944 213 2979 35
238 2944 400 2989 Demoni]
428 2951 512 2992 arsy.
531 2944 705 2979 demonia.
1312 2947 1319 2954 '
