1919 3157
869 97 950 137 617

72 190 151 234 Sed
198 205 288 235 cum
338 194 388 236 ad
436 195 657 250 dignitates
705 200 767 242 vel
808 203 1019 256 potencias
1059 207 1325 261 perveniunt,
1373 212 1608 266 oppositum
1651 226 1748 269 ope-

70 267 214 305 rantur
246 269 286 306 et
319 267 550 311 verificatur
582 271 623 312 in
656 271 714 312 eis
747 273 1030 327 proverbium:
1065 275 1240 319 honores
1273 283 1434 322 mutant
1466 296 1613 325 mores.

731 549 839 604 ⁶206,
873 563 976 606 app.
1002 551 1073 596 10.

109 634 182 680 De
218 637 306 682 dc't’s
339 654 627 698 poyanorvm
659 657 746 702 per
783 658 895 703 quos
932 647 1113 692 virtutes
1144 647 1408 710 philosophi
1445 654 1700 713 intelliyzmt.

178 749 333 804 Pagani
365 752 572 796 tinxerunt
603 760 663 797 tot
695 770 783 798 esse
816 758 912 800 deos
936 764 1035 813 quot
1057 765 1153 802 sunt
1177 763 1348 805 virtutes
1373 765 1450 808 diis
1483 770 1740 823 apropriate3

59 819 158 862 deus
195 821 320 875 igitur
360 825 523 878 pietatis
558 827 803 881 pingebatur
842 829 891 871 ad
932 831 1245 875 similitudinem
1280 835 1456 879 hominis
1489 841 1666 882 tenentis
1699 842 1739 883 in

59 903 184 933 manu
216 905 289 934 sua
321 908 391 936 cor
423 897 593 938 scissum
628 899 669 939 in
703 899 803 940 duos
837 905 987 955 partes.
1035 902 1078 944 In
1112 905 1284 947 circuitu
1318 908 1453 950 cordis
1485 911 1741 954 scribebatur

59 963 193 1004 aureis
225 963 377 1007 literis:
421 968 565 1022 pietas.
620 968 674 1010 Et
705 971 812 1012 circa
852 971 952 1014 illud
995 973 1045 1015 ab
1085 989 1167 1017 una
1208 982 1324 1031 parte
1366 980 1621 1023 scribebatur
1660 984 1738 1025 sic:

58 1036 142 1075 tota
175 1034 241 1076 die
273 1043 445 1092 expecto
479 1045 524 1082 ut
555 1040 716 1094 quando
756 1047 947 1096 peccator
980 1058 1004 1086 a
1035 1059 1108 1087 suo
1151 1053 1318 1102 peccato
1359 1051 1586 1094 recedendo
1624 1067 1739 1096 cure-

56 1108 135 1146 tur.
176 1104 218 1147 In
253 1107 334 1149 alia
357 1114 474 1163 parte
507 1111 641 1153 cordis
674 1112 953 1156 scribebatur:
988 1116 1020 1156 si
1054 1130 1135 1159 non
1160 1124 1269 1160 esset
1291 1126 1505 1175 peccatum
1528 1138 1608 1166 non
1631 1130 1739 1168 esset

56 1176 352 1232 misericordia,
386 1181 419 1221 si
454 1183 572 1224 venia
606 1183 654 1226 de
686 1189 854 1239 peccato
888 1190 1053 1241 petatur
1086 1189 1166 1230 cito
1199 1190 1410 1234 habeatur.

172 1250 407 1292 Moralitas.
463 1252 573 1295 Deus
607 1255 796 1297 dominus
828 1257 995 1312 pietatis
1034 1262 1074 1300 et
1105 1259 1327 1305 clemencie
1359 1276 1428 1305 cor
1459 1266 1632 1309 scissum
1664 1268 1736 1311 ha-

55 1317 123 1361 bet
154 1320 204 1372 ad
237 1321 536 1375 designandum
571 1327 677 1380 quod
712 1341 875 1382 semper
914 1333 976 1370 est
1018 1335 1187 1385 paratus
1228 1337 1268 1375 et
1300 1338 1421 1388 aptus
1454 1341 1495 1378 et
1525 1351 1734 1393 nunquam

53 1389 214 1433 clausus
262 1393 311 1435 ad
352 1395 630 1438 miserandum
674 1399 957 1453 peccatoribus
996 1402 1159 1444 veniam
1205 1406 1453 1459 petentibus.
1516 1408 1632 1452 Unde
1679 1412 1737 1453 ait

51 1460 194 1505 beatus
226 1463 462 1508 Jeronimus
506 1481 629 1523 super
667 1470 906 1526 apocalypsi
946 1472 1093 1526 primo.
1147 1474 1254 1517 Mira
1293 1476 1358 1519 dei
1399 1479 1533 1533 pietas
1575 1485 1615 1523 et
1653 1482 1735 1525 cle-

50 1534 230 1588 mencia,
274 1537 436 1590 quando
475 1541 773 1583 committimus
806 1542 970 1598 culpam
1010 1558 1090 1586 non
1132 1547 1274 1589 statim
1312 1548 1437 1591 infert
1474 1564 1621 1606 penam
1662 1554 1733 1596 sed

49 1605 228 1648 infundit
258 1609 394 1661 gracie
425 1610 626 1653 medelam
661 1617 706 1655 ut
737 1618 902 1656 revocet
931 1616 973 1657 in
1008 1616 1097 1658 face
1128 1617 1430 1675 integritatem,
1465 1626 1504 1664 et
1535 1624 1733 1678 perducat

49 1675 99 1717 ad
131 1677 260 1730 glorie
285 1680 598 1734 jocunditatem.
634 1683 727 1726 Ideo
761 1685 819 1727 ait
851 1685 994 1728 beatus
1016 1688 1275 1741 Augustinus
1306 1691 1349 1732 in
1371 1691 1476 1734 libro
1500 1694 1549 1736 de
1581 1696 1731 1750 spiritu

48 1752 89 1790 et
119 1749 278 1792 anima:
318 1765 439 1794 nemo
472 1753 537 1795 dei
569 1755 856 1799 misericordia
887 1757 1048 1800 diffidat
1079 1760 1175 1814 quia
1214 1761 1346 1815 major
1379 1767 1441 1805 est
1472 1765 1536 1807 dei
1570 1768 1732 1810 miseri-

46 1819 185 1862 cordia
217 1834 338 1876 quam
372 1828 514 1866 nostra
544 1826 722 1869 miseria.

718 2087 822 2143 207,
857 2101 962 2145 app.
987 2090 1051 2134 11.

160 2187 316 2243 Ymago
364 2191 594 2245 penitencie
640 2195 863 2237 secundum
911 2198 1129 2252 remigium
1171 2201 1418 2256 pingebatur
1459 2204 1510 2246 ad
1558 2207 1724 2250 modum

41 2258 219 2302 hominis
250 2260 393 2302 nudati
427 2276 501 2317 per
532 2268 662 2306 totum
696 2266 766 2321 qui
797 2268 966 2310 tenebat
997 2268 1205 2324 flagellum
1247 2273 1290 2315 in
1323 2287 1449 2316 manu
1480 2288 1570 2317 cum
1606 2278 1724 2332 quin—

42 2342 120 2384 que
149 2330 260 2374 foliis
293 2336 333 2374 et
365 2333 545 2389 quinque
583 2337 781 2380 versibus.
836 2338 881 2381 In
923 2341 1057 2396 primo
1096 2342 1194 2385 folio
1236 2348 1325 2387 erat
1362 2345 1457 2388 talis
1498 2348 1721 2403 scriptura:

39 2399 225 2457 Peccavi‚
259 2416 420 2447 cessare
453 2405 566 2459 volo;
601 2408 709 2461 quod
743 2411 907 2465 peccavi
940 2413 1122 2465 graviter
1153 2415 1283 2458 doleo.
1339 2416 1554 2472 Scriptura
1586 2424 1721 2462 autem

39 2473 207 2516 secundi
236 2474 325 2516 folii
359 2481 465 2518 erat:
506 2477 741 2532 penitencia
771 2495 836 2523 me
867 2481 1044 2525 libenter
1076 2484 1255 2538 affligam
1291 2488 1387 2542 quia
1425 2493 1568 2531 contra
1600 2490 1720 2534 deum

38 2543 189 2598 injuste
221 2559 398 2599 egeram.
435 2547 651 2603 Scriptura
681 2551 724 2591 3³³
756 2552 843 2594 folii
877 2558 987 2596 erat:
1021 2559 1150 2597 totam
1184 2571 1299 2612 spem
1328 2572 1479 2614 ponam
1514 2561 1555 2601 in
1588 2561 1718 2603 celum

39 2618 79 2656 et
119 2628 193 2670 pro
233 2618 517 2661 misericordia
555 2621 717 2675 postulo
757 2623 878 2665 deum
920 2638 1069 2668 meum.
1135 2626 1351 2684 Scriptura
1396 2631 1430 2671 4⁵
1476 2631 1563 2673 folii
1610 2637 1716 2675 erat:

38 2698 228 2729 exercere
261 2688 352 2730 volo
385 2704 487 2745 opus
519 2692 800 2736 misericordie
832 2698 877 2736 ut
911 2696 1009 2738 mihi
1044 2699 1255 2753 aperiatur
1287 2713 1391 2742 vena
1413 2702 1540 2744 venie.
1580 2702 1717 2760 Scrip-

38 2759 128 2798 tura
167 2759 202 2799 ὁὶ
234 2759 322 2801 folii
363 2760 457 2803 talis
498 2767 606 2805 erat:
648 2764 688 2805 in
730 2765 814 2807 vita
855 2765 961 2808 bona
1001 2771 1273 2823 perseverabo
1312 2776 1482 2827 propter
1521 2774 1714 2826 gaudium

36 2827 109 2870 celi
142 2830 252 2883 quod
283 2836 467 2886 expecto.

150 2901 387 2944 Mor-alitae.
458 2903 525 2946 Sic
570 2905 817 2960 pingebatur
863 2909 1099 2963 penitencia
1145 2912 1197 2954 ad
1243 2912 1541 2967 designandum
1589 2929 1716 2972 opera

7 2956 131 3012 ⁴vera.
168 2973 402 3028 penitentis.
457 2975 637 3025 Quorum
681 2978 860 3032 primum
902 2984 964 3022 est
1001 2981 1138 3024 dolere
1176 2983 1226 3026 de
1257 2985 1466 3040 preteritis
1499 2991 1540 3028 et
1569 3000 1714 3031 cavere
