1949 3162
114 855 156 888 10

115 1388 156 1420 15

115 1781 159 1814 :20

116 2139 160 2173 25

117 2494 162 2527 30

119 2846 163 2880 35

979 103 1064 145 366

179 211 301 264 jaces,
341 222 414 251 nec
446 223 551 250 uxor
581 209 608 250 i.
633 222 665 251 e.
699 209 837 250 anima
877 209 1071 250 noticiam
1110 208 1279 250 habebit
1315 211 1385 250 tue
1417 207 1574 250 salutis.
1625 207 1732 257 Quid
1763 220 1858 260 ergo

181 285 243 323 est
273 280 534 322 faciendum?
587 279 706 321 Certe
738 284 783 320 ut
814 280 870 320 sis
901 283 1057 321 tractus
1091 279 1141 320 ad
1171 279 1341 320 caudam
1368 280 1472 333 equi.
1523 278 1646 320 Trahi
1670 291 1743 333 per
1765 291 1860 319 cau-

181 351 274 393 dam
314 352 407 405 equi
446 350 572 391 nichil
613 350 722 392 aliud
763 354 824 392 est
864 363 984 403 quam
1020 364 1044 392 a
1075 350 1279 405 principio
1312 351 1394 392 vite
1427 363 1555 404 usque
1594 349 1644 391 ad
1677 361 1859 404 presens,

181 422 277 476 quid
320 426 359 463 et
399 425 595 476 quantum
636 421 770 463 fecisti
808 424 969 462 tantum
1009 421 1147 463 dolere
1180 426 1219 463 et
1251 422 1571 463 satisfactionem
1606 424 1859 476 perpetrare.

180 493 339 535 Deinde
371 496 589 547 postquam
622 493 703 534 ista
732 492 877 533 feceris
910 505 1034 546 perge
1069 493 1118 533 ad
1142 492 1385 534 heremitam
1416 493 1442 533 i.
1463 506 1495 534 e.
1521 493 1740 534 discretum
1765 504 1862 533 con-

179 565 376 606 fessorem
411 564 453 605 in
485 564 640 605 foresta
671 569 810 605 sancte
844 562 1027 616 ecclesie,
1062 564 1172 605 etde
1195 563 1384 604 omnibus
1407 563 1553 617 quibus
1576 568 1719 605 contra
1740 563 1861 604 deum

181 635 390 689 deliquisti
414 648 516 690 pure
546 634 778 676 confitearis
803 633 943 674 clausa
971 635 1153 676 fenestra
1184 635 1210 675 i.
1237 648 1269 676 e.
1296 635 1468 689 private,
1502 648 1583 675 non
1613 634 1663 676 ad
1694 633 1860 676 laudam

182 707 393 747 hominum
442 706 514 748 sed
561 705 612 747 ad
658 710 774 747 tuum
815 704 1020 758 solamen,
1063 710 1102 747 et
1141 706 1281 747 statim
1323 705 1422 746 deus
1465 710 1504 747 et
1545 719 1686 747 omnes
1725 703 1862 758 angeli

181 778 377 819 noticiam
410 777 469 818 tui
502 776 722 818 habebunt.
772 775 931 817 Deinde
953 776 1063 818 facta
1086 777 1340 818 confessione
1360 777 1616 818 vestimentis
1637 776 1663 817 i.
1688 789 1721 817 e.
1746 775 1862 818 bonis

181 849 402 890 virtutibus
441 848 596 903 poteris
634 847 750 889 indui
789 851 830 889 et
868 847 918 888 ad
958 848 1164 902 palacium
1203 848 1337 889 cordis
1375 848 1436 889 tui
1477 851 1632 889 secrete
1670 846 1864 888 accedere

183 924 223 962 et
254 934 395 961 omnes
428 933 572 961 sensus
604 919 665 960 tui
696 932 786 960 cum
822 932 951 961 uxore
981 920 1006 960 i.
1033 933 1065 961 e.
1099 920 1238 961 anima
1269 919 1464 961 noticiam
1506 918 1726 971 habebunt,
1768 917 1865 972 quia

181 1005 301 1033 verus
333 992 559 1046 imperator
590 991 615 1031 i.
641 1004 674 1031 e.
699 990 828 1032 bonus
861 990 1110 1032 christianus
1149 991 1282 1032 factus
1322 1003 1378 1043 65,
1420 994 1460 1031 61
1499 1003 1573 1044 per
1611 1001 1864 1043 consequens

181 1063 309 1104 vitam
342 1066 528 1104 eternam
560 1061 776 1103 obtinebis.
830 1061 896 1103 Ad
929 1076 1050 1116 quam
1086 1062 1296 1117 perducat.

861 1292 963 1334 CAP.
989 1293 1056 1333 60.
1086 1294 1188 1343 (52.)

533 1379 608 1424 De
644 1380 840 1424 avaritia
878 1385 919 1424 et
953 1378 1044 1438 qjus
1079 1379 1231 1424 subtili
1267 1380 1514 1424 conamine.

300 1487 476 1538 Quidam
507 1501 579 1529 rex
613 1491 714 1541 erat,
757 1487 826 1541 qui
857 1486 985 1528 filiam
1017 1487 1182 1529 unicam
1214 1487 1428 1542 pulchram
1462 1490 1503 1528 et
1533 1486 1762 1540 graciosam
1794 1498 1867 1527 no-

184 1559 294 1601 mine
334 1558 631 1600 Rosimundam
664 1559 853 1601 habebat.
906 1558 1050 1600 Puella
1088 1559 1169 1600 ista
1200 1571 1290 1600 cum
1326 1559 1377 1599 ad
1409 1561 1560 1600 etatem
1594 1557 1741 1599 denam
1773 1570 1867 1612 per-

184 1631 376 1683 venisset,
418 1635 508 1672 erat
537 1634 621 1672 tam
656 1630 775 1671 abilis
807 1631 849 1672 in
882 1629 1097 1682 currendo,
1139 1629 1247 1683 quod
1279 1629 1404 1670 cicius
1438 1628 1489 1670 ad
1519 1629 1741 1670 terminum
1774 1642 1867 1683 per-

183 1706 366 1754 venerat,
400 1705 621 1755 antequam
646 1700 795 1754 aliquis
821 1715 912 1743 eam
938 1705 1108 1754 tangere
1134 1704 1285 1755 posset.
1338 1699 1427 1742 Rex
1443 1714 1518 1755 per
1538 1704 1672 1742 totum
1693 1712 1866 1752 regnum

184 1773 433 1829 proclamari
464 1773 631 1825 fecerat,
666 1772 774 1826 quod
807 1773 1054 1827 quicumque
1093 1784 1187 1813 cum
1218 1770 1303 1813 filia
1335 1785 1410 1813 sua
1440 1771 1605 1813 volebat
1631 1783 1796 1813 currere
1828 1774 1869 1812 et

185 1845 236 1886 ad
275 1844 398 1886 finem
437 1844 605 1886 termini
642 1847 738 1885 ante
771 1857 860 1885 eam
893 1843 1142 1898 perveniret,
1182 1843 1317 1898 ipsam
1349 1843 1391 1884 in
1424 1855 1594 1884 uxorem
1626 1841 1797 1884 haberet
1828 1845 1869 1884 et

184 1920 316 1958 totum
355 1929 528 1968 regnum
567 1919 663 1970 post
700 1915 787 1969 ejus
821 1915 1052 1966 decessum3
1093 1915 1127 1956 51
1166 1928 1263 1956 vero
1297 1913 1445 1968 aliquis
1476 1914 1552 1955 hoc
1585 1917 1866 1969 attemptaret,

185 1991 226 2029 61
265 1987 314 2029 (16
353 1999 476 2028 6111511
513 1985 724 2040 deficeret,
774 1990 898 2041 caput
936 1986 1157 2028 amitteret.
1211 1985 1338 2027 Facta
1376 1984 1705 2039 proclamacione
1751 1985 1869 2039 quasi

184 2057 336 2100 infiniti
368 2071 411 2099 se
445 2057 682 2099 obtulerunt
713 2070 805 2098 cum
839 2070 887 2097 66
919 2070 1097 2109 61111616,
1131 2061 1171 2098 61
1202 2060 1402 2111 quotquot
1432 2069 1526 2098 cum
1557 2069 1605 2097 ea
1635 2056 1868 2110 currebant,

186 2143 327 2171 omnes
368 2128 612 2171 deficiebant
652 2132 692 2170 61
729 2127 866 2182 capita
906 2128 1146 2169 amiserunt.
1204 2127 1308 2169 Erat
1346 2131 1444 2168 tunc
1482 2126 1650 2181 quidam
1687 2127 1730 2169 in
1769 2127 1870 2169 civi—

185 2204 270 2242 tate
302 2213 460 2255 pauper
492 2199 659 2240 nomine
692 2198 861 2252 Abibas,
896 2199 964 2253 qui
996 2199 1107 2241 intra
1139 2212 1182 2240 se
1219 2197 1444 2252 cogitabat:
1476 2197 1640 2253 Pauper
1672 2210 1746 2251 ego
1778 2211 1868 2239 sum

187 2275 227 2313 et
265 2271 315 2312 de
354 2271 426 2312 vili
465 2270 665 2324 sanguine
706 2270 943 2324 productus.
994 2269 1039 2312 Si
1075 2283 1150 2325 per
1188 2269 1369 2323 aliquam
1401 2269 1509 2310 viam
1550 2282 1712 2323 possem
1745 2269 1869 2311 istam

185 2341 364 2398 puellam
407 2341 636 2395 devincere,
676 2354 758 2382 non
797 2341 930 2382 solun]
973 2354 1046 2394 ego
1088 2344 1301 2396 promotus
1345 2352 1498 2393 essem,
1538 2339 1611 2381 sed
1650 2343 1691 2381 et
1727 2353 1869 2382 omnes

190 2412 258 2467 [47
272 2412 313 2467 b]
347 2413 397 2454 de
429 2426 519 2454 meo
552 2412 763 2465 sanguine.
813 2411 1063 2454 Providebat
1095 2412 1173 2454 sibi
1198 2411 1304 2453 detri
1326 2410 1401 2452 bus
1424 2410 1609 2464 cautelis,
1642 2410 1799 2453 scilicet
1819 2411 1869 2453 de

187 2488 296 2526 serto
319 2497 522 2537 rosarum,
553 2483 649 2537 quia
670 2483 742 2524 illa
764 2483 900 2537 puelle
922 2487 1136 2538 appetunt,
1173 2481 1351 2524 secundo
1381 2481 1430 2523 de
1460 2494 1565 2522 zona
1586 2482 1717 2524 serica
1746 2495 1869 2536 quam

187 2555 323 2610 puelle
362 2555 538 2597 libenter
580 2558 739 2609 optant,
779 2554 906 2595 tercio
946 2554 996 2596 de
1036 2554 1168 2596 loculo
1201 2553 1331 2595 serico
1364 2557 1405 2594 et
1434 2552 1542 2593 infra
1573 2551 1753 2594 loculum
1784 2552 1870 2607 pila
1908 2562 1915 2566 ‘

189 2627 364 2680 quedam
398 2630 486 2668 erat
517 2625 728 2678 deaurata,
761 2639 887 2680 super
918 2625 1045 2680 pilam
1078 2624 1300 2680 descriptio
1333 2623 1462 2664 talisz'
1485 2622 1563 2672 Qui
1583 2636 1744 2665 mecum
1764 2623 1870 2665 ludit

187 2711 413 2752 numquam
453 2697 502 2738 de
540 2696 636 2737 ludo
669 2695 905 2737 saciabitur.
954 2696 1040 2737 Hec
1078 2696 1160 2737 tria
1189 2695 1278 2750 ipse
1310 2694 1353 2735 in
1385 2694 1478 2735 sinu
1518 2707 1591 2735 suo
1623 2695 1784 2749 posuit,
1817 2693 1869 2736 ad

188 2768 394 2823 palacium
433 2767 631 2823 perrexit,
672 2770 712 2808 et
753 2767 944 2821 pulsavit.
992 2767 1124 2809 Adest
1157 2766 1315 2820 janitor
1347 2769 1388 2807 et
1418 2777 1585 2806 causam
1616 2764 1868 2820 pulsacionis

188 2838 365 2893 petebat.
414 2838 491 2888 Qui
531 2839 610 2880 ait:
661 2837 835 2879 Paratus
876 2851 965 2879 sum
1011 2851 1103 2880 cum
1143 2837 1282 2892 puella
1321 2850 1497 2878 currere.
1547 2835 1623 2877 Illa
1660 2849 1753 2878 cum
1792 2835 1870 2877 hoc

190 2909 371 2951 audisset
410 2909 616 2963 quandam
655 2909 880 2951 fenestram
920 2909 1096 2964 aperuit,
1137 2913 1178 2950 61
1215 2921 1308 2949 611111
1346 2921 1439 2950 611111
1471 2906 1645 2949 vidisset
1672 2906 1716 2948 in
1747 2906 1870 2948 corde

190 2993 263 3021 suo
296 2980 486 3035 despexit
517 2983 557 3022 et
588 2980 664 3021 ait:
698 2978 805 3022 Ecce
837 2993 960 3034 quam
991 2979 1192 3035 reprobus
1225 2982 1288 3020 est
1318 2991 1410 3020 cum
1433 2991 1513 3032 quo
1535 2991 1700 3020 currere
1722 2976 1867 3020 debeo!
