1949 3162
1016 91 1102 131 478

857 218 959 260 CAP.
987 219 1082 260 127.
1118 219 1251 269 (119.)

347 307 420 351 De
440 306 621 365 justitia
660 312 700 351 et
734 307 922 366 equitate
959 306 1260 351 dissertissimi
1282 305 1456 364 judicis
1498 305 1665 351 Christi
1694 320 1778 364 per

866 387 1036 433 occulta
1059 388 1253 447 judicia.

334 478 451 521 Miles
490 479 654 533 quidam
697 482 898 533 tyrannus
938 482 1044 525 erat„
1086 479 1155 533 qui
1196 493 1267 533 per
1299 478 1429 520 multa
1468 483 1655 534 tempora
1697 478 1901 532 quendam

169 560 190 592 5
216 549 414 592 famulum
448 550 609 592 fidelem
642 550 775 592 tenuit
808 563 853 591 ac
885 550 926 591 in
960 550 1148 591 omnibus
1180 549 1411 604 providum.
1467 549 1652 599 Quadam
1694 562 1789 590 vero
1822 548 1900 601 die,

217 635 306 663 cum
343 621 392 663 ad
427 621 631 663 nundinas
664 634 756 663 cum
790 621 930 663 eodem
966 634 1083 662 servo
1116 634 1190 675 per
1221 634 1365 662 nemus
1399 621 1615 673 transiret,
1654 619 1824 673 accidit,
1857 625 1903 662 ut

216 693 334 734 miles
368 706 465 734 xxx
489 705 649 734 marcas
683 692 842 746 argenti
879 693 919 733 in
954 692 1088 733 medio
1120 692 1302 734 nemoris
1344 692 1554 747 perderet,
1594 691 1748 733 famulo
1786 691 1902 745 igno-

216 769 345 806 rante.
395 763 498 805 Cum
531 765 746 819 pecuniam
779 777 861 805 non
894 763 1117 816 inveniret,
1150 763 1349 805 famulum
1384 763 1674 817 interrogavit,
1713 762 1745 804 81
1778 775 1902 818 pecu-

215 835 326 876 niam
359 835 597 877 invenisset.
647 835 722 885 Qui
747 835 886 876 statim
911 834 1078 888 negavit
1100 838 1140 876 et
1156 835 1298 888 jurare
1331 835 1452 890 cepit,
1487 834 1594 888 quod
1617 833 1742 875 nichil
1765 834 1901 887 sciret,

148 914 190 947 10
216 910 256 948 et
287 920 428 947 verum
471 906 588 948 dixit.
648 906 736 956 Qua
775 920 856 948 non
898 905 1064 947 inventa
1103 906 1243 947 statim
1287 906 1430 961 pedem
1470 904 1615 947 famuli
1656 904 1900 960 amputavit,

217 981 256 1019 et
295 991 340 1018 eo
380 976 538 1018 relicto'
562 977 672 1018 domi
713 978 908 1033 perrexit.
970 977 1073 1018 Erat
1111 991 1239 1032 prope
1279 978 1387 1018 viam
1427 977 1649 1031 heremita,
1700 977 1769 1032 qui
1808 988 1900 1017 cum

214 1047 353 1089 fletum
395 1053 435 1090 et
481 1048 701 1090 clamorem
749 1049 892 1090 famuli
943 1048 1123 1101 audiret,
1172 1048 1368 1090 volociter
1416 1049 1616 1102 occurrit,
1663 1047 1901 1102 audivitque

215 1119 510 1161 confessionem
547 1119 698 1174 ipsius,
732 1123 772 1162 et
804 1119 899 1160 dum
933 1124 1197 1172 cognosceret
1229 1133 1320 1161 eum
1359 1120 1640 1173 innocentem,
1679 1119 1730 1161 ad
1762 1118 1901 1172 hospi-

215 1190 321 1232 cium
365 1204 483 1232 suum
516 1191 653 1246 ipsum
692 1191 733 1232 in
767 1191 850 1232 suis
885 1190 1064 1232 humeris
1099 1191 1300 1246 portando
1334 1191 1658 1233 misericorditer
1691 1190 1898 1245 perduxit.

150 1268 190 1302 15
215 1261 374 1304 Deinde
407 1262 631 1303 oratorium
665 1275 784 1303 suum
818 1262 990 1303 intravit
1028 1267 1067 1303 et
1103 1262 1267 1303 domino
1308 1262 1628 1318 improperavit,
1673 1262 1781 1316 quod
1817 1275 1901 1304 non

215 1337 324 1375 esset
349 1333 487 1387 justus
514 1333 642 1386 judex
677 1347 743 1386 eo,
778 1333 886 1387 quod
918 1333 1033 1374 illum
1068 1334 1328 1376 innocentem
1362 1334 1570 1376 hominem
1603 1333 1747 1389 pedem
1782 1347 1901 1375 suum

214 1404 386 1459 perdere
427 1405 696 1459 permisisset.
756 1403 941 1458 Cumque
981 1404 1140 1446 diucius
1181 1409 1340 1446 orasset
1380 1409 1420 1446 et
1450 1404 1631 1447 flevisset
1662 1408 1703 1446 et
1734 1405 1900 1446 domino

215 1475 333 1529 quasi
380 1489 454 1530 pro
493 1475 597 1517 falso
631 1475 787 1528 judicio
827 1475 1128 1530 quodammodo
1174 1477 1521 1531 improperasset,
1570 1477 1684 1518 venit
1723 1476 1774 1518 ad
1807 1489 1899 1518 eum

216 1546 399 1600 angelus,
433 1546 592 1588 dicens:
626 1546 837 1600 Numquid
868 1547 1005 1600 legisti
1038 1548 1079 1588 in
1109 1546 1283 1589 Psalm.:
1318 1547 1430 1590 Deus
1456 1548 1586 1601 judex
1612 1548 1749 1601 justus
1780 1548 1899 1589 fortis

145 1625 190 1659 20
216 1622 256 1659 et
295 1618 487 1673 paciens?
527 1618 583 1659 At
620 1618 710 1659 ille:
755 1617 998 1660 Multociens
1037 1619 1117 1672 legi
1156 1619 1257 1661 illud
1297 1624 1336 1661 et
1375 1619 1531 1662 credidi
1564 1632 1614 1661 ex
1646 1622 1731 1661 toto
1764 1618 1898 1671 corde,

215 1689 286 1730 sed
326 1689 391 1731 vel
423 1703 496 1742 ego
529 1689 649 1731 hodie
682 1690 835 1742 erravi,
879 1694 949 1731 aut
980 1690 1048 1732 ille
1081 1691 1224 1744 miser,
1267 1691 1335 1745 qui
1375 1691 1521 1745 pedem
1561 1704 1680 1732 suum
1719 1689 1901 1745 perdidit

215 1760 289 1802 sub
323 1761 526 1802 velamine
549 1761 833 1812 confessionis,
867 1761 1028 1816 decepit
1061 1775 1145 1803 me.·
1185 1761 1414 1817 Respondit
1444 1761 1633 1815 angelus:
1667 1761 1760 1803 Noli
1787 1760 1899 1815 loqui

216 1832 411 1874 adversus
445 1832 656 1873 dominum
696 1833 980 1886 iniquitatem,
1022 1833 1118 1887 quia
1150 1846 1291 1874 omnes
1324 1834 1388 1875 vie
1421 1833 1506 1887 ejus
1546 1832 1718 1886 veritas,
1761 1836 1802 1874 et
1831 1832 1899 1885 ju-

215 1903 323 1945 dicia
355 1903 440 1957 ejus
473 1903 646 1958 equitas.
701 1903 954 1946 Commenda
988 1904 1196 1957 memorie,
1230 1905 1339 1959 quod
1371 1905 1508 1960 sepius
1540 1904 1697 1957 legisti:
1734 1903 1899 1946 Judicia

144 1981 189 2014 25
214 1974 279 2016 dei
312 1974 472 2016 abissus
513 1974 653 2016 multa.
713 1974 827 2017 Scias
869 1975 1028 2029 itaque,
1068 1975 1182 2017 illum
1227 1976 1433 2018 hominem
1473 1976 1619 2031 pedem
1660 1988 1780 2017 suum
1822 1987 1897 2030 pro

214 2045 336 2100 culpa
373 2045 502 2087 veteri
543 2045 790 2100 perdidisse3
834 2060 929 2088 nam
970 2051 1063 2088 ante
1104 2047 1235 2089 multa
1275 2052 1464 2103 tempora
1495 2061 1587 2089 cum
1621 2047 1761 2089 eodem
1794 2045 1898 2102 pede

213 2121 387 2159 matrem
421 2131 536 2158 suam
570 2117 836 2172 precipitavit
872 2117 1064 2160 malivole
1104 2119 1153 2160 de
1187 2118 1363 2173 quadam
1405 2118 1519 2172 biga,
1563 2132 1634 2172 pro
1677 2131 1756 2173 quo
1788 2117 1897 2159 facto

214 2192 356 2243 postea
394 2202 619 2242 numquam
659 2188 904 2242 condignam
945 2189 1220 2244 penitenciam
1268 2190 1362 2243 egit.
1424 2188 1542 2231 Miles
1591 2188 1660 2231 ille
1707 2189 1897 2230 dominus

214 2273 312 2301 suus
345 2259 507 2301 volebat
542 2258 660 2313 [108]
697 2260 951 2301 dextrarium
986 2274 1140 2314 emere,
1180 2261 1230 2303 ad
1263 2260 1594 2314 congregandum
1627 2260 1803 2314 majores
1835 2260 1897 2302 di-

144 2337 190 2371 30
214 2330 341 2372 vicias
374 2331 415 2372 in
448 2330 766 2372 deterimentum
800 2332 935 2373 anime
968 2346 1060 2385 sue,
1101 2336 1141 2374 et
1172 2332 1264 2374 ideo
1290 2332 1403 2386 justo
1436 2331 1500 2373 dei
1527 2331 1684 2386 judicio
1716 2330 1898 2386 perdidit

214 2401 445 2457 pecuniam.
495 2401 670 2451 Quidam
703 2416 860 2458 pauper
893 2403 1023 2445 fidelis
1056 2417 1145 2445 cum
1182 2416 1311 2445 uxore
1344 2407 1384 2445 et
1414 2402 1599 2458 parvulis
1631 2402 1716 2443 suis
1748 2402 1898 2444 cotidie

214 2473 379 2514 domino
413 2472 714 2528 supplicabant,
748 2478 793 2516 ut
825 2474 1064 2528 dignaretur
1095 2475 1173 2517 sibi
1205 2475 1247 2516 in
1280 2474 1524 2516 necessariis
1557 2473 1793 2528 providere,
1827 2473 1896 2528 qui

215 2544 429 2600 pecuniam
464 2544 622 2585 invenit
644 2548 684 2586 et
705 2545 928 2586 confessori
951 2559 1023 2587 suo
1047 2545 1196 2588 obtulit
1227 2545 1565 2601 dispendendam.
1615 2543 1692 2594 Qui
1723 2544 1897 2586 circum-

216 2628 376 2669 quaque
418 2615 664 2656 sciscitando
706 2616 906 2658 veraciter
945 2616 1060 2658 illum
1107 2616 1293 2658 invenire
1323 2630 1404 2658 non
1444 2616 1597 2671 potuit,
1639 2615 1753 2670 eujus
1794 2619 1894 2657 erat.

145 2692 190 2727 35
215 2685 326 2738 Ergo
367 2685 499 2727 eidem
541 2686 713 2740 pauperi
756 2691 915 2740 partem
956 2687 1138 2741 ejusdem
1179 2687 1350 2742 pecunie
1381 2686 1528 2728 tribuit
1558 2691 1728 2742 propter
1760 2686 1895 2739 deum,

215 2757 424 2798 residuam
463 2756 555 2798 aliis
594 2756 843 2811 pauperibus
883 2759 1079 2812 erogavit.
1144 2758 1254 2800 Pone
1303 2771 1398 2812 ergo
1444 2757 1670 2799 custodiam
1713 2757 1773 2798 ori
1811 2761 1894 2810 tuo,

215 2841 266 2869 ne
306 2828 470 2869 domino
510 2827 768 2881 aliquatenus
809 2829 1086 2884 improperes,
1137 2833 1182 2871 ut
1220 2829 1374 2882 fecisti,
1415 2841 1507 2870 cum
1551 2829 1640 2883 ipse
1679 2828 1732 2870 sit
1764 2827 1893 2882 judex

215 2911 349 2952 verus,
382 2899 502 2940 fortis
535 2902 576 2940 et
606 2898 784 2954 paciens.

309 2979 353 3013 25
380 2979 502 3023 multa]
531 2985 614 3025 oriy.
634 2979 757 3014 inulta.
