1919 3157
876 71 960 111 459

78 168 235 211 dicetur
281 169 379 212 illud
429 171 570 214 Matth.
606 187 718 216 xxv:
769 175 934 229 Venite,
983 177 1184 220 benedicti
1234 180 1364 234 patris
1411 185 1486 223 616.
1554 182 1755 238 Reprobis

79 244 238 282 autem:
273 241 343 294 lte,
377 243 582 285 maledicti
616 250 691 286 etc.

713 463 814 506 ΟΜ».
854 466 947 506 117.
982 468 1113 515 (109.)

76 544 149 590 ,De
185 545 418 592 obstinatis
465 554 505 593 et
550 553 747 595 eomer-te·
791 567 883 596 mm
928 552 1173 599 volentibus
1220 561 1259 600 et
1304 571 1457 601 eorum
1500 558 1637 618 playa
1668 575 1754 619 per

617 633 899 693 diffinitivam
937 639 1207 681 sententiam.
1777 651 1798 685 5

190 735 431 780 Fredericus
471 741 677 794 regnavit,
717 743 785 796 qui
824 743 969 785 statuit
1010 758 1081 799 pro
1114 745 1224 799 lege,
1267 747 1374 800 quod
1413 749 1645 803 quicunque
1677 750 1751 792 ali-

74 819 195 861 quam
229 808 429 862 virginem
466 811 501 852 vi
535 817 718 867 raperet,
756 813 788 854 si
823 813 971 868 aliquis
1004 829 1092 857 eam
1127 816 1176 858 de
1208 831 1333 859 manu
1365 821 1543 874 raptoris
1574 819 1751 864 liberare

73 883 233 933 posset,
274 893 361 922 eam
396 881 436 922 in
471 895 639 924 uxorem
674 883 862 937 duceret,
900 886 934 926 si
968 886 1003 927 ei
1036 886 1228 942 placeret.
1277 890 1441 932 Accidit
1471 904 1610 945 casus,
1643 893 1749 947 quod

73 949 239 1004 quidam
278 956 478 1006 tyrannus
516 954 720 1008 quandam
755 956 953 1009 virginem
989 959 1127 1013 rapuit
1158 962 1198 1000 et
1231 960 1278 1001 ad
1314 962 1518 1015 quandam
1552 963 1747 1005 forestam

72 1033 160 1062 eam
185 1021 304 1064 duxit
324 1026 364 1064 et
395 1023 622 1078 defloravit,
655 1025 725 1067 illa
760 1040 854 1069 vero
876 1041 973 1070 voce
995 1042 1146 1083 magna
1177 1030 1383 1073 clamavit.
1431 1032 1548 1075 Miles
1581 1034 1747 1089 quidam
1777 1042 1819 1075 10

70 1091 219 1134 nobilis
251 1106 399 1147 genere
432 1100 472 1137 et
503 1110 625 1152 opere
659 1111 681 1138 a
712 1110 809 1139 casu
841 1112 914 1154 per
936 1100 1106 1142 eandem
1132 1101 1325 1144 forestam
1361 1105 1560 1158 equitavit
1586 1109 1626 1147 et
1656 1119 1746 1148 cum

72 1175 209 1205 vocem
252 1165 388 1220 puelle
427 1167 602 1219 audivit,
651 1170 855 1223 percussit
896 1183 1044 1224 equum
1088 1185 1180 1214 cum
1220 1174 1448 1217 calcaribus
1490 1181 1530 1219 et
1568 1177 1618 1218 ad
1658 1191 1746 1219 eam

70 1235 259 1289 pervenit
290 1241 330 1278 et
361 1251 526 1280 causam
559 1239 750 1282 clamoris
785 1240 834 1282 ab
867 1255 914 1283 ea
947 1243 1134 1297 quesivit.
1190 1244 1264 1286 Cui
1297 1246 1384 1288 illa:
1420 1246 1452 1288 O
1482 1248 1646 1291 domine
1678 1250 1747 1302 mi,

69 1311 238 1362 propter
270 1308 390 1350 deum
420 1310 543 1351 michi
566 1312 812 1354 succurrite!
850 1312 918 1355 1116
940 1318 1140 1369 tyrannus
1164 1330 1228 1358 me
1251 1317 1289 1358 vi
1312 1319 1451 1373 rapuit
1473 1323 1514 1361 et
1535 1319 1750 1362 defloravit

68 1380 110 1419 et
139 1382 234 1433 post
263 1379 339 1421 1106
371 1394 436 1422 1116
467 1381 650 1423 occ-idere
682 1384 911 1437 proposuit.
967 1385 1040 1428 Ait
1079 1392 1241 1442 raptor:
1282 1388 1481 1443 Domine,
1522 1404 1626 1433 uxor
1657 1406 1748 1434 mea
1776 1398 1818 1432 15

68 1453 131 1491 est
161 1453 202 1492 et
233 1464 320 1492 eam
356 1452 396 1493 in
430 1452 632 1494 adulterio
664 1453 822 1505 inveni;
855 1455 946 1496 ideo
980 1470 1069 1499 eam
1104 1459 1288 1501 occidere
1321 1462 1529 1517 proposui.
1568 1463 1625 1504 At
1654 1463 1745 1506 illa:

67 1519 266 1575 Domine,
307 1536 387 1565 non
428 1528 490 1566 est
528 1525 604 1574 ita3
660 1538 883 1579 numquam
925 1541 1028 1569 uxor
1068 1529 1239 1583 alicujus
1279 1545 1414 1586 eram,
1454 1547 1528 1575 1166
1567 1547 1745 1589 unquam

67 1591 224 1647 polluta
261 1594 341 1636 nisi
383 1594 501 1637 hodie
542 1609 615 1651 per
653 1596 810 1651 ipsum3
856 1597 948 1640 ideo
988 1600 1111 1641 michi
1151 1604 1397 1645 succurrite!
1443 1605 1590 1647 Adhuc
1629 1606 1747 1659 signa

2 1705 7 1710 ,
67 1663 315 1718 virginitatis
360 1666 400 1707 in
449 1680 514 1708 me
562 1671 742 1709 manent.
806 1668 879 1711 Ait
925 1669 1042 1712 miles
1090 1672 1301 1716 tirannus:
1356 1674 1483 1729 Signa
1528 1677 1747 1719 manifesta

67 1735 317 1788 virginitatis
349 1737 389 1778 in
415 1751 463 1779 ea
495 1738 625 1791 video,
659 1739 766 1793 quod
800 1740 839 1781 vi
871 1754 959 1782 eam
992 1743 1166 1798 rapuisti
1201 1758 1247 1787 36
1268 1745 1499 1799 deflorasti3
1533 1748 1622 1790 ideo
1655 1762 1745 1791 eam
1771 1755 1816 1789 20

66 1805 116 1848 de
146 1807 337 1850 manibus
374 1810 455 1850 tuis
495 1809 690 1852 liberabo.
751 1810 980 1867 Respondit
1018 1814 1225 1858 tirannus:
1268 1816 1308 1859 Si
1350 1818 1526 1860 volueris
1567 1833 1657 1861 eam
1698 1820 1747 1862 li-

65 1876 222 1932 berare,
255 1893 329 1935 pro
352 1893 399 1922 ea
431 1880 621 1934 pugnabo
655 1886 798 1924 contra
828 1886 881 1925 te.
931 1882 1078 1927 Statim
1111 1887 1231 1930 ambo
1254 1888 1483 1932 adinvicem
1509 1891 1747 1946 pugnabant

66 1952 107 1991 et
137 1949 260 1992 duros
282 1951 387 1993 ictus
413 1951 489 1993 sibi
513 1952 686 1995 invicem
712 1953 913 1996 dederunt
935 1960 975 1997 et
994 1957 1114 2000 miles
1138 1960 1349 2002 victoriam
1384 1961 1575 2015 obtinuit,
1606 1967 1745 2005 tamen

64 2021 245 2073 graviter
277 2022 514 2065 vulneratus
548 2028 647 2066 erat.
698 2024 876 2067 Obtenta
907 2027 1079 2070 victoria
1111 2030 1168 2072 ait
1199 2031 1317 2073 miles
1350 2032 1504 2087 puelle:
1537 2033 1745 2089 Numquid

65 2091 138 2134 tibi
171 2092 318 2147 placet,
352 2098 397 2135 ut
429 2098 469 2135 te
501 2095 542 2136 in
575 2109 745 2138 uxorem
779 2099 1006 2153 accipiam?
1046 2100 1133 2151 Que
1165 2103 1240 2144 ait:
1274 2102 1362 2145 Hoc
1393 2118 1554 2146 summo
1588 2110 1628 2147 et
1658 2110 1743 2148 toto
1769 2116 1813 2150 25

63 2163 184 2206 corde
223 2164 411 2207 desidero
452 2170 493 2207 et
533 2179 656 2222 super
695 2167 771 2209 hoc
820 2168 941 2212 fidem
981 2185 1116 2214 meam
1163 2173 1237 2215 tibi
1289 2174 1352 2216 do.
1413 2174 1514 2217 Fide
1552 2176 1649 2218 data
1687 2177 1744 2219 ait

63 2233 180 2276 miles
213 2235 369 2290 puelle:
405 2236 448 2278 In
471 2242 606 2279 castro
628 2251 719 2280 meo
744 2253 816 2295 per
839 2241 997 2296 aliquos
1021 2243 1107 2285 dies
1139 2245 1344 2296 manebis;
1378 2246 1543 2288 interim
1575 2261 1741 2302 pergam

63 2305 113 2347 ad
147 2311 338 2361 parentes
372 2320 482 2350 meos
516 2313 557 2350 et
587 2312 819 2354 necessaria
850 2326 924 2368 pro
956 2315 1117 2369 nupciis
1150 2317 1386 2371 providebo,
1419 2322 1460 2359 et
1491 2323 1587 2360 tunc
1620 2320 1670 2361 ad
1703 2323 1742 2362 te

63 2376 204 2419 redibo
237 2382 278 2420 et
308 2391 400 2420 eum
434 2393 586 2433 magna
617 2381 908 2438 solempnitate
939 2388 980 2427 te
1011 2385 1281 2441 desponsabo.
1338 2388 1424 2438 Que
1456 2390 1532 2431 ait:
1565 2389 1741 2433 Domine

60 2452 199 2502 presto
230 2462 321 2491 sum
354 2450 557 2492 voluntati
590 2456 724 2495 vestre
756 2467 829 2508 per
851 2456 990 2498 omnia
1022 2456 1200 2500 obedire.
1249 2458 1367 2501 Miles
1397 2460 1433 2502 ei
1456 2460 1668 2514 valedixit,
1701 2466 1742 2504 et
1766 2472 1810 2506 30

60 2517 132 2560 illa
163 2519 214 2561 ad
236 2524 415 2563 castrum
450 2523 644 2576 perrexit.
693 2524 800 2566 Dum
835 2531 973 2568 autem
996 2527 1113 2570 miles
1141 2534 1259 2571 extra
1279 2544 1394 2572 suam
1418 2532 1595 2587 patriam
1619 2537 1739 2586 esset,

61 2593 107 2632 ut
136 2593 369 2634 necessaria
401 2606 475 2648 pro
507 2594 668 2649 nupeiis
701 2596 931 2650 ordinaret,
970 2603 1168 2653 tyrannus
1201 2601 1250 2643 ad
1283 2606 1464 2644 castrum
1498 2603 1641 2646 militis
1673 2618 1739 2647 36-

60 2661 195 2715 cessit,
228 2663 270 2704 in
303 2677 381 2718 quo
414 2669 502 2706 erat
536 2665 671 2719 puella
701 2671 742 2708 et
774 2668 985 2723 pulsabat3
1019 2670 1090 2712 illa
1122 2684 1217 2713 vero
1249 2673 1463 2715 introitum
1497 2674 1532 2716 ei
1558 2676 1735 2728 negavit.

60 2731 276 2787 Tyrannus
297 2734 453 2790 incepit
479 2735 611 2778 multa
632 2739 872 2792 promittere
895 2745 936 2782 et
957 2754 1047 2783 eam
1070 2741 1111 2783 in
1135 2756 1304 2786 uxorem
1326 2744 1547 2787 honorifice
1569 2745 1735 2799 ducere3

60 2801 131 2845 illa
162 2818 257 2846 vero
289 2805 409 2848 dictis
442 2807 528 2861 ejus
561 2808 730 2851 credens
764 2823 854 2852 eum
887 2812 1113 2855 intromisit
1144 2819 1185 2856 et
1215 2815 1334 2857 ambo
1368 2815 1490 2857 simul
1521 2816 1594 2858 illa
1618 2822 1737 2861 nocte
1761 2827 1806 2862 35

59 2872 325 2918 dormierunt.
388 2877 506 2920 Miles
548 2884 683 2922 autem
725 2886 819 2936 post
850 2896 1033 2925 mensem
1081 2885 1205 2927 rediit
1242 2890 1282 2928 et
1319 2887 1370 2928 ad
1410 2891 1570 2942 portam
1610 2890 1734 2931 castri

24 2944 259 3000 .pulsavit;
304 2948 442 3004 puella
489 2950 526 2992 ei
566 2963 645 2992 non
693 2953 917 3008 respondit.
983 2954 1052 2997 llle
1097 2955 1173 2998 hoe
1214 2957 1384 2999 audiens
1424 2962 1464 3000 et
1503 2959 1734 3016 percipiens
