1949 3162
1006 35 1090 77 646

211 143 341 184 virum
385 145 571 184 sanctum
608 142 634 183 i.
665 155 698 184 e.
740 142 1015 184 confessorem
1058 145 1098 183 et
1136 154 1333 195 permane
1371 154 1463 182 cum
1505 154 1550 182 eo
1589 142 1614 182 i.
1650 154 1683 183 e.
1725 140 1883 196 comple

209 213 426 256 consilium
460 226 578 254 suum
612 215 652 254 et
693 213 752 255 sic
791 213 919 255 vitam
960 217 1073 254 tuam
1114 211 1334 254 salubriter
1373 225 1463 254 cum
1505 212 1737 267 penitencia
1773 225 1883 255 com-

209 284 353 340 plebis,
388 284 496 339 quod
528 283 646 326 nobis
678 286 753 326 etc.

876 552 976 608 245,
1010 565 1113 608 app.
1140 552 1216 596 49.

323 653 436 696 Dicit
465 654 679 710 ysidorus,
713 655 820 710 quod
853 658 915 697 est
946 654 1109 708 quidam
1143 654 1250 710 lapis
1283 655 1351 709 qui
1384 668 1552 708 magnes
1583 658 1774 709 vocatur,
1814 655 1882 709 qui

206 725 361 768 ferrum
395 726 444 768 ad
478 740 521 768 se
552 726 691 768 trahit.
727 725 807 768 Sed
839 729 901 767 est
931 725 1035 767 alius
1068 725 1188 781 lapis,
1221 738 1275 767 sc.
1307 725 1489 779 adamas,
1523 725 1592 780 qui
1624 729 1686 768 est
1717 726 1766 768 de
1797 739 1882 768 ma-

201 797 282 851 jori
314 797 569 851 fortitudine,
604 798 700 852 quia
730 797 829 839 facit
859 797 1012 838 ferrum
1047 796 1095 838 de
1127 800 1318 850 magnete
1351 797 1401 838 ad
1434 810 1477 839 se
1508 801 1726 839 revertere.

323 869 559 911 Moralz‘tas.
614 869 847 915 Karissimi.
896 867 974 910 Per
996 871 1228 921 magnetem
1262 868 1507 922 intelligitur
1528 868 1677 922 Adam,
1710 867 1779 922 qui
1810 881 1883 923 per

205 943 419 994 peccatum
453 943 584 982 totum
617 954 745 994 genus
778 940 1003 981 humanum
1035 939 1164 980 traxit
1196 939 1245 980 ad
1278 943 1465 981 mortem.
1506 938 1586 981 Sed
1607 943 1750 994 postea
1771 939 1884 980 venit

207 1011 389 1064 adamas,
422 1012 448 1053 i.
475 1025 507 1053 e.
543 1011 705 1054 Cristus
738 1011 890 1064 ihesus,
923 1011 1112 1052 dominus
1144 1014 1296 1063 noster,
1331 1011 1398 1064 qui
1433 1014 1522 1052 erat
1551 1010 1696 1052 fortior
1727 1010 1770 1052 in
1799 1010 1882 1052 for-

206 1082 382 1125 titudine
416 1083 594 1136 virtutis,
628 1083 697 1137 qui
731 1083 782 1125 ad
814 1096 857 1125 se
888 1082 1018 1124 traxit
1048 1086 1180 1124 totum
1213 1095 1340 1135 genus
1373 1081 1598 1124 humanum
1631 1086 1672 1125 et
1692 1081 1883 1125 liberavit

206 1167 230 1195 a
262 1157 404 1196 morte.
456 1153 511 1196 Et
543 1167 566 1196 a
598 1158 802 1209 potestate
834 1153 1011 1210 dyaboli.
1059 1152 1276 1206 Rogemus.

873 1460 977 1515 246,
1011 1473 1113 1515 app.
1138 1460 1215 1503 50.

323 1560 498 1611 Quidam
532 1560 652 1603 homo
685 1565 774 1604 erat
805 1562 873 1616 qui
906 1562 1070 1604 unicum
1100 1560 1230 1603 filium
1269 1560 1459 1615 habebat,
1491 1561 1557 1603 cui
1588 1564 1682 1616 post
1706 1564 1880 1604 mortem

207 1632 335 1674 nichil
366 1636 505 1688 preter
536 1632 703 1675 domum
736 1634 904 1675 dimisit.
939 1632 1015 1683 Qui
1048 1646 1139 1675 cum
1172 1646 1321 1686 magno
1353 1632 1493 1675 labore
1520 1632 1625 1675 vixit
1645 1633 1689 1675 in
1718 1637 1879 1676 tantum

208 1704 315 1759 quod
355 1705 425 1746 vix
462 1705 696 1746 necessaria
735 1704 960 1760 optinebat.
1022 1704 1077 1747 Et
1116 1704 1302 1758 quamvis
1340 1707 1505 1746 coactus
1545 1717 1697 1758 magna
1739 1705 1882 1761 inopia

208 1778 349 1818 tamen
382 1776 547 1818 domum
588 1789 705 1817 suum
745 1776 922 1818 vendere
959 1775 1137 1818 nolebat.
1200 1775 1306 1817 Puer
1344 1775 1422 1817 iste
1461 1775 1639 1818 habebat
1677 1775 1879 1830 quendam

206 1846 377 1889 divitem
409 1847 602 1899 vicinum,
637 1847 706 1901 qui
738 1847 903 1889 domum
937 1848 1037 1901 ejus,
1071 1851 1115 1889 ut
1143 1860 1256 1889 suam
1290 1847 1444 1888 faceret
1474 1846 1709 1901 largiorem,
1742 1847 1880 1903 cupie-

206 1918 278 1960 bat
319 1932 465 1960 emere.
531 1917 611 1960 Sed
651 1932 754 1973 puer
790 1932 866 1961 nec
907 1932 1028 1974 prece
1065 1932 1140 1961 nec
1178 1918 1316 1974 precio
1347 1918 1524 1960 vendere
1557 1918 1731 1961 volebat.
1784 1918 1879 1969 'Quo

207 1993 406 2045 conperto
447 1990 559 2031 dives
599 1990 805 2043 cogitabat
843 1990 1008 2032 domum
1051 2003 1076 2032 a
1116 2003 1240 2045 puero
1280 1989 1533 2032 subtrahere.
1587 1989 1746 2045 Incepit
1787 2002 1878 2031 cum

206 2074 252 2102 eo
293 2060 617 2102 familiaritatem
659 2061 822 2104 habere.
878 2060 957 2103 Sed
996 2075 1099 2116 puer
1137 2061 1363 2103 secundum
1394 2074 1515 2116 posse
1553 2074 1672 2103 suum
1702 2060 1880 2103 familia-

204 2133 370 2174 ritatem
403 2133 504 2189 ,ejus
549 2132 770 2174 devitabat.
824 2132 1012 2187 Denique
1051 2133 1315 2175 contristatus
1356 2132 1469 2174 dives
1508 2132 1685 2186 quodam
1724 2132 1790 2173 die
1828 2131 1880 2174 ad

205 2216 298 2245 eum
330 2204 443 2245 venit
475 2207 516 2245 et
548 2204 626 2245 ait:
661 2203 693 2246 Ο
726 2217 840 2259 puer,
874 2205 1137 2246 accommoda
1168 2204 1270 2245 mihi
1301 2217 1470 2259 parvam
1492 2208 1654 2258 partem
1676 2203 1786 2246 curie
1810 2207 1879 2245 tue

204 2274 364 2329 precio,
407 2275 502 2329 quia
540 2275 583 2316 in
624 2289 672 2317 ea
704 2275 843 2317 decem
876 2275 1050 2317 tonellos
1083 2276 1170 2318 oleo
1204 2275 1346 2331 plenos
1379 2275 1584 2317 custodire
1615 2275 1719 2317 volo.
1770 2274 1879 2317 Puer

204 2349 339 2387 autem
387 2346 630 2388 necessitate
669 2350 832 2389 coactus
871 2348 1072 2389 concessit
1110 2353 1151 2389 et
1189 2346 1302 2388 dedit
1340 2347 1377 2389 ei
1416 2346 1551 2389 claves
1588 2346 1712 2388 curie.
1771 2345 1878 2388 Puer

203 2430 299 2458 vero
328 2417 493 2459 interim
528 2417 680 2459 victum
711 2418 901 2460 manibus
935 2419 1152 2472 acquisivit
1182 2431 1296 2460 more
1318 2417 1452 2471 solito,
1485 2430 1532 2460 ac
1554 2417 1666 2460 dives
1699 2417 1877 2472 acceptis

203 2487 385 2530 clavibus
424 2489 541 2543 pueri
589 2489 744 2530 curiam
791 2488 1012 2531 suffodiens
1059 2490 1239 2544 quinque
1285 2488 1458 2531 tonellos
1506 2488 1593 2531 oleo
1631 2488 1774 2544 plenos
1819 2487 1908 2537 ibi.

202 2560 433 2601 recondidit
466 2563 506 2601 et
539 2560 717 2614 quinque
751 2560 955 2602 dimidios.
1009 2560 1097 2602 Hoc
1135 2561 1243 2602 facto
1283 2573 1456 2615 puerum
1488 2559 1540 2601 ad
1571 2573 1614 2602 se
1645 2560 1807 2602 vocavit
1837 2563 1878 2602 et

203 2631 240 2673 ei
272 2631 406 2673 claves
438 2631 551 2672 dedit
583 2644 630 2672 ac
669 2631 744 2672 ait:
787 2630 819 2673 O
853 2645 975 2686 puer,
1015 2631 1148 2673 oleum
1182 2645 1317 2673 meum
1349 2630 1425 2672 tibi
1456 2631 1668 2673 committo
1699 2631 1774 2673 sub
1805 2634 1877 2673 tua

203 2702 402 2756 custodia,
436 2705 475 2744 et
507 2715 633 2757 puero
667 2702 800 2744 claves
832 2703 1015 2744 tradidit.
1054 2702 1153 2744 Post
1183 2702 1349 2755 longum
1373 2704 1536 2757 tempus
1565 2702 1738 2756 contigit
1768 2701 1876 2756 quod

202 2773 245 2814 in
276 2777 387 2815 terra
418 2773 490 2814 illa
522 2774 654 2815 oleum
688 2787 827 2815 carum
859 2774 1013 2815 factum
1044 2773 1134 2815 fuit.
1185 2773 1310 2815 Dives
1342 2773 1418 2815 hoc
1450 2773 1593 2815 videns
1632 2773 1690 2814 ait
1726 2786 1874 2828 puero:

202 2845 368 2899 Amice,
409 2845 526 2898 veni,
570 2844 717 2897 adjuva
755 2858 821 2887 me
860 2845 994 2887 oleum
1035 2844 1209 2887 effodere
1242 2847 1283 2887 et
1313 2845 1517 2899 premium
1550 2858 1573 2886 a
1603 2857 1668 2886 me
1698 2844 1876 2900 accipies

204 2928 278 2969 pro
315 2919 388 2958 tua
427 2916 624 2958 custodia.
685 2914 793 2957 Puer
831 2916 1033 2958 concessit
1071 2920 1112 2958 et
1149 2929 1241 2958 eum
1276 2916 1404 2970 juvit,
1444 2916 1557 2958 dives
1596 2928 1691 2957 vero
1728 2915 1874 2971 plenus
