1949 3162
1001 32 1085 74 582

217 146 378 200 cinffulo
409 143 670 199 puyillarem,
704 148 900 183 notantur
931 154 1065 180 omnes
1095 140 1251 180 notarii
1278 140 1322 180 in
1349 152 1491 193 panno
1523 145 1558 178 et
1589 137 1686 177 lana
1717 145 1753 178 et
1783 136 1867 177 lino

216 223 442 272 operantes,
474 222 519 255 ut
549 221 642 254 sunt
672 220 842 254 textores
868 226 1121 266 pannorum7
1154 211 1316 261 cisores,
1350 208 1596 257 doleatores‚·
1628 216 1664 249 et
1686 222 1870 263 pennam

215 295 251 328 et
274 287 528 342 puqillarem
560 299 693 325 omnes
723 284 880 324 notarii
908 289 1116 333 notantur,
1150 295 1323 336 quorum
1354 280 1534 334 officium
1554 286 1612 320 est
1631 279 1772 332 judici
1800 293 1868 319 as-

213 360 371 409 sistere,
413 358 683 398 instrumenta
713 353 888 395 scribere
919 361 955 395 et
982 354 1111 394 multa
1142 353 1279 408 leyere.
1333 351 1404 392 Ad
1439 351 1510 392 lios
1549 364 1683 392 omnes
1720 349 1870 405 triplex

169 439 190 474 5
213 430 363 470 veritas
395 429 593 484 pertinet,
642 426 794 467 scilicet
829 426 909 466 vite
947 432 1088 466 contra
1126 437 1240 464 omne
1271 429 1484 477 peccatum
1521 429 1664 463 contra
1700 420 1871 475 affatum

214 500 448 551 locutionis,
488 513 539 539 ne
577 499 633 538 sis
671 497 847 538 mendam
882 495 1002 536 verbo
1041 494 1104 535 vel
1141 507 1282 549 opere3
1328 493 1501 534 secundo
1539 500 1586 533 ut
1625 491 1799 532 habeant
1835 497 1873 532 et

213 578 376 612 servant
393 570 609 623 justiciam
639 569 695 609 ad
726 581 1026 623 quemcunque3
1065 566 1188 606 tercio
1218 572 1263 605 ut
1292 563 1466 605 habeant
1494 577 1654 604 morum
1683 562 1869 603 honesta·
1927 591 1929 593 -

214 650 289 683 tem
320 649 462 682 contra
497 640 769 690 discordiam,
798 638 1040 691 fidelitatem
1077 644 1219 678 contra
1244 635 1597 689 fraudolentiam,
1636 633 1871 674 amiciciam

215 720 356 754 contra
385 712 599 752 invidiam.
647 710 748 752 Item
770 710 886 751 homo
921 711 966 750 in
987 709 1131 749 deatra
1153 707 1301 748 libram
1321 721 1411 747 cum
1424 706 1622 761 pondere,
1649 718 1729 760 per
1749 717 1873 758 quam

148 795 191 830 10
215 786 432 840 siqnantur
461 796 707 838 campsores,
738 782 1008 836 pecuniarum
1039 785 1356 820 commutatores.
1399 776 1451 817 In
1482 776 1570 817 leva
1587 777 1713 830 ¹qessit
1730 774 1873 816 ulnam

217 870 306 896 cum
338 869 420 909 qua
448 861 645 895 notantur
673 866 909 908 pannorum
929 851 1102 892 telarum
1120 850 1184 890 vel
1204 849 1383 889 aliarum
1403 863 1540 889 rerum
1561 854 1870 888 mensuratores.

215 926 268 967 In
299 925 461 980 cinyulo
490 925 616 980 yessit
645 923 812 964 bursam
843 937 933 963 cum
961 923 1082 962 varia
1118 927 1278 961 moneta
1314 927 1382 960 etc.
1440 919 1587 960 Omnes
1623 919 1696 959 isti
1733 917 1875 958 debent

215 998 444 1038 avariciam
463 996 629 1051 fuyere,
663 1009 739 1049 que
769 1001 827 1034 est
855 993 1061 1034 idolorum
1090 993 1283 1040 servitus3
1324 991 1497 1031 secundo
1530 996 1699 1030 caveant
1724 989 1874 1044 qravia

216 1068 351 1109 debita
382 1067 617 1108 contrahere
626 1082 639 1116 ‚-
678 1066 800 1107 tercio
833 1064 975 1105 debent
1004 1064 1231 1119 depositum
1262 1062 1342 1103 sibi
1371 1062 1648 1112 commissum,
1689 1074 1779 1100 cum
1807 1073 1873 1100 re-

149 1150 192 1185 15
214 1141 379 1196 petitur,
413 1141 499 1180 sine
529 1153 646 1179 mora
675 1138 853 1178 reddere.
888 1135 989 1176 Item
1020 1134 1090 1176 sub
1121 1135 1266 1189 reyina
1284 1134 1458 1189 ponitur
1478 1132 1594 1173 homo
1615 1133 1662 1172 in
1682 1131 1874 1173 cathedra

215 1211 450 1267 rmagsz'stralz‘
487 1217 555 1251 etc.
619 1209 672 1250 In
709 1210 786 1249 isto
826 1206 929 1248 libro
967 1214 1161 1247 notantur
1197 1206 1345 1246 medici
1390 1213 1426 1246 et
1463 1203 1650 1259 physici,
1695 1203 1875 1243 omnium

217 1284 369 1324 artium
401 1281 631 1322 liberalium
662 1281 855 1321 doctores.
912 1278 1058 1320 Omnes
1088 1279 1160 1318 isti
1189 1276 1330 1318 debent
1365 1275 1510 1317 habere
1540 1275 1723 1315 diversas
1754 1287 1874 1314 curas

215 1361 387 1410 propter
417 1354 600 1394 diversas
631 1351 879 1407 eyritudines
912 1358 949 1391 et
978 1350 1238 1390 auctoritates
1262 1347 1540 1404 particulares
1564 1359 1646 1401 pro
1670 1346 1739 1393 eis,
1769 1345 1875 1386 sicut

224 1425 422 1481 Ypocras,
459 1422 656 1467 Galienus
688 1430 724 1463 et
752 1423 811 1462 sic
841 1422 890 1462 de
921 1422 1071 1462 ceteris.
1107 1420 1159 1460 In
1178 1434 1296 1461 urceo
1318 1418 1602 1475 siqnificantur
1621 1415 1877 1472 apothecarii

147 1505 193 1539 20
217 1497 474 1551 confectores.
511 1494 700 1537 Secundo
722 1492 864 1534 debent
885 1500 990 1534 caste
1009 1494 1156 1544 vivere,
1187 1493 1376 1532 virtutem
1394 1504 1554 1531 morum
1572 1487 1720 1540 verbis,
1740 1486 1874 1542 factis

216 1568 374 1620 habere,
408 1568 545 1623 sepius
577 1580 693 1621 aoros
722 1566 910 1616 visitare,
948 1565 1162 1604 sanitatem
1191 1563 1457 1604 introducere.
1514 1559 1657 1602 Tercio
1682 1560 1873 1615 piymen-

217 1641 318 1682 tarii
348 1639 489 1680 debent
517 1637 662 1678 habere
692 1650 892 1677 summam
922 1636 1178 1691 diliyentiam
1214 1636 1260 1675 in
1298 1632 1616 1688 consectionibus
1645 1631 1871 1685 faciendis.

215 1709 338 1766 ]157]
372 1709 472 1751 Item
511 1709 626 1750 lzomo
666 1722 835 1748 manum
874 1707 1059 1748 dextram
1096 1714 1301 1747 extensam
1338 1713 1406 1746 etc.
1450 1718 1526 1759 que
1562 1705 1700 1758 siqnat
1737 1703 1876 1744 omnia

218 1783 324 1825 bona
352 1782 556 1836 hospitum
587 1780 703 1835 apud
732 1793 797 1820 eos
827 1780 1008 1834 reposita
1038 1778 1175 1829 salva,
1208 1779 1313 1818 sicut
1345 1784 1381 1818 et
1408 1777 1454 1816 in
1484 1782 1580 1817 tuto.
1632 1774 1712 1815 Hii
1733 1775 1874 1830 primo

149 1863 194 1899 25
220 1854 361 1896 debent
389 1854 518 1894 vitare
546 1851 688 1906 qulam
719 1859 756 1892 et
785 1850 1037 1902 ebrietatem,
1077 1857 1123 1890 ut
1159 1863 1297 1890 eorum
1337 1847 1518 1903 exemplo
1559 1860 1693 1888 omnes
1724 1845 1780 1886 ad
1811 1859 1875 1886 eos

217 1927 417 1967 venientes
447 1925 526 1964 vite
557 1930 720 1963 servant
748 1922 997 1963 modestiam.
1044 1919 1232 1962 Secundo
1264 1919 1407 1960 debent
1436 1917 1619 1960 exhibere
1648 1915 1876 1972 hospitibus

220 2012 311 2039 cum
353 1996 579 2037 imitatione
618 1993 794 2049 benigyna
832 2001 868 2034 et
904 1992 1148 2033 allocutione
1189 1991 1344 2032 blanda
1381 1998 1417 2031 et
1441 1989 1587 2044 faceta
1628 1989 1876 2043 receptiones

220 2069 434 2123 hospitum.
474 2065 616 2107 Tercio
637 2065 810 2119 faciunt
837 2066 973 2119 ipsum
992 2063 1209 2117 famosum
1238 2063 1457 2118 hospitem5
1489 2063 1630 2117 primo
1671 2073 1772 2115 quos
1809 2073 1875 2100 re-

223 2141 372 2195 ceperit
412 2138 588 2193 hospitio
634 2137 683 2177 de
726 2137 889 2177 viarum
929 2135 1128 2190 periculis
1172 2135 1334 2184 docere,·
1379 2134 1552 2174 secundo
1599 2139 1784 2173 exeuntes
1828 2130 1878 2171 de

153 2221 197 2256 30
221 2211 403 2267 hospicio
435 2209 656 2250 conducere
683 2209 730 2248 in
760 2208 894 2258 domo,
926 2214 962 2247 et
993 2214 1107 2247 eattra
1137 2206 1301 2247 domum
1328 2207 1455 2246 vitam
1486 2212 1523 2245 et
1539 2203 1709 2259 famam
1738 2216 1878 2244 eorum

222 2297 312 2324 cum
344 2279 527 2323 omnibus
565 2279 684 2320 rebus
721 2286 767 2320 ut
800 2279 1019 2334 propriam
1056 2277 1281 2332 defendere.
1335 2276 1438 2318 Item
1471 2277 1518 2316 in
1555 2276 1725 2316 sinistra
1753 2280 1878 2330 parte

222 2355 337 2395 homo
369 2351 519 2393 liabens
550 2351 680 2400 claves
712 2358 779 2391 etc.
816 2348 961 2404 quibus
982 2349 1222 2404 fiyurantur
1253 2348 1435 2389 custodes
1465 2347 1653 2388 civitatis.
1706 2344 1760 2386 In
1790 2344 1879 2386 leva

222 2424 372 2466 liabens
402 2423 557 2475 ulnam⁷
591 2421 737 2477 quibus
769 2422 1036 2476 desiqnantur
1067 2419 1262 2474 officiales
1293 2419 1470 2460 civitatis
1500 2419 1583 2459 sive
1613 2417 1878 2458 communita-

223 2498 296 2548 tis,
336 2502 381 2536 ut
417 2501 511 2534 sunt
540 2494 755 2548 prepositi.
819 2491 871 2532 In
910 2491 1071 2546 cinqulo
1109 2497 1304 2532 notantur
1340 2490 1533 2531 telonarii
1566 2496 1604 2530 et
1640 2502 1774 2529 omnes
1805 2488 1898 2545 qui&

155 2577 200 2612 35
223 2568 429 2623 recipiunt
452 2566 674 2621 pecuniam
704 2564 1013 2604 communitatis.
1055 2561 1133 2603 Isti
1161 2561 1302 2603 debent
1330 2575 1413 2602 esse
1441 2560 1634 2601 zelatores
1655 2559 1878 2600 communis

225 2639 341 2690 boni,
378 2637 552 2693 providi
580 2643 617 2676 et
653 2636 820 2675 solliciti
857 2633 999 2675 debent
1035 2648 1116 2674 esse
1152 2635 1198 2674 in
1234 2633 1480 2673 conscientia
1516 2639 1552 2672 et
1591 2631 1711 2672 deum
1740 2631 1879 2670 timere

226 2718 262 2752 et
296 2710 481 2750 revereri.
534 2706 668 2748 Homo
709 2707 836 2746 eciam
872 2706 1022 2747 habens
1057 2705 1247 2760 scapulos
1283 2703 1467 2759 hispidos
1505 2710 1572 2743 etc.
1612 2702 1879 2756 desiqnantur

224 2782 394 2838 prodiqi
422 2794 558 2821 rerum
578 2792 746 2819 suarum
767 2778 1075 2833 dilapidatores.
1121 2775 1173 2816 In
1194 2775 1283 2816 leva
1302 2774 1450 2815 liabens
1471 2773 1636 2815 tazillos
1657 2780 1750 2824 tres,
1784 2771 1877 2826 qui-

227 2853 299 2893 bus
331 2852 595 2893 ostenduntur
626 2849 792 2901 lusores,
824 2849 1079 2889 meretricum
1109 2846 1395 2888 concubitores.
1448 2844 1501 2885 In
1535 2844 1697 2899 cinqulo
1727 2842 1878 2884 habens

158 2933 203 2969 40
224 2924 410 2981 pixidem
442 2922 584 2963 litteris
611 2921 801 2976 plenam3
826 2934 906 2975 per
935 2920 1040 2960 lianc
1065 2926 1261 2960 notantur
1288 2930 1470 2958 cursores
1484 2930 1565 2972 per
1583 2915 1781 2956 mundum
1806 2921 1875 2955 etc.
