1919 3157
875 75 955 117 697

89 180 151 220 De
182 180 256 220 deo
284 194 364 234 pro
396 182 481 220 suis
513 180 712 234 beneficiis
744 196 902 237 semper
931 184 1197 238 reyratiando
1235 183 1326 224 161.

87 249 149 290 De
179 251 371 291 cavendis
402 252 769 306 imprecacionibus
804 252 897 293 162.

83 319 149 361 De
180 321 323 362 timore
353 323 588 363 inordinato
626 322 718 364 163.

88 389 150 431 De
173 394 442 446 perversitate
474 395 617 433 ›nundi
650 394 743 434 164.

84 459 185 502 Item
215 462 265 502 de
295 464 441 503 mundi
464 466 733 519 perversitate
767 464 859 505 165.

83 532 149 574 De
180 532 276 573 ludo
309 533 548 574 schacorum
583 534 676 575 166.

86 602 149 644 De
179 604 383 645 audiendo
416 604 519 645 bono
553 605 722 646 consilio
759 604 851 646 167.

89 673 149 714 De
180 681 317 715 eterna
356 675 644 727 damnacione,
687 691 808 731 quam
844 690 923 731 per
948 683 1119 731 peccata
1158 691 1233 717 nos
1264 677 1445 718 incidere
1475 679 1755 732 coynoscimus

170 752 207 784 et
237 752 370 786 tamen
403 748 550 786 moniti
578 762 660 787 non
694 748 867 787 vitamus
902 745 996 786 168.

86 815 150 855 De
180 815 393 856 duodecim
425 816 580 872 leyibus
612 826 647 858 et
678 818 796 858 modo
828 817 994 857 vivendi
1027 816 1120 858 169.

86 886 150 927 De
179 889 441 928 revocacione
465 890 694 943 peccatoris
726 888 782 928 ad
812 889 921 928 viam
949 889 1177 943 penitencie
1211 887 1305 929 170.

84 956 149 997 De
180 957 392 999 dilectione
424 967 459 999 et
478 959 680 1012 fidelitate
702 960 847 1009 nimia,
882 966 917 999 et
949 959 1060 1013 quod
1090 960 1242 999 caritas
1274 975 1299 1000 a
1319 967 1447 1000 morte
1479 959 1627 1001 liberat
1659 959 1752 1000 171.

87 1027 149 1069 De
179 1031 408 1070 constantia
427 1029 567 1082 fidelis
598 1032 732 1070 anime
767 1029 860 1070 172.

83 1098 150 1140 De
180 1101 355 1140 sarcinis
387 1108 423 1140 et
449 1100 763 1155 91·cwa7n·t'm‘bus
793 1102 953 1142 mundi,
969 1109 1005 1142 et
1032 1102 1200 1156 yatadiis
1232 1100 1309 1140 celi
1341 1100 1435 1141 173.

86 1167 209 1221 Quod
231 1178 383 1211 natura
407 1172 534 1223 docet,
554 1186 667 1212 nemo
686 1172 825 1212 tollere
835 1180 980 1227 potest.
1012 1172 1068 1213 Et
1085 1173 1133 1212 cle
1149 1171 1301 1212 talione
1316 1171 1632 1226 inyratitudinis
1659 1170 1754 1212 174.

83 1240 149 1282 De
180 1241 413 1283 diversitate
445 1250 480 1282 et
509 1242 768 1283 mirabilibus
800 1243 947 1283 mundi
976 1257 1065 1283 cum
1097 1243 1356 1298 eaposicione
1390 1241 1485 1283 175.

84 1313 153 1366 De·
179 1313 382 1353 medicina
414 1314 629 1368 spirituali
663 1313 755 1354 176.

84 1383 150 1426 De
176 1385 497 1439 persequucione
531 1384 624 1425 177.

85 1454 150 1496 De
181 1457 361 1496 omnium
392 1455 632 1496 divitiarum
664 1463 791 1496 matre
815 1455 1083 1510 providentia
1117 1453 1212 1494 178.

84 1526 151 1567 De
178 1526 281 1581 qula
312 1534 348 1566 et
377 1525 566 1567 ebrietate
602 1525 695 1566 179.

84 1597 151 1639 De
169 1597 370 1650 fidelitate
406 1596 499 1637 180.

87 1668 151 1709 De
181 1667 382 1709 adulterio
418 1667 511 1708 181.

649 1769 975 1813 EXPLICIUNT
1007 1769 1199 1812 TITULI.

207 2017 326 2074 [162]
371 2019 532 2061 Tabula
572 2021 752 2061 omnium
789 2020 1066 2075 eaeemplorum
1104 2027 1141 2060 et
1179 2018 1455 2074 capitulorum
1495 2019 1632 2074 operis
1661 2032 1759 2074 pre-

88 2093 264 2134 cedentis
301 2091 521 2132 secundum
561 2092 746 2132 ordinem
784 2090 994 2146 alphabeti
1032 2091 1081 2131 de
1111 2091 1284 2131 diversis
1314 2090 1498 2130 materiis
1508 2105 1522 2138 ,·
1561 2104 1609 2130 ea·
1636 2091 1761 2144 qestis

89 2163 374 2205 Romanorum
411 2169 448 2203 et
487 2162 582 2202 aliis
619 2176 743 2217 quam
769 2161 967 2217 plurimis
998 2162 1182 2202 historiis
1203 2161 1430 2216 fidediynis
1463 2158 1666 2201 laboriose
1694 2174 1760 2201 re-

89 2234 264 2275 collectis
296 2248 386 2273 cum
412 2232 802 2274 moralicacionibus
833 2233 1090 2288 sinqulormn
1121 2232 1345 2288 applicatis
1374 2232 1524 2287 incipit
1544 2230 1738 2286 feliciter.

205 2303 347 2345 Abbas
379 2305 550 2358 quidam
580 2306 626 2344 in
658 2318 768 2344 mare
799 2304 956 2344 dolium
985 2305 1139 2359 reperit
1168 2305 1214 2344 in
1246 2318 1325 2358 quo
1347 2303 1540 2356 juvenem
1568 2301 1759 2357 pulcher-

87 2378 239 2418 rimum
275 2376 416 2415 sericis
453 2375 682 2416 involutum
719 2377 874 2416 invenit
912 2389 1031 2430 quem
1069 2373 1285 2429 baptizans
1320 2371 1569 2429 Greyorium
1601 2386 1759 2412 nuncu-

82 2448 215 2504 pavit.
271 2445 356 2498 Qui
378 2454 496 2501 post,
530 2447 695 2487 domino
725 2445 973 2486 mirabiliter
1002 2453 1164 2501 ayente,
1203 2445 1346 2486 electus
1378 2452 1436 2486 est
1462 2445 1508 2484 in
1531 2457 1696 2498 papam
1725 2450 1762 2484 et

89 2517 336 2560 universalis
367 2516 528 2557 ecclesie
558 2524 693 2558 sancte
723 2524 932 2568 rectorem,
966 2531 1055 2572 cap.
1082 2515 1148 2556 81.

46 2625 49 2629 .
90 2588 274 2631 Abbibas
313 2603 403 2628 cum
436 2587 696 2628 Rosimunda
732 2589 954 2628 cursatrice
984 2587 1213 2628 celleri-ima
1245 2587 1427 2626 cucurrit
1457 2599 1546 2625 eam
1569 2598 1650 2640 per
1678 2584 1762 2625 tria

175 2661 275 2700 vicit
305 2658 372 2699 60.

90 2730 275 2772 Absolon
300 2736 537 2785 peccantem
566 2728 794 2769 mortaliter
824 2727 1029 2784 siqnificat
1062 2726 1113 2767 19
1144 2728 1189 2768 in
1209 2726 1310 2780 fine.

91 2801 252 2842 Achille
281 2807 441 2842 mortuo
479 2798 607 2853 Troja
639 2800 802 2855 capitur
835 2797 929 2839 156.

91 2871 230 2913 Adam
262 2872 318 2912 ad
340 2869 607 2926 probandum
636 2871 681 2911 in
707 2870 956 2926 paradisum
979 2870 1144 2924 positus
1176 2876 1242 2910 est.
1292 2867 1462 2908 Ibidem.

92 2942 429 2984 Adulterantium
461 2941 525 2982 lea:
556 2948 593 2982 et
623 2955 762 2983 eorum
787 2942 954 2996 punitio
983 2941 1125 2996 yravis
1156 2938 1196 2981 2.
1245 2938 1346 2980 Item
1380 2937 1475 2978 100.
