1919 3131
64 173 133 213 49.

65 315 133 356 49.

65 458 133 498 50.

65 600 133 641 51.

65 741 133 783 52.

65 884 133 926 53.

65 1027 133 1069 54.

65 1170 134 1212 55.

65 1313 143 1355 56.-

66 1598 134 1639 58.

65 1740 134 1781 59.

67 1883 134 1924 60.

67 2169 134 2210 62.

67 2311 134 2351 63.

67 2453 134 2494 64.

67 2595 134 2636 65.

67 2738 135 2779 66.

32 2923 35 2925 .
68 2879 135 2920 67.

878 68 932 105 ss)

184 171 244 214 De
278 170 361 213 filia
394 172 500 225 regis
534 186 607 228 pro
642 186 721 227 qua
754 172 872 214 miles
906 173 1114 228 pugnavit.
1167 172 1306 214 Serius
1340 173 1525 226 regnavit
1559 175 1625 228 qui
1661 175 1749 216 uni-

183 256 272 285 cam
306 242 447 284 filiam.
497 242 672 293 (Waffen
705 243 972 297 aushangen.)
1022 244 1092 286 lat.
1117 245 1185 285 66.

184 313 276 368 Seq.
312 314 361 356 de
394 313 544 356 ancilla
576 328 653 369 que
688 314 891 357 intellexit
923 319 1085 358 cantum
1122 315 1270 356 avium.
1322 315 1531 357 Adrianus
1564 317 1752 369 regnavit

183 384 314 427 valde.
365 385 558 438 (IIiihne.)
608 386 676 428 lat.
704 387 770 427 (38.

182 455 244 498 De
277 457 491 510 sagittario
525 461 564 498 et
597 457 842 513 philomena.
894 456 1142 509 Sagittarius
1175 457 1260 499 sive
1285 470 1434 512 auceps
1457 457 1748 512 philomenam.

183 527 298 575 (Drei
333 528 602 574 weisheiten.)
651 528 720 569 lat.
751 529 842 569 167.

182 598 244 640 De
282 597 367 640 filia
406 600 513 653 regis
554 613 631 653 que
674 599 805 640 noluit
845 600 976 640 virum
1017 599 1176 640 (lucere.
1244 597 1346 639 Erat
1378 599 1543 653 quidam
1578 614 1647 642 rex
1683 602 1751 655 qui

182 669 410 726 pulchram.
460 670 574 717 (Drei
609 671 782 723 fragen.)
829 670 899 711 lat.
926 671 992 711 70.

184 740 277 796 Seq.
322 741 383 783 De
415 741 499 783 filio
531 742 640 795 regis
674 742 741 796 qui
776 746 859 783 tres
893 742 1046 782 amicos
1070 741 1224 782 habuit.
1274 739 1376 782 Erat
1399 741 1564 795 quidam
1588 755 1659 783 rex
1684 743 1753 797 qui

182 812 362 854 unicum.
412 812 800 868 (Fi-eundesprobe.)
853 812 923 854 lat.
951 813 1045 853 129.

183 883 243 926 De
276 883 345 925 illo
380 884 447 939 qui
482 884 589 925 eruit
621 883 771 925 oeulos.
821 883 1042 934 Quintillus
1073 883 1259 936 regnavit
1292 884 1361 938 qui
1385 883 1530 925 statuit
1553 897 1627 939 pro
1650 884 1750 938 lege.

184 956 286 1006 (loo
319 955 550 1009 groschen.)
600 954 670 996 lat.
696 955 764 995 73.

183 1026 245 1069 De
286 1026 619 1069 buccinatoribus
659 1029 699 1067 et.
731 1026 853 1067 unica
884 1026 979 1067 vita.
1038 1025 1141 1068 Erat
1173 1025 1338 1079 quidam
1374 1025 1459 1068 Rex
1494 1026 1562 1080 qui
1595 1026 1752 1068 statuit.

185 1098 574 1153 (Todestrompete.)
622 1097 692 1138 lat.
723 1098 816 1138 143.

183 1169 246 1212 De
292 1182 414 1211 aureo
462 1182 583 1224 pomo
630 1172 670 1210 et
708 1168 845 1210 stulto.
911 1168 1170 1210 Aureolanus
1210 1168 1399 1220 regnavit
1437 1172 1582 1222 potens
1621 1168 1752 1211 valde.

182 1239 505 1295 (Narrenapfel.)
555 1239 624 1281 lat.
650 1240 717 1281 74.

183 1311 245 1354 De
284 1311 441 1353 duobus
482 1310 651 1352 medicis
693 1313 733 1352 et
772 1324 911 1352 eorum
952 1310 1121 1352 artibus.
1178 1309 1281 1352 Erat
1313 1310 1479 1365 quidam
1513 1311 1750 1366 imperator.

184 1383 489 1438 (Ziegenauge.)
537 1381 606 1423 lat.
633 1382 699 1423 76.

126 1489 134 1496 .
185 1454 277 1510 Seq.
318 1453 380 1496 De
402 1453 596 1509 passione
618 1452 787 1494 domini.
836 1452 1016 1503 Quedam
1042 1452 1186 1494 civitas
1210 1457 1299 1495 erat
1314 1453 1436 1507 juxta
1457 1466 1583 1495 mare.
1630 1453 1751 1499 (Dra-

184 1526 283 1569 chen
318 1525 445 1567 durch
477 1524 610 1566 liiwen
645 1524 854 1576 entfernt.)
903 1537 998 1579 app.
1022 1524 1061 1565 4.

184 1596 277 1652 Seq.
322 1596 385 1639 De
416 1595 549 1637 milite
582 1596 652 1650 qui
685 1595 831 1651 pedem
866 1609 983 1637 servo
1017 1595 1260 1651 amputavit.
1309 1594 1427 1637 Miles
1461 1599 1548 1638 erat
1570 1596 1749 1651 quidam.

183 1667 297 1715 (Fuss
331 1667 413 1719 ab.)
461 1667 531 1709 lat.
562 1667 655 1708 127.

183 1738 276 1793 Seq.
320 1739 382 1781 De
414 1739 557 1792 regina
589 1751 666 1793 que
698 1737 826 1779 tilium
861 1738 970 1791 regis
1005 1737 1189 1779 occidere
1221 1736 1362 1778 voluit.
1411 1736 1643 1780 Poneianus
1674 1739 1751 1780 im—

182 1813 361 1866 perator.
411 1809 500 1861 (VII
532 1823 635 1864 sap.7
668 1809 854 1862 rahmen‚
889 1809 965 1851 mit
996 1808 1181 1861 sehluss.)
1230 1822 1356 1862 germ.
1380 1809 1450 1850 40.

182 1881 244 1924 De
283 1881 415 1923 milite
455 1884 495 1923 et
535 1894 662 1923 uxore
696 1880 938 1922 adulterata.
996 1879 1114 1922 Miles
1148 1880 1312 1935 quidam
1347 1893 1442 1922 vero
1476 1884 1564 1922 erat
1594 1880 1635 1922 in
1669 1894 1752 1923 una

183 1953 362 1995 civitate.
412 1951 751 2005 (Hausschlassel,
784 1951 858 1993 VII
890 1952 995 2007 sap.)

126 2058 134 2066 .
184 2023 246 2066 De
277 2024 382 2066 turri
414 2027 454 2065 et
486 2023 761 2078 ymaginibus.
810 2021 1044 2064 Mtavianus
1078 2023 1120 2068 (i.
1141 2036 1172 2064 e.
1199 2022 1465 2069 Octavianus)
1498 2023 1540 2064 in
1569 2023 1747 2065 civitate.

184 2095 354 2149 (Virgils
387 2095 538 2149 thurm,
570 2094 641 2136 Vll
675 2094 780 2149 sap.)
827 2108 954 2148 germ.
978 2095 1047 2136 43.

182 2167 245 2210 De
285 2170 441 2222 septem
484 2165 739 2221 sapientibus
780 2169 820 2207 et
859 2165 1110 2221 Imperatore
1150 2178 1256 2207 ceco.
1313 2165 1487 2216 Quidam
1519 2165 1749 2220 Imperator

182 2238 322 2280 Rome.
372 2237 462 2287 (VII
495 2250 597 2292 sap„
628 2237 699 2279 VII
732 2238 837 2292 sap.)
884 2250 1011 2290 germ.
1035 2236 1103 2277 48.

184 2309 276 2364 Seq.
320 2308 381 2350 De
414 2308 537 2350 abiba
569 2308 636 2362 qui
670 2311 754 2349 tres
787 2308 891 2349 ictus
925 2307 975 2349 ad
1007 2311 1168 2363 portam
1205 2307 1398 2363 pulsavit.
1445 2307 1549 2349 Erat
1581 2307 1746 2361 quidam

183 2381 421 2436 imperator.
471 2378 659 2432 (Abibas,
693 2379 749 2431 5.)
796 2378 866 2420 lat.
895 2379 959 2420 17.

183 2451 246 2494 De
277 2464 460 2507 paupere
493 2452 562 2504 qui
594 2450 742 2492 cecidit
775 2450 813 2491 in
847 2450 1020 2492 foveam.
1071 2449 1244 2500 Quidam
1278 2463 1437 2505 pauper
1468 2449 1546 2491 fuit
1576 2449 1617 2490 in
1649 2462 1747 2503 qua-

184 2523 278 2565 dam
310 2522 420 2564 villa.
470 2521 903 2572 (DraehensohwanZ.)
949 2520 1020 2562 lat.
1048 2521 1142 2562 114.

182 2593 275 2649 Seq.
319 2593 382 2635 De
420 2593 618 2634 unicorno
652 2597 692 2634 et
723 2592 882 2634 duabus
915 2592 1154 2645 virginibus.
1208 2591 1381 2641 Quidam
1416 2591 1643 2646 Imperator
1675 2590 1746 2632 ha-

184 2665 284 2707 buit.
334 2663 508 2714 (Naokte
536 2663 818 2718 jungfrauen.)
863 2662 935 2704 lat.
961 2664 1056 2705 115.

182 2736 244 2779 De
276 2735 415 2792 puella
444 2748 521 2790 que
544 2733 832 2777 deflorebatur.
874 2733 1063 2776 Justinus
1086 2735 1127 2776 in
1151 2734 1318 2776 civitate
1338 2733 1523 2775 Romana
1543 2734 1743 2787 regnavit.

184 2806 383 2859 (Untreue
415 2819 545 2859 gegen
581 2806 782 2856 erretter.)
829 2805 900 2848 lat.
928 2806 1022 2847 117.

183 2878 247 2920 De
278 2877 480 2919 divisione
511 2876 684 2919 fratrum
720 2877 770 2919 de
800 2876 930 2918 libera
960 2879 1000 2918 et
1022 2876 1182 2918 ancilla.
1231 2875 1425 2917 Narravit
1448 2875 1614 2928 quidam
1637 2874 1744 2929 quod

184 2949 263 2992 leX.
314 2948 634 3002 (Erbtheilung.)
680 2948 750 2989 lat.
775 2948 843 2989 90.
