1919 3157
848 90 932 130 (305

56 191 245 230 testatem
278 189 445 232 baberet
476 192 719 247 ubicumque
753 193 873 236 vellet
911 195 948 235 in
983 199 1068 236 toto
1100 208 1269 250 corpore
1309 212 1397 239 meo
1430 203 1588 241 tantum
1622 214 1722 256 pon-

56 258 130 300 dus
163 259 211 301 de
242 261 431 302 carnibus
471 264 571 304 meis
611 264 832 307 abscidere.
885 265 1098 315 Quindena
1129 266 1215 319 jam
1254 270 1421 311 transiit
1458 270 1506 312 de
1547 284 1721 314 conven-

55 329 190 383 cione,
224 337 391 387 propter
423 334 593 376 nimium
628 349 806 377 animem
841 350 957 390 quem
993 337 1121 379 babeo
1154 338 1202 379 ad
1236 343 1274 380 te
1308 339 1457 381 oblitus
1488 342 1545 382 fui
1578 347 1618 384 et
1649 343 1721 385 hec

55 404 116 442 est
154 413 275 443 causa
316 403 466 445 doloris
508 406 598 447 mei.
662 407 718 448 At
760 406 848 448 illa:
890 407 981 449 Noli
1021 413 1179 450 tantum
1220 411 1474 464 contristari,
1516 412 1565 454 ad
1604 413 1719 455 illum

52 485 176 526 perge
209 476 249 514 et
279 475 493 528 pecuniam
528 477 614 529 ejus
647 478 681 519 ei
716 478 889 532 duplica.
945 477 985 520 Si
1020 493 1114 520 vero
1154 480 1189 521 ei
1223 494 1302 522 non
1337 481 1557 536 placuerit,
1597 497 1720 538 quere

52 542 249 597 quidquid
282 545 317 586 ei
341 545 501 600 placeat.
533 552 572 589 et
604 547 678 589 hoc
711 562 783 602 ego
816 548 889 590 tibi
922 549 1039 592 dabo.
1081 549 1198 592 Miles
1221 551 1297 593 hoc
1328 552 1497 595 audiens
1530 554 1579 596 ad
1612 568 1719 597 mer-

50 617 229 656 catorem
261 617 445 670 perrexit
478 623 518 659 et
549 632 638 660 eum
674 620 773 660 satis
806 619 1025 662 honorifice
1062 621 1274 675 salutavit,
1315 623 1499 678 dixitque
1538 626 1593 667 ei:
1635 626 1718 668 Do-

49 684 178 738 mine,
217 685 323 728 diem
367 701 500 730 meum
533 703 613 730 non
652 691 784 743 tenui,
825 691 949 744 igitur
989 693 1169 745 graviter
1207 693 1360 748 deliqui
1393 698 1433 736 et
1464 709 1537 750 pro
1569 697 1716 740 delicto

49 755 122 798 tibi
154 757 368 811 pecuniam
402 758 631 814 duplicabo.
682 761 754 802 Ait
786 767 1005 805 mercator:
1047 763 1285 817 Karissime,
1319 765 1421 808 scire
1454 766 1576 809 debes
1609 769 1716 822 quod

48 828 362 870 convencionem
395 843 527 872 meam
560 844 723 874 servare
756 832 869 886 volo,
902 847 1023 888 quam
1056 849 1129 890 per
1158 835 1298 877 literas
1331 850 1373 878 es
1405 838 1528 879 michi
1561 839 1716 893 obliga-

47 901 126 940 tus.
179 897 254 948 Qui
287 900 364 942 ait:
403 900 445 943 Si
479 915 573 955 ergo
606 903 655 944 ad
687 903 762 945 hoc
794 918 872 945 non
907 905 967 946 vis
1000 907 1210 959 assentire,
1243 912 1335 962 pete
1366 921 1391 950 a
1423 922 1486 950 me
1518 914 1715 963 quantum

47 968 224 1011 volueris
257 974 297 1012 et
327 972 543 1026 optinebis.
597 974 669 1016 Ait
709 979 928 1017 mercator:
969 976 1074 1026 Quid
1113 978 1237 1020 verba
1274 979 1569 1034 multiplicias?
1619 981 1714 1023 Jam

47 1039 132 1082 dixi
163 1041 251 1095 tibi,
284 1042 402 1084 crede
434 1044 570 1097 michi,
604 1047 917 1089 convencionem
949 1049 1191 1104 asscriptam
1215 1050 1322 1091 inter
1342 1063 1416 1092 nos
1438 1051 1587 1094 habere
1609 1052 1712 1094 volo.

48 1110 196 1154 Statim
227 1113 324 1155 fecit
355 1127 445 1155 eum
480 1116 571 1170 capi
603 1122 643 1158 et
675 1117 723 1158 ad
759 1118 958 1171 judicium
1001 1120 1104 1162 duci.
1158 1120 1244 1162 Lex
1284 1126 1420 1163 autem
1460 1126 1568 1176 erat,
1608 1124 1714 1178 quod

46 1183 151 1225 sicut
181 1183 301 1226 homo
334 1185 562 1229 voluntarie
594 1201 636 1229 se
669 1188 881 1243 obligaret,
913 1191 971 1232 ita
994 1195 1034 1232 et
1058 1191 1259 1245 judicium
1282 1193 1496 1247 reciperet.
1546 1193 1713 1236 Interim

45 1254 180 1309 puella
212 1256 491 1311 exploratores
523 1258 710 1313 habebat,
745 1262 946 1314 quomodo
978 1262 1027 1304 de
1060 1263 1214 1304 amasio
1237 1277 1309 1305 suo
1332 1268 1590 1307 tractaretur
1630 1265 1715 1308 Ex-

44 1325 272 1387 ploratores
303 1332 554 1371 r-eve1tentes
587 1331 886 1374 nunciaverunt
917 1333 953 1375 ei
976 1334 1080 1388 quod
1104 1334 1154 1376 ad
1180 1335 1381 1389 judicium
1405 1335 1548 1378 ductus
1569 1337 1712 1389 fuerit3

43 1396 180 1452 puella
211 1397 287 1440 hoc
319 1399 487 1442 audiens
520 1401 578 1443 ait
607 1402 715 1444 intra
747 1416 810 1445 se:
853 1403 894 1446 Si
927 1404 996 1446 ille
1027 1406 1246 1460 morietur,
1287 1420 1360 1460 ego
1400 1421 1468 1450 elo
1500 1421 1590 1460 rea3
1631 1421 1713 1450 non

42 1467 113 1510 fiet
142 1469 211 1511 ita.
247 1468 395 1511 Statim
430 1471 562 1513 clines
595 1473 720 1528 capiti
753 1474 815 1516 sui
846 1475 1043 1530 perscidit
1075 1477 1125 1518 ad
1157 1439 1323 1519 modum
1348 1478 1440 1532 viri,
1472 1482 1601 1521 restes
1623 1493 1712 1521 mu-

42 1538 156 1581 lieris
193 1541 369 1583 mutavit
413 1545 453 1584 et
493 1543 599 1585 sicut
644 1545 707 1586 vir
754 1558 826 1599 per
873 1547 1010 1588 omnia
1049 1561 1092 1589 se
1130 1549 1368 1603 preparavit
1407 1551 1711 1605 ascendensque

41 1610 294 1653 dextrarium
334 1613 382 1654 ad
418 1613 616 1667 judicium
657 1616 867 1670 equitavit.
929 1617 1029 1660 Cum
1070 1623 1207 1661 autem
1243 1620 1373 1674 judex
1405 1635 1494 1663 eam
1527 1622 1710 1675 vidisset,

40 1682 232 1725 noticiam
266 1683 352 1737 ejus
383 1685 424 1725 in
458 1685 567 1727 nullo
602 1686 795 1741 habebat,
836 1689 932 1742 quia
969 1689 1161 1732 credebat
1200 1705 1287 1732 eam
1331 1706 1419 1734 esse
1456 1693 1603 1734 virum.
1655 1692 1712 1736 Et

39 1752 144 1795 dixit
175 1753 232 1796 ei:
265 1753 505 1809 Karissime,
537 1757 645 1799 unde
677 1759 817 1801 venis?
850 1759 934 1809 Que
966 1761 1042 1802 ait:
1075 1760 1137 1803 De
1169 1763 1356 1817 partibus
1388 1764 1558 1806 marinis
1591 1765 1708 1806 venio

40 1837 64 1866 a
100 1837 224 1867 causa
260 1838 334 1881 per
372 1826 495 1869 istam
535 1828 743 1872 civitatem
790 1832 1008 1874 transitum
1047 1832 1125 1875 feci
1164 1838 1204 1875 et
1243 1848 1266 1875 a
1304 1834 1403 1877 viris
1448 1834 1528 1877 fide
1573 1835 1708 1889 dignis

39 1895 174 1938 audivi
214 1897 321 1951 quod
361 1898 525 1952 quidam
566 1900 683 1942 miles
724 1901 789 1944 hic
826 1903 933 1946 inter
972 1917 1043 1946 vos
1083 1917 1156 1959 per
1198 1905 1401 1959 quendam
1439 1911 1708 1949 mercatorem

37 1966 145 2009 male
177 1967 231 2009 sit
261 1972 459 2011 tractatus
493 1973 533 2012 et
563 1971 654 2013 ideo
686 1973 887 2026 judicium
927 1975 1079 2017 intravi
1111 1979 1156 2018 ut
1185 1976 1355 2021 militem
1391 1991 1414 2019 a
1446 1982 1576 2021 morte
1606 1978 1707 2021 libe-

35 2050 184 2080 rarem.
217 2038 291 2081 Ait
314 2039 463 2093 judex:
497 2040 734 2098 Karissime,
767 2045 881 2088 illum
909 2047 1057 2101 juvare
1088 2060 1169 2088 non
1201 2051 1332 2102 potes,
1365 2049 1460 2103 quia
1491 2049 1557 2092 lex
1585 2049 1706 2103 hujus

36 2109 152 2162 regni
173 2109 313 2164 dictat,
347 2111 454 2165 quod
487 2113 592 2155 sicut
622 2114 742 2157 homo
775 2130 818 2159 se
849 2117 1079 2160 voluntarie
1110 2117 1367 2172 obligaverit,
1400 2120 1458 2161 sic
1490 2121 1578 2163 sine
1610 2134 1705 2163 con-

35 2180 284 2223 tradiccione
309 2181 508 2235 judicium
541 2185 726 2241 recipiat,
760 2188 794 2229 si
827 2189 1142 2232 convencionem
1174 2203 1255 2232 non
1287 2190 1534 2246 impleverit.
1586 2191 1705 2234 Miles

35 2250 112 2293 iste
143 2252 333 2294 convenit
363 2265 455 2295 cum
486 2259 713 2299 mercatore
744 2258 813 2300 illo
853 2273 926 2315 pro
972 2260 1148 2315 quadam
1190 2275 1351 2303 summa
1388 2263 1559 2318 pecunie
1597 2263 1703 2318 quod

36 2322 70 2363 si
100 2335 180 2364 non
214 2323 391 2365 solveret
421 2325 485 2367 die
517 2329 668 2370 statuto
701 2328 849 2373 habeat
879 2335 1124 2387 potestatem
1156 2332 1385 2388 plenariam
1424 2334 1464 2375 in
1497 2337 1582 2376 toto
1615 2347 1704 2376 cor-

35 2405 134 2448 pore
164 2393 408 2450 ubicumque
440 2396 476 2438 ei
508 2397 721 2454 placuerit,
753 2404 914 2443 tantum
947 2403 1106 2457 pondus
1139 2407 1336 2458 quantum
1369 2405 1424 2446 sit
1454 2405 1503 2447 de
1531 2405 1704 2460 pecunia

35 2463 244 2508 abscidere
275 2471 315 2508 et
344 2466 434 2508 ideo
467 2467 542 2511 hoc
571 2469 683 2512 nullo
714 2471 835 2513 modo
868 2476 1004 2528 potest
1034 2473 1123 2516 fieri
1154 2475 1235 2516 nisi
1256 2476 1476 2518 occidatur.
1524 2477 1581 2518 At
1610 2476 1700 2519 illa:

34 2533 229 2590 Domine,
275 2538 310 2579 si
349 2542 551 2581 mercator
589 2540 664 2583 hoc
702 2545 861 2584 tantum
901 2544 1160 2599 concederet,
1208 2549 1254 2588 ut
1291 2547 1376 2588 vita
1422 2547 1508 2601 ejus
1554 2548 1700 2590 redimi

33 2610 172 2661 posset
203 2609 399 2664 numquid
432 2609 505 2652 tibi
537 2610 729 2666 placeret.
783 2612 859 2663 Qui
900 2615 976 2656 ait:
1017 2615 1264 2671 Peroptime.
1319 2617 1525 2660 Conversa
1564 2618 1701 2673 puella

34 2676 85 2719 ad
115 2683 383 2722 mercatorem
418 2681 495 2722 ait:
529 2681 644 2736 Care,
678 2683 775 2739 quid
806 2685 974 2740 prodest
1005 2686 1093 2740 tibi,
1125 2687 1158 2729 si
1191 2688 1400 2730 occidatur
1429 2689 1524 2731 ille?
1555 2689 1700 2732 Nonne

33 2747 179 2791 melius
211 2754 273 2793 est
303 2750 397 2805 tibi,
440 2764 581 2794 aurum
622 2756 662 2796 et
693 2759 905 2808 argentum
944 2757 1127 2812 recipere
1165 2771 1238 2814 pro
1271 2773 1317 2801 eo
1348 2773 1423 2814 pro
1454 2763 1527 2802 tua
1557 2760 1699 2802 volun-

33 2821 132 2874 tate,
165 2833 287 2875 quam
309 2826 481 2865 mortem
507 2823 593 2877 ejus
616 2825 779 2867 videre?
810 2826 884 2868 Ait
905 2831 1125 2870 mercator:
1157 2828 1270 2872 Bone
1291 2830 1468 2885 domine,
1501 2831 1535 2872 si
1556 2845 1698 2886 posses

32 2889 156 2933 michi
187 2895 316 2934 totum
350 2893 566 2949 imperium
608 2895 726 2950 dare,
769 2898 892 2939 vitam
935 2898 1020 2953 ejus
1058 2912 1140 2941 non
1170 2901 1446 2943 concederem.
1500 2901 1586 2952 Que
1618 2903 1696 2945 ait:

97 2960 202 3005 bone
232 2968 447 3020 mercator,
481 2978 531 3008 ex
562 2979 640 3021 quo
665 2967 794 3022 judex
826 2969 953 3011 vitam
983 2970 1069 3024 ejus
1091 2970 1310 3026 desiderat,
1342 2971 1407 3014 fac
1427 2976 1472 3014 tu
1493 2973 1695 3016 similiter.
