<?xml version="1.0" encoding="UTF-8"?>
<!DOCTYPE html PUBLIC "-//W3C//DTD XHTML 1.0 Transitional//EN"
    "http://www.w3.org/TR/xhtml1/DTD/xhtml1-transitional.dtd">
<html xmlns="http://www.w3.org/1999/xhtml" xml:lang="en" lang="en">
 <head>
  <title>
</title>
<meta http-equiv="Content-Type" content="text/html;charset=utf-8" />
  <meta name='ocr-system' content='tesseract 3.04.00' />
  <meta name='ocr-capabilities' content='ocr_page ocr_carea ocr_par ocr_line ocrx_word'/>
</head>
<body>
  <div class='ocr_page' id='page_1' title='image "./gestaromanorum00oestuoft_0474.png"; bbox 0 0 1949 3162; ppageno 0'>
   <div class='ocr_carea' id='block_1_1' title="bbox 167 469 188 502">
    <p class='ocr_par' dir='ltr' id='par_1_1' title="bbox 167 469 188 502">
     <span class='ocr_line' id='line_1_1' title="bbox 167 469 188 502; textangle 90"><span class='ocrx_word' id='word_1_1' title='bbox 167 469 188 502; x_wconf 55' lang='lat'>&lt;2¹</span> 
     </span>
    </p>
   </div>
   <div class='ocr_carea' id='block_1_2' title="bbox 148 826 189 858">
    <p class='ocr_par' dir='ltr' id='par_1_2' title="bbox 148 826 189 858">
     <span class='ocr_line' id='line_1_2' title="bbox 148 826 189 858; baseline 0 0"><span class='ocrx_word' id='word_1_2' title='bbox 148 826 189 858; x_wconf 88' lang='lat'>10</span> 
     </span>
    </p>
   </div>
   <div class='ocr_carea' id='block_1_3' title="bbox 148 1184 189 1217">
    <p class='ocr_par' dir='ltr' id='par_1_3' title="bbox 148 1184 189 1217">
     <span class='ocr_line' id='line_1_3' title="bbox 148 1184 189 1217; baseline 0 0"><span class='ocrx_word' id='word_1_3' title='bbox 148 1184 189 1217; x_wconf 85' lang='lat'>15</span> 
     </span>
    </p>
   </div>
   <div class='ocr_carea' id='block_1_4' title="bbox 147 1539 190 1572">
    <p class='ocr_par' dir='ltr' id='par_1_4' title="bbox 147 1539 190 1572">
     <span class='ocr_line' id='line_1_4' title="bbox 147 1539 190 1572; baseline 0 0"><span class='ocrx_word' id='word_1_4' title='bbox 147 1539 190 1572; x_wconf 77' lang='lat'>20</span> 
     </span>
    </p>
   </div>
   <div class='ocr_carea' id='block_1_5' title="bbox 149 1895 193 1928">
    <p class='ocr_par' dir='ltr' id='par_1_5' title="bbox 149 1895 193 1928">
     <span class='ocr_line' id='line_1_5' title="bbox 149 1895 193 1928; baseline 0 0"><span class='ocrx_word' id='word_1_5' title='bbox 149 1895 193 1928; x_wconf 78' lang='lat'>25</span> 
     </span>
    </p>
   </div>
   <div class='ocr_carea' id='block_1_6' title="bbox 152 2251 196 2284">
    <p class='ocr_par' dir='ltr' id='par_1_6' title="bbox 152 2251 196 2284">
     <span class='ocr_line' id='line_1_6' title="bbox 152 2251 196 2284; baseline 0 0"><span class='ocrx_word' id='word_1_6' title='bbox 152 2251 196 2284; x_wconf 88' lang='lat'>30</span> 
     </span>
    </p>
   </div>
   <div class='ocr_carea' id='block_1_7' title="bbox 154 2606 198 2639">
    <p class='ocr_par' dir='ltr' id='par_1_7' title="bbox 154 2606 198 2639">
     <span class='ocr_line' id='line_1_7' title="bbox 154 2606 198 2639; baseline -0.023 0"><span class='ocrx_word' id='word_1_7' title='bbox 154 2606 198 2639; x_wconf 79' lang='lat'>35</span> 
     </span>
    </p>
   </div>
   <div class='ocr_carea' id='block_1_8' title="bbox 214 73 1949 2937">
    <p class='ocr_par' dir='ltr' id='par_1_8' title="bbox 1009 73 1093 114">
     <span class='ocr_line' id='line_1_8' title="bbox 1009 73 1093 114; baseline 0.012 -1"><span class='ocrx_word' id='word_1_8' title='bbox 1009 73 1093 114; x_wconf 79' lang='lat'>452</span> 
     </span>
    </p>

    <p class='ocr_par' dir='ltr' id='par_1_9' title="bbox 214 177 1899 1657">
     <span class='ocr_line' id='line_1_9' title="bbox 215 177 1891 233; baseline 0.002 -16"><span class='ocrx_word' id='word_1_9' title='bbox 215 190 384 229; x_wconf 81' lang='lat' dir='ltr'>magnas</span> <span class='ocrx_word' id='word_1_10' title='bbox 424 177 593 219; x_wconf 86' lang='lat' dir='ltr'>divicias</span> <span class='ocrx_word' id='word_1_11' title='bbox 634 178 899 233; x_wconf 85' lang='lat' dir='ltr'>promoveb03</span> <span class='ocrx_word' id='word_1_12' title='bbox 949 178 982 219; x_wconf 88' lang='lat' dir='ltr'>si</span> <span class='ocrx_word' id='word_1_13' title='bbox 1027 191 1121 219; x_wconf 89' lang='lat' dir='ltr'>vero</span> <span class='ocrx_word' id='word_1_14' title='bbox 1163 191 1317 219; x_wconf 88' lang='lat' dir='ltr'>cornua</span> <span class='ocrx_word' id='word_1_15' title='bbox 1357 178 1510 219; x_wconf 86' lang='lat' dir='ltr'>fuerint</span> <span class='ocrx_word' id='word_1_16' title='bbox 1556 178 1714 231; x_wconf 89' lang='lat' dir='ltr'>ablata,</span> <span class='ocrx_word' id='word_1_17' title='bbox 1761 183 1891 221; x_wconf 91' lang='lat' dir='ltr'>morte</span> 
     </span>
     <span class='ocr_line' id='line_1_10' title="bbox 214 248 1891 304; baseline 0.001 -15"><span class='ocrx_word' id='word_1_18' title='bbox 214 248 415 289; x_wconf 87' lang='lat' dir='ltr'>morieris.</span> <span class='ocrx_word' id='word_1_19' title='bbox 472 248 608 301; x_wconf 83' lang='lat' dir='ltr'>Argus</span> <span class='ocrx_word' id='word_1_20' title='bbox 649 262 744 290; x_wconf 90' lang='lat' dir='ltr'>vero</span> <span class='ocrx_word' id='word_1_21' title='bbox 786 261 949 290; x_wconf 88' lang='lat' dir='ltr'>vaccam</span> <span class='ocrx_word' id='word_1_22' title='bbox 983 260 1074 289; x_wconf 85' lang='lat' dir='ltr'>curn</span> <span class='ocrx_word' id='word_1_23' title='bbox 1109 248 1300 290; x_wconf 90' lang='lat' dir='ltr'>cornibus</span> <span class='ocrx_word' id='word_1_24' title='bbox 1332 249 1487 304; x_wconf 89' lang='lat' dir='ltr'>recepit</span> <span class='ocrx_word' id='word_1_25' title='bbox 1519 254 1558 291; x_wconf 92' lang='lat' dir='ltr'>et</span> <span class='ocrx_word' id='word_1_26' title='bbox 1589 263 1727 291; x_wconf 92' lang='lat' dir='ltr'>secum</span> <span class='ocrx_word' id='word_1_27' title='bbox 1760 249 1891 301; x_wconf 83' lang='lat' dir='ltr'>duxit3</span> 
     </span>
     <span class='ocr_line' id='line_1_11' title="bbox 215 318 1893 374; baseline 0.001 -13"><span class='ocrx_word' id='word_1_28' title='bbox 215 324 255 361; x_wconf 92' lang='lat' dir='ltr'>et</span> <span class='ocrx_word' id='word_1_29' title='bbox 286 318 445 372; x_wconf 87' lang='lat' dir='ltr'>singilis</span> <span class='ocrx_word' id='word_1_30' title='bbox 477 319 619 361; x_wconf 90' lang='lat' dir='ltr'>diebus</span> <span class='ocrx_word' id='word_1_31' title='bbox 652 332 743 361; x_wconf 91' lang='lat' dir='ltr'>cum</span> <span class='ocrx_word' id='word_1_32' title='bbox 777 333 824 361; x_wconf 88' lang='lat' dir='ltr'>ea</span> <span class='ocrx_word' id='word_1_33' title='bbox 856 319 905 361; x_wconf 88' lang='lat' dir='ltr'>ad</span> <span class='ocrx_word' id='word_1_34' title='bbox 929 332 1081 374; x_wconf 86' lang='lat' dir='ltr'>pascua</span> <span class='ocrx_word' id='word_1_35' title='bbox 1114 319 1296 374; x_wconf 86' lang='lat' dir='ltr'>perrexit</span> <span class='ocrx_word' id='word_1_36' title='bbox 1328 323 1368 361; x_wconf 93' lang='lat' dir='ltr'>et</span> <span class='ocrx_word' id='word_1_37' title='bbox 1399 333 1488 361; x_wconf 91' lang='lat' dir='ltr'>eam</span> <span class='ocrx_word' id='word_1_38' title='bbox 1515 320 1733 374; x_wconf 81' lang='lat' dir='ltr'>diligenter</span> <span class='ocrx_word' id='word_1_39' title='bbox 1759 324 1893 362; x_wconf 89' lang='lat' dir='ltr'>custo-</span> 
     </span>
     <span class='ocr_line' id='line_1_12' title="bbox 215 390 1892 446; baseline 0.001 -15"><span class='ocrx_word' id='word_1_40' title='bbox 215 390 318 431; x_wconf 91' lang='lat' dir='ltr'>divit</span> <span class='ocrx_word' id='word_1_41' title='bbox 349 395 389 432; x_wconf 88' lang='lat' dir='ltr'>et</span> <span class='ocrx_word' id='word_1_42' title='bbox 420 390 469 432; x_wconf 86' lang='lat' dir='ltr'>dc</span> <span class='ocrx_word' id='word_1_43' title='bbox 500 394 619 432; x_wconf 92' lang='lat' dir='ltr'>nocte</span> <span class='ocrx_word' id='word_1_44' title='bbox 651 404 739 432; x_wconf 88' lang='lat' dir='ltr'>eam</span> <span class='ocrx_word' id='word_1_45' title='bbox 773 391 939 432; x_wconf 88' lang='lat' dir='ltr'>domum</span> <span class='ocrx_word' id='word_1_46' title='bbox 979 390 1155 432; x_wconf 79' lang='lat' dir='ltr'>reduxit.</span> <span class='ocrx_word' id='word_1_47' title='bbox 1211 390 1314 432; x_wconf 82' lang='lat' dir='ltr'>Erat</span> <span class='ocrx_word' id='word_1_48' title='bbox 1353 390 1519 445; x_wconf 87' lang='lat' dir='ltr'>quidam</span> <span class='ocrx_word' id='word_1_49' title='bbox 1552 391 1672 433; x_wconf 92' lang='lat' dir='ltr'>homo</span> <span class='ocrx_word' id='word_1_50' title='bbox 1705 391 1892 446; x_wconf 90' lang='lat' dir='ltr'>cupidus,</span> 
     </span>
     <span class='ocr_line' id='line_1_13' title="bbox 214 461 1893 516; baseline 0.001 -14"><span class='ocrx_word' id='word_1_51' title='bbox 214 462 379 503; x_wconf 90' lang='lat' dir='ltr'>nomine</span> <span class='ocrx_word' id='word_1_52' title='bbox 418 461 665 515; x_wconf 87' lang='lat' dir='ltr'>Mercurius,</span> <span class='ocrx_word' id='word_1_53' title='bbox 707 461 867 504; x_wconf 89' lang='lat' dir='ltr'>subtilis</span> <span class='ocrx_word' id='word_1_54' title='bbox 908 461 1024 503; x_wconf 86' lang='lat' dir='ltr'>valde</span> <span class='ocrx_word' id='word_1_55' title='bbox 1064 462 1104 502; x_wconf 92' lang='lat' dir='ltr'>in</span> <span class='ocrx_word' id='word_1_56' title='bbox 1146 465 1232 502; x_wconf 89' lang='lat' dir='ltr'>arte</span> <span class='ocrx_word' id='word_1_57' title='bbox 1272 461 1480 515; x_wconf 78' lang='lat' dir='ltr'>musicali,</span> <span class='ocrx_word' id='word_1_58' title='bbox 1521 462 1588 516; x_wconf 89' lang='lat' dir='ltr'>qui</span> <span class='ocrx_word' id='word_1_59' title='bbox 1629 462 1733 503; x_wconf 91' lang='lat' dir='ltr'>miro</span> <span class='ocrx_word' id='word_1_60' title='bbox 1772 461 1893 503; x_wconf 91' lang='lat' dir='ltr'>modo</span> 
     </span>
     <span class='ocr_line' id='line_1_14' title="bbox 215 532 1893 588; baseline 0 -14"><span class='ocrx_word' id='word_1_61' title='bbox 215 546 380 574; x_wconf 88' lang='lat' dir='ltr'>vaccam</span> <span class='ocrx_word' id='word_1_62' title='bbox 413 532 562 575; x_wconf 87' lang='lat' dir='ltr'>habere</span> <span class='ocrx_word' id='word_1_63' title='bbox 595 533 804 588; x_wconf 79' lang='lat' dir='ltr'>cupiebat3</span> <span class='ocrx_word' id='word_1_64' title='bbox 839 537 878 574; x_wconf 90' lang='lat' dir='ltr'>et</span> <span class='ocrx_word' id='word_1_65' title='bbox 910 545 1006 587; x_wconf 87' lang='lat' dir='ltr'>sepe</span> <span class='ocrx_word' id='word_1_66' title='bbox 1029 533 1078 573; x_wconf 87' lang='lat' dir='ltr'>ad</span> <span class='ocrx_word' id='word_1_67' title='bbox 1102 532 1259 585; x_wconf 83' lang='lat' dir='ltr'><strong>Argum</strong></span> <span class='ocrx_word' id='word_1_68' title='bbox 1297 533 1419 585; x_wconf 91' lang='lat' dir='ltr'>venit,</span> <span class='ocrx_word' id='word_1_69' title='bbox 1453 537 1497 574; x_wconf 90' lang='lat' dir='ltr'>ut</span> <span class='ocrx_word' id='word_1_70' title='bbox 1529 546 1648 588; x_wconf 81' lang='lat' dir='ltr'>prece</span> <span class='ocrx_word' id='word_1_71' title='bbox 1671 533 1734 575; x_wconf 91' lang='lat' dir='ltr'>vel</span> <span class='ocrx_word' id='word_1_72' title='bbox 1758 533 1893 588; x_wconf 85' lang='lat' dir='ltr'>precio</span> 
     </span>
     <span class='ocr_line' id='line_1_15' title="bbox 215 603 1895 660; baseline 0.001 -15"><span class='ocrx_word' id='word_1_73' title='bbox 215 618 368 646; x_wconf 88' lang='lat' dir='ltr'>cornua</span> <span class='ocrx_word' id='word_1_74' title='bbox 401 603 450 645; x_wconf 91' lang='lat' dir='ltr'>ab</span> <span class='ocrx_word' id='word_1_75' title='bbox 473 618 518 646; x_wconf 91' lang='lat' dir='ltr'>eo</span> <span class='ocrx_word' id='word_1_76' title='bbox 552 604 766 645; x_wconf 84' lang='lat' dir='ltr'>obtineret.</span> <span class='ocrx_word' id='word_1_77' title='bbox 815 604 952 657; x_wconf 82' lang='lat' dir='ltr'>Argus</span> <span class='ocrx_word' id='word_1_78' title='bbox 985 617 1078 645; x_wconf 84' lang='lat' dir='ltr'>vero</span> <span class='ocrx_word' id='word_1_79' title='bbox 1102 607 1245 645; x_wconf 91' lang='lat' dir='ltr'>tenens</span> <span class='ocrx_word' id='word_1_80' title='bbox 1268 603 1309 644; x_wconf 93' lang='lat' dir='ltr'>in</span> <span class='ocrx_word' id='word_1_81' title='bbox 1333 603 1521 645; x_wconf 85' lang='lat' dir='ltr'>manibus</span> <span class='ocrx_word' id='word_1_82' title='bbox 1544 604 1734 646; x_wconf 88' lang='lat' dir='ltr'>baculum</span> <span class='ocrx_word' id='word_1_83' title='bbox 1756 608 1895 660; x_wconf 88' lang='lat' dir='ltr'>pasto-</span> 
     </span>
     <span class='ocr_line' id='line_1_16' title="bbox 215 674 1893 730; baseline -0.001 -12"><span class='ocrx_word' id='word_1_84' title='bbox 215 676 358 729; x_wconf 87' lang='lat' dir='ltr'>ralem,</span> <span class='ocrx_word' id='word_1_85' title='bbox 391 689 527 717; x_wconf 87' lang='lat' dir='ltr'>coram</span> <span class='ocrx_word' id='word_1_86' title='bbox 562 688 605 716; x_wconf 90' lang='lat' dir='ltr'>se</span> <span class='ocrx_word' id='word_1_87' title='bbox 636 675 676 716; x_wconf 91' lang='lat' dir='ltr'>in</span> <span class='ocrx_word' id='word_1_88' title='bbox 710 679 860 716; x_wconf 85' lang='lat' dir='ltr'>terram</span> <span class='ocrx_word' id='word_1_89' title='bbox 895 674 999 727; x_wconf 84' lang='lat' dir='ltr'>fixit,</span> <span class='ocrx_word' id='word_1_90' title='bbox 1033 679 1073 716; x_wconf 90' lang='lat' dir='ltr'>ct</span> <span class='ocrx_word' id='word_1_91' title='bbox 1105 675 1163 716; x_wconf 86' lang='lat' dir='ltr'>ait</span> <span class='ocrx_word' id='word_1_92' title='bbox 1195 674 1337 716; x_wconf 88' lang='lat' dir='ltr'>baculo</span> <span class='ocrx_word' id='word_1_93' title='bbox 1371 675 1411 716; x_wconf 93' lang='lat' dir='ltr'>in</span> <span class='ocrx_word' id='word_1_94' title='bbox 1436 689 1611 730; x_wconf 89' lang='lat' dir='ltr'>persona</span> <span class='ocrx_word' id='word_1_95' title='bbox 1633 675 1788 717; x_wconf 91' lang='lat' dir='ltr'>domini</span> <span class='ocrx_word' id='word_1_96' title='bbox 1811 674 1893 716; x_wconf 85' lang='lat' dir='ltr'>sui:</span> 
     </span>
     <span class='ocr_line' id='line_1_17' title="bbox 215 745 1895 800; baseline -0.001 -11"><span class='ocrx_word' id='word_1_97' title='bbox 215 747 276 789; x_wconf 92' lang='lat' dir='ltr'>Tu</span> <span class='ocrx_word' id='word_1_98' title='bbox 309 761 350 789; x_wconf 89' lang='lat' dir='ltr'>es</span> <span class='ocrx_word' id='word_1_99' title='bbox 383 747 573 788; x_wconf 91' lang='lat' dir='ltr'>dominus</span> <span class='ocrx_word' id='word_1_100' title='bbox 606 760 733 800; x_wconf 89' lang='lat' dir='ltr'>meus,</span> <span class='ocrx_word' id='word_1_101' title='bbox 768 750 885 787; x_wconf 89' lang='lat' dir='ltr'>nocte</span> <span class='ocrx_word' id='word_1_102' title='bbox 917 746 997 787; x_wconf 88' lang='lat' dir='ltr'>ista</span> <span class='ocrx_word' id='word_1_103' title='bbox 1029 746 1078 787; x_wconf 85' lang='lat' dir='ltr'>ad</span> <span class='ocrx_word' id='word_1_104' title='bbox 1113 750 1291 788; x_wconf 82' lang='lat' dir='ltr'>castrum</span> <span class='ocrx_word' id='word_1_105' title='bbox 1325 749 1439 787; x_wconf 92' lang='lat' dir='ltr'>tuum</span> <span class='ocrx_word' id='word_1_106' title='bbox 1473 747 1646 788; x_wconf 89' lang='lat' dir='ltr'>veniam.</span> <span class='ocrx_word' id='word_1_107' title='bbox 1701 746 1762 788; x_wconf 88' lang='lat' dir='ltr'>Tu</span> <span class='ocrx_word' id='word_1_108' title='bbox 1793 745 1895 787; x_wconf 90' lang='lat' dir='ltr'>dicis</span> 
     </span>
     <span class='ocr_line' id='line_1_18' title="bbox 215 816 1896 872; baseline -0.001 -12"><span class='ocrx_word' id='word_1_109' title='bbox 215 818 359 860; x_wconf 88' lang='lat' dir='ltr'>michi:</span> <span class='ocrx_word' id='word_1_110' title='bbox 392 818 471 860; x_wconf 91' lang='lat' dir='ltr'>Ubi</span> <span class='ocrx_word' id='word_1_111' title='bbox 504 821 566 859; x_wconf 88' lang='lat' dir='ltr'>est</span> <span class='ocrx_word' id='word_1_112' title='bbox 597 830 720 859; x_wconf 87' lang='lat' dir='ltr'>vacca</span> <span class='ocrx_word' id='word_1_113' title='bbox 752 830 840 858; x_wconf 84' lang='lat' dir='ltr'>curn</span> <span class='ocrx_word' id='word_1_114' title='bbox 866 816 1085 858; x_wconf 82' lang='lat' dir='ltr'>cornibus?</span> <span class='ocrx_word' id='word_1_115' title='bbox 1117 817 1204 870; x_wconf 89' lang='lat' dir='ltr'>Ego</span> <span class='ocrx_word' id='word_1_116' title='bbox 1237 817 1491 872; x_wconf 79' lang='lat' dir='ltr'>respondeo:</span> <span class='ocrx_word' id='word_1_117' title='bbox 1526 816 1630 859; x_wconf 90' lang='lat' dir='ltr'>Ecce</span> <span class='ocrx_word' id='word_1_118' title='bbox 1663 831 1786 859; x_wconf 89' lang='lat' dir='ltr'>vacca</span> <span class='ocrx_word' id='word_1_119' title='bbox 1808 817 1896 859; x_wconf 82' lang='lat' dir='ltr'>sine</span> 
     </span>
     <span class='ocr_line' id='line_1_19' title="bbox 216 888 1895 942; baseline -0.001 -11"><span class='ocrx_word' id='word_1_120' title='bbox 216 889 428 940; x_wconf 63' lang='lat' dir='ltr'>cornibus,</span> <span class='ocrx_word' id='word_1_121' title='bbox 463 903 526 931; x_wconf 91' lang='lat' dir='ltr'>me</span> <span class='ocrx_word' id='word_1_122' title='bbox 559 889 667 931; x_wconf 91' lang='lat' dir='ltr'>enim</span> <span class='ocrx_word' id='word_1_123' title='bbox 699 888 926 930; x_wconf 80' lang='lat' dir='ltr'>dormiente</span> <span class='ocrx_word' id='word_1_124' title='bbox 948 888 1053 930; x_wconf 88' lang='lat' dir='ltr'>latro</span> <span class='ocrx_word' id='word_1_125' title='bbox 1077 889 1241 942; x_wconf 86' lang='lat' dir='ltr'>quidam</span> <span class='ocrx_word' id='word_1_126' title='bbox 1265 902 1417 930; x_wconf 84' lang='lat' dir='ltr'>cornua</span> <span class='ocrx_word' id='word_1_127' title='bbox 1449 888 1631 930; x_wconf 87' lang='lat' dir='ltr'>abstulit.</span> <span class='ocrx_word' id='word_1_128' title='bbox 1679 888 1740 930; x_wconf 90' lang='lat' dir='ltr'>Tu</span> <span class='ocrx_word' id='word_1_129' title='bbox 1772 888 1895 930; x_wconf 87' lang='lat' dir='ltr'>dicis:</span> 
     </span>
     <span class='ocr_line' id='line_1_20' title="bbox 216 959 1896 1014; baseline -0.001 -12"><span class='ocrx_word' id='word_1_130' title='bbox 216 960 248 1002; x_wconf 91' lang='grc' dir='ltr'>Ο</span> <span class='ocrx_word' id='word_1_131' title='bbox 280 961 424 1013; x_wconf 90' lang='lat' dir='ltr'>miser,</span> <span class='ocrx_word' id='word_1_132' title='bbox 466 974 600 1002; x_wconf 90' lang='lat' dir='ltr'>nonne</span> <span class='ocrx_word' id='word_1_133' title='bbox 642 965 803 1002; x_wconf 89' lang='lat' dir='ltr'>centum</span> <span class='ocrx_word' id='word_1_134' title='bbox 845 959 982 1001; x_wconf 91' lang='lat' dir='ltr'>oculos</span> <span class='ocrx_word' id='word_1_135' title='bbox 1016 959 1167 1001; x_wconf 82' lang='lat' dir='ltr'>habes?</span> <span class='ocrx_word' id='word_1_136' title='bbox 1209 959 1419 1009; x_wconf 81' lang='lat' dir='ltr'>Quomodo</span> <span class='ocrx_word' id='word_1_137' title='bbox 1459 964 1567 1014; x_wconf 85' lang='lat' dir='ltr'>erat,</span> <span class='ocrx_word' id='word_1_138' title='bbox 1609 959 1716 1014; x_wconf 92' lang='lat' dir='ltr'>quod</span> <span class='ocrx_word' id='word_1_139' title='bbox 1754 972 1896 1001; x_wconf 91' lang='lat' dir='ltr'>omnes</span> 
     </span>
     <span class='ocr_line' id='line_1_21' title="bbox 216 1030 1896 1084; baseline -0.001 -11"><span class='ocrx_word' id='word_1_140' title='bbox 216 1032 444 1073; x_wconf 88' lang='lat' dir='ltr'>dormirent</span> <span class='ocrx_word' id='word_1_141' title='bbox 476 1035 515 1073; x_wconf 90' lang='lat' dir='ltr'>et</span> <span class='ocrx_word' id='word_1_142' title='bbox 546 1031 651 1072; x_wconf 88' lang='lat' dir='ltr'>latro</span> <span class='ocrx_word' id='word_1_143' title='bbox 685 1044 836 1072; x_wconf 84' lang='lat' dir='ltr'>cornua</span> <span class='ocrx_word' id='word_1_144' title='bbox 876 1030 1072 1072; x_wconf 80' lang='lat' dir='ltr'>abstulit?</span> <span class='ocrx_word' id='word_1_145' title='bbox 1116 1030 1202 1072; x_wconf 91' lang='lat' dir='ltr'>Hoc</span> <span class='ocrx_word' id='word_1_146' title='bbox 1243 1036 1305 1073; x_wconf 89' lang='lat' dir='ltr'>est</span> <span class='ocrx_word' id='word_1_147' title='bbox 1345 1032 1627 1084; x_wconf 78' lang='lat' dir='ltr'>mendacium,</span> <span class='ocrx_word' id='word_1_148' title='bbox 1667 1035 1707 1073; x_wconf 89' lang='lat' dir='ltr'>et</span> <span class='ocrx_word' id='word_1_149' title='bbox 1738 1031 1796 1073; x_wconf 91' lang='lat' dir='ltr'>sic</span> <span class='ocrx_word' id='word_1_150' title='bbox 1827 1044 1896 1072; x_wconf 91' lang='lat' dir='ltr'>ero</span> 
     </span>
     <span class='ocr_line' id='line_1_22' title="bbox 214 1101 1898 1153; baseline -0.001 -9"><span class='ocrx_word' id='word_1_151' title='bbox 214 1102 322 1145; x_wconf 88' lang='lat' dir='ltr'>filius</span> <span class='ocrx_word' id='word_1_152' title='bbox 357 1103 513 1144; x_wconf 88' lang='lat' dir='ltr'>mortis.</span> <span class='ocrx_word' id='word_1_153' title='bbox 564 1101 606 1144; x_wconf 86' lang='lat' dir='ltr'>Si</span> <span class='ocrx_word' id='word_1_154' title='bbox 630 1102 782 1143; x_wconf 85' lang='lat' dir='ltr'>dicam:</span> <span class='ocrx_word' id='word_1_155' title='bbox 818 1101 1007 1153; x_wconf 85' lang='lat' dir='ltr'>Vendidi,</span> <span class='ocrx_word' id='word_1_156' title='bbox 1042 1101 1216 1143; x_wconf 78' lang='lat' dir='ltr'>infidelis</span> <span class='ocrx_word' id='word_1_157' title='bbox 1241 1116 1308 1144; x_wconf 89' lang='lat' dir='ltr'>ero</span> <span class='ocrx_word' id='word_1_158' title='bbox 1332 1102 1496 1144; x_wconf 88' lang='lat' dir='ltr'>domino</span> <span class='ocrx_word' id='word_1_159' title='bbox 1519 1116 1623 1144; x_wconf 91' lang='lat' dir='ltr'>meo.</span> <span class='ocrx_word' id='word_1_160' title='bbox 1658 1101 1817 1145; x_wconf 87' lang='lat' dir='ltr'>Deinde</span> <span class='ocrx_word' id='word_1_161' title='bbox 1839 1102 1898 1143; x_wconf 88' lang='lat' dir='ltr'>ait</span> 
     </span>
     <span class='ocr_line' id='line_1_23' title="bbox 215 1172 1896 1227; baseline -0.001 -11"><span class='ocrx_word' id='word_1_162' title='bbox 215 1174 437 1216; x_wconf 89' lang='lat' dir='ltr'>Mercurio:</span> <span class='ocrx_word' id='word_1_163' title='bbox 471 1173 601 1227; x_wconf 88' lang='lat' dir='ltr'>Perge</span> <span class='ocrx_word' id='word_1_164' title='bbox 634 1174 741 1215; x_wconf 91' lang='lat' dir='ltr'>viam</span> <span class='ocrx_word' id='word_1_165' title='bbox 775 1177 902 1225; x_wconf 89' lang='lat' dir='ltr'>tuam,</span> <span class='ocrx_word' id='word_1_166' title='bbox 937 1173 1032 1226; x_wconf 89' lang='lat' dir='ltr'>quia</span> <span class='ocrx_word' id='word_1_167' title='bbox 1054 1172 1179 1214; x_wconf 90' lang='lat' dir='ltr'>nichil</span> <span class='ocrx_word' id='word_1_168' title='bbox 1203 1173 1417 1216; x_wconf 83' lang='lat' dir='ltr'>obtinebis.</span> <span class='ocrx_word' id='word_1_169' title='bbox 1464 1173 1691 1216; x_wconf 88' lang='lat' dir='ltr'>Mercurius</span> <span class='ocrx_word' id='word_1_170' title='bbox 1712 1173 1896 1227; x_wconf 83' lang='lat' dir='ltr'>recessit,</span> 
     </span>
     <span class='ocr_line' id='line_1_24' title="bbox 217 1244 1898 1295; baseline -0.001 -7"><span class='ocrx_word' id='word_1_171' title='bbox 217 1250 257 1288; x_wconf 91' lang='lat' dir='ltr'>et</span> <span class='ocrx_word' id='word_1_172' title='bbox 289 1246 419 1288; x_wconf 87' lang='lat' dir='ltr'>altera</span> <span class='ocrx_word' id='word_1_173' title='bbox 450 1245 514 1287; x_wconf 93' lang='lat' dir='ltr'>die</span> <span class='ocrx_word' id='word_1_174' title='bbox 547 1259 637 1286; x_wconf 91' lang='lat' dir='ltr'>cum</span> <span class='ocrx_word' id='word_1_175' title='bbox 673 1249 760 1287; x_wconf 85' lang='lat' dir='ltr'>arte</span> <span class='ocrx_word' id='word_1_176' title='bbox 791 1244 980 1286; x_wconf 84' lang='lat' dir='ltr'>musicali</span> <span class='ocrx_word' id='word_1_177' title='bbox 1018 1248 1058 1286; x_wconf 87' lang='lat' dir='ltr'>et</span> <span class='ocrx_word' id='word_1_178' title='bbox 1090 1258 1161 1285; x_wconf 92' lang='lat' dir='ltr'>suo</span> <span class='ocrx_word' id='word_1_179' title='bbox 1196 1245 1468 1288; x_wconf 90' lang='lat' dir='ltr'>instrumento</span> <span class='ocrx_word' id='word_1_180' title='bbox 1507 1245 1632 1287; x_wconf 89' lang='lat' dir='ltr'>venit.</span> <span class='ocrx_word' id='word_1_181' title='bbox 1687 1244 1765 1295; x_wconf 83' lang='lat' dir='ltr'>Qui</span> <span class='ocrx_word' id='word_1_182' title='bbox 1804 1257 1898 1286; x_wconf 92' lang='lat' dir='ltr'>cum</span> 
     </span>
     <span class='ocr_line' id='line_1_25' title="bbox 217 1315 1898 1371; baseline -0.001 -12"><span class='ocrx_word' id='word_1_183' title='bbox 217 1317 410 1370; x_wconf 89' lang='lat' dir='ltr'>venisset,</span> <span class='ocrx_word' id='word_1_184' title='bbox 443 1317 598 1371; x_wconf 83' lang='lat' dir='ltr'>incepit</span> <span class='ocrx_word' id='word_1_185' title='bbox 629 1329 721 1358; x_wconf 86' lang='lat' dir='ltr'>cum</span> <span class='ocrx_word' id='word_1_186' title='bbox 744 1316 856 1369; x_wconf 90' lang='lat' dir='ltr'>Argo</span> <span class='ocrx_word' id='word_1_187' title='bbox 889 1329 1002 1357; x_wconf 89' lang='lat' dir='ltr'>more</span> <span class='ocrx_word' id='word_1_188' title='bbox 1034 1315 1228 1357; x_wconf 88' lang='lat' dir='ltr'>historico</span> <span class='ocrx_word' id='word_1_189' title='bbox 1257 1316 1415 1358; x_wconf 85' lang='lat' dir='ltr'>fabulas</span> <span class='ocrx_word' id='word_1_190' title='bbox 1437 1317 1573 1359; x_wconf 87' lang='lat' dir='ltr'>dicere</span> <span class='ocrx_word' id='word_1_191' title='bbox 1595 1320 1635 1358; x_wconf 90' lang='lat' dir='ltr'>et</span> <span class='ocrx_word' id='word_1_192' title='bbox 1655 1316 1898 1371; x_wconf 90' lang='lat' dir='ltr'>plerumque</span> 
     </span>
     <span class='ocr_line' id='line_1_26' title="bbox 216 1386 1897 1442; baseline -0.001 -12"><span class='ocrx_word' id='word_1_193' title='bbox 216 1393 401 1442; x_wconf 87' lang='lat' dir='ltr'>cantare,</span> <span class='ocrx_word' id='word_1_194' title='bbox 454 1400 664 1442; x_wconf 89' lang='lat' dir='ltr'>quousque</span> <span class='ocrx_word' id='word_1_195' title='bbox 713 1387 791 1429; x_wconf 92' lang='lat' dir='ltr'>duo</span> <span class='ocrx_word' id='word_1_196' title='bbox 839 1386 944 1428; x_wconf 90' lang='lat' dir='ltr'>oculi</span> <span class='ocrx_word' id='word_1_197' title='bbox 983 1387 1085 1440; x_wconf 90' lang='lat' dir='ltr'>Argi</span> <span class='ocrx_word' id='word_1_198' title='bbox 1124 1386 1366 1441; x_wconf 84' lang='lat' dir='ltr'>inceperunt</span> <span class='ocrx_word' id='word_1_199' title='bbox 1412 1388 1610 1439; x_wconf 90' lang='lat' dir='ltr'>dormire;</span> <span class='ocrx_word' id='word_1_200' title='bbox 1656 1387 1804 1430; x_wconf 90' lang='lat' dir='ltr'>deinde</span> <span class='ocrx_word' id='word_1_201' title='bbox 1847 1386 1897 1428; x_wconf 88' lang='lat' dir='ltr'>ad</span> 
     </span>
     <span class='ocr_line' id='line_1_27' title="bbox 215 1458 1899 1514; baseline -0.001 -13"><span class='ocrx_word' id='word_1_202' title='bbox 215 1464 380 1501; x_wconf 89' lang='lat' dir='ltr'>cantum</span> <span class='ocrx_word' id='word_1_203' title='bbox 419 1458 530 1500; x_wconf 88' lang='lat' dir='ltr'>illius</span> <span class='ocrx_word' id='word_1_204' title='bbox 570 1459 649 1500; x_wconf 90' lang='lat' dir='ltr'>duo</span> <span class='ocrx_word' id='word_1_205' title='bbox 692 1458 761 1500; x_wconf 90' lang='lat' dir='ltr'>alii</span> <span class='ocrx_word' id='word_1_206' title='bbox 803 1458 907 1500; x_wconf 91' lang='lat' dir='ltr'>oculi</span> <span class='ocrx_word' id='word_1_207' title='bbox 947 1458 1294 1511; x_wconf 86' lang='lat' dir='ltr'>dormitaverunt,</span> <span class='ocrx_word' id='word_1_208' title='bbox 1335 1463 1375 1501; x_wconf 91' lang='lat' dir='ltr'>et</span> <span class='ocrx_word' id='word_1_209' title='bbox 1414 1459 1472 1501; x_wconf 91' lang='lat' dir='ltr'>sic</span> <span class='ocrx_word' id='word_1_210' title='bbox 1513 1459 1726 1514; x_wconf 82' lang='lat' dir='ltr'>deinceps,</span> <span class='ocrx_word' id='word_1_211' title='bbox 1770 1458 1899 1500; x_wconf 92' lang='lat' dir='ltr'>donec</span> 
     </span>
     <span class='ocr_line' id='line_1_28' title="bbox 216 1529 1898 1585; baseline -0.001 -13"><span class='ocrx_word' id='word_1_212' title='bbox 216 1530 398 1572; x_wconf 90' lang='lat' dir='ltr'>universi</span> <span class='ocrx_word' id='word_1_213' title='bbox 445 1543 665 1585; x_wconf 84' lang='lat' dir='ltr'>sompnum</span> <span class='ocrx_word' id='word_1_214' title='bbox 714 1534 919 1584; x_wconf 82' lang='lat' dir='ltr'>caperent.</span> <span class='ocrx_word' id='word_1_215' title='bbox 983 1529 1097 1579; x_wconf 85' lang='lat' dir='ltr'>Quod</span> <span class='ocrx_word' id='word_1_216' title='bbox 1145 1543 1315 1571; x_wconf 90' lang='lat' dir='ltr'>cernens</span> <span class='ocrx_word' id='word_1_217' title='bbox 1362 1529 1589 1573; x_wconf 89' lang='lat' dir='ltr'>Mercurius</span> <span class='ocrx_word' id='word_1_218' title='bbox 1632 1534 1757 1585; x_wconf 88' lang='lat' dir='ltr'>caput</span> <span class='ocrx_word' id='word_1_219' title='bbox 1796 1529 1898 1583; x_wconf 86' lang='lat' dir='ltr'>Argi</span> 
     </span>
     <span class='ocr_line' id='line_1_29' title="bbox 217 1601 1416 1657; baseline -0.001 -14"><span class='ocrx_word' id='word_1_220' title='bbox 217 1601 449 1657; x_wconf 89' lang='lat' dir='ltr'>amputavit</span> <span class='ocrx_word' id='word_1_221' title='bbox 480 1605 520 1643; x_wconf 90' lang='lat' dir='ltr'>et</span> <span class='ocrx_word' id='word_1_222' title='bbox 554 1615 715 1643; x_wconf 85' lang='lat' dir='ltr'>vaccam</span> <span class='ocrx_word' id='word_1_223' title='bbox 749 1615 841 1642; x_wconf 88' lang='lat' dir='ltr'>cum</span> <span class='ocrx_word' id='word_1_224' title='bbox 874 1601 1065 1642; x_wconf 87' lang='lat' dir='ltr'>cornibus</span> <span class='ocrx_word' id='word_1_225' title='bbox 1099 1601 1233 1643; x_wconf 89' lang='lat' dir='ltr'>aureis</span> <span class='ocrx_word' id='word_1_226' title='bbox 1265 1601 1416 1656; x_wconf 89' lang='lat' dir='ltr'>rapuit.</span> 
     </span>
    </p>

    <p class='ocr_par' dir='ltr' id='par_1_10' title="bbox 217 1671 1949 2937">
     <span class='ocr_line' id='line_1_30' title="bbox 338 1671 1898 1726; baseline -0.001 -12"><span class='ocrx_word' id='word_1_227' title='bbox 338 1671 427 1726; x_wconf 74' lang='lat'>[94]</span> <span class='ocrx_word' id='word_1_228' title='bbox 462 1672 696 1725; x_wconf 88' lang='lat' dir='ltr'>Carissimi,</span> <span class='ocrx_word' id='word_1_229' title='bbox 737 1672 885 1714; x_wconf 89' lang='lat' dir='ltr'>nobilis</span> <span class='ocrx_word' id='word_1_230' title='bbox 923 1671 992 1714; x_wconf 91' lang='lat' dir='ltr'>ille</span> <span class='ocrx_word' id='word_1_231' title='bbox 1032 1676 1094 1714; x_wconf 90' lang='lat' dir='ltr'>est</span> <span class='ocrx_word' id='word_1_232' title='bbox 1125 1672 1315 1713; x_wconf 88' lang='lat' dir='ltr'>dominus</span> <span class='ocrx_word' id='word_1_233' title='bbox 1348 1677 1487 1715; x_wconf 91' lang='lat' dir='ltr'>noster</span> <span class='ocrx_word' id='word_1_234' title='bbox 1517 1673 1657 1715; x_wconf 88' lang='lat' dir='ltr'>Ihesus</span> <span class='ocrx_word' id='word_1_235' title='bbox 1690 1671 1898 1722; x_wconf 89' lang='lat' dir='ltr'>Christus;</span> 
     </span>
     <span class='ocr_line' id='line_1_31' title="bbox 217 1740 1901 1798; baseline -0.001 -13"><span class='ocrx_word' id='word_1_236' title='bbox 217 1757 342 1786; x_wconf 91' lang='lat' dir='ltr'>vacca</span> <span class='ocrx_word' id='word_1_237' title='bbox 373 1743 547 1785; x_wconf 88' lang='lat' dir='ltr'>candida</span> <span class='ocrx_word' id='word_1_238' title='bbox 580 1743 718 1784; x_wconf 90' lang='lat' dir='ltr'>anima</span> <span class='ocrx_word' id='word_1_239' title='bbox 750 1744 800 1785; x_wconf 92' lang='lat' dir='ltr'>ad</span> <span class='ocrx_word' id='word_1_240' title='bbox 833 1743 895 1785; x_wconf 92' lang='lat' dir='ltr'>dei</span> <span class='ocrx_word' id='word_1_241' title='bbox 934 1743 1245 1786; x_wconf 87' lang='lat' dir='ltr'>similitudinem</span> <span class='ocrx_word' id='word_1_242' title='bbox 1287 1740 1444 1797; x_wconf 84' lang='lat' dir='ltr'>creata,</span> <span class='ocrx_word' id='word_1_243' title='bbox 1486 1758 1583 1798; x_wconf 88' lang='lat' dir='ltr'>que,</span> <span class='ocrx_word' id='word_1_244' title='bbox 1623 1744 1720 1785; x_wconf 89' lang='lat' dir='ltr'>dum</span> <span class='ocrx_word' id='word_1_245' title='bbox 1761 1746 1901 1784; x_wconf 90' lang='lat' dir='ltr'>manet</span> 
     </span>
     <span class='ocr_line' id='line_1_32' title="bbox 217 1813 1900 1871; baseline -0.001 -15"><span class='ocrx_word' id='word_1_246' title='bbox 217 1816 261 1856; x_wconf 94' lang='lat' dir='ltr'>in</span> <span class='ocrx_word' id='word_1_247' title='bbox 302 1815 480 1870; x_wconf 84' lang='lat' dir='ltr'>puritate</span> <span class='ocrx_word' id='word_1_248' title='bbox 523 1815 625 1867; x_wconf 89' lang='lat' dir='ltr'>vite,</span> <span class='ocrx_word' id='word_1_249' title='bbox 667 1814 738 1856; x_wconf 88' lang='lat' dir='ltr'>dat</span> <span class='ocrx_word' id='word_1_250' title='bbox 775 1815 838 1856; x_wconf 84' lang='lat' dir='ltr'>lac</span> <span class='ocrx_word' id='word_1_251' title='bbox 878 1815 1112 1857; x_wconf 85' lang='lat' dir='ltr'>devocionis</span> <span class='ocrx_word' id='word_1_252' title='bbox 1154 1819 1194 1857; x_wconf 90' lang='lat' dir='ltr'>et</span> <span class='ocrx_word' id='word_1_253' title='bbox 1234 1815 1455 1869; x_wconf 88' lang='lat' dir='ltr'>oracionis,</span> <span class='ocrx_word' id='word_1_254' title='bbox 1498 1819 1667 1871; x_wconf 89' lang='lat' dir='ltr'>propter</span> <span class='ocrx_word' id='word_1_255' title='bbox 1706 1828 1784 1869; x_wconf 90' lang='lat' dir='ltr'>que</span> <span class='ocrx_word' id='word_1_256' title='bbox 1821 1813 1900 1855; x_wconf 91' lang='lat' dir='ltr'>duo</span> 
     </span>
     <span class='ocr_line' id='line_1_33' title="bbox 219 1885 1901 1940; baseline -0.002 -12"><span class='ocrx_word' id='word_1_257' title='bbox 219 1886 393 1928; x_wconf 91' lang='lat' dir='ltr'>multum</span> <span class='ocrx_word' id='word_1_258' title='bbox 435 1900 458 1927; x_wconf 89' lang='lat' dir='ltr'>a</span> <span class='ocrx_word' id='word_1_259' title='bbox 497 1885 571 1928; x_wconf 84' lang='lat' dir='ltr'>deo</span> <span class='ocrx_word' id='word_1_260' title='bbox 611 1885 817 1939; x_wconf 88' lang='lat' dir='ltr'>diligitur,</span> <span class='ocrx_word' id='word_1_261' title='bbox 866 1890 905 1928; x_wconf 92' lang='lat' dir='ltr'>et</span> <span class='ocrx_word' id='word_1_262' title='bbox 951 1886 1041 1928; x_wconf 89' lang='lat' dir='ltr'>ideo</span> <span class='ocrx_word' id='word_1_263' title='bbox 1084 1886 1197 1929; x_wconf 88' lang='lat' dir='ltr'>dedit</span> <span class='ocrx_word' id='word_1_264' title='bbox 1235 1887 1271 1929; x_wconf 89' lang='lat' dir='ltr'>ei</span> <span class='ocrx_word' id='word_1_265' title='bbox 1310 1900 1463 1929; x_wconf 90' lang='lat' dir='ltr'>cornua</span> <span class='ocrx_word' id='word_1_266' title='bbox 1503 1900 1647 1940; x_wconf 91' lang='lat' dir='ltr'>aurea,</span> <span class='ocrx_word' id='word_1_267' title='bbox 1694 1885 1791 1940; x_wconf 93' lang='lat' dir='ltr'>quia</span> <span class='ocrx_word' id='word_1_268' title='bbox 1827 1897 1901 1939; x_wconf 90' lang='lat' dir='ltr'>per</span> 
     </span>
     <span class='ocr_line' id='line_1_34' title="bbox 219 1955 1902 2013; baseline -0.001 -15"><span class='ocrx_word' id='word_1_269' title='bbox 219 1962 438 2011; x_wconf 88' lang='lat' dir='ltr'>utrumque</span> <span class='ocrx_word' id='word_1_270' title='bbox 477 1957 625 1999; x_wconf 89' lang='lat' dir='ltr'>salvati</span> <span class='ocrx_word' id='word_1_271' title='bbox 665 1961 761 1999; x_wconf 89' lang='lat' dir='ltr'>sunt</span> <span class='ocrx_word' id='word_1_272' title='bbox 801 1957 938 2012; x_wconf 88' lang='lat' dir='ltr'>plures</span> <span class='ocrx_word' id='word_1_273' title='bbox 978 1957 1163 2000; x_wconf 89' lang='lat' dir='ltr'>homines</span> <span class='ocrx_word' id='word_1_274' title='bbox 1206 1961 1298 2013; x_wconf 86' lang='lat' dir='ltr'>post</span> <span class='ocrx_word' id='word_1_275' title='bbox 1334 1962 1508 2000; x_wconf 88' lang='lat' dir='ltr'>mortem</span> <span class='ocrx_word' id='word_1_276' title='bbox 1547 1957 1714 2000; x_wconf 89' lang='lat' dir='ltr'>Christi.</span> <span class='ocrx_word' id='word_1_277' title='bbox 1767 1955 1902 1998; x_wconf 85' lang='lat' dir='ltr'>Vacca</span> 
     </span>
     <span class='ocr_line' id='line_1_35' title="bbox 219 2027 1899 2084; baseline -0.001 -14"><span class='ocrx_word' id='word_1_278' title='bbox 219 2028 291 2070; x_wconf 90' lang='lat' dir='ltr'>illa</span> <span class='ocrx_word' id='word_1_279' title='bbox 337 2042 428 2070; x_wconf 93' lang='lat' dir='ltr'>cum</span> <span class='ocrx_word' id='word_1_280' title='bbox 477 2027 668 2070; x_wconf 89' lang='lat' dir='ltr'>cornibus</span> <span class='ocrx_word' id='word_1_281' title='bbox 716 2029 894 2070; x_wconf 87' lang='lat' dir='ltr'>traditur</span> <span class='ocrx_word' id='word_1_282' title='bbox 940 2030 1052 2082; x_wconf 90' lang='lat' dir='ltr'>Argo</span> <span class='ocrx_word' id='word_1_283' title='bbox 1099 2029 1124 2070; x_wconf 91' lang='lat' dir='ltr'>i.</span> <span class='ocrx_word' id='word_1_284' title='bbox 1154 2043 1186 2071; x_wconf 92' lang='grc'>0.</span> <span class='ocrx_word' id='word_1_285' title='bbox 1235 2029 1415 2084; x_wconf 87' lang='lat' dir='ltr'>prelato,</span> <span class='ocrx_word' id='word_1_286' title='bbox 1470 2029 1579 2071; x_wconf 91' lang='lat' dir='ltr'>unde</span> <span class='ocrx_word' id='word_1_287' title='bbox 1623 2029 1761 2082; x_wconf 87' lang='lat' dir='ltr'>Argus</span> <span class='ocrx_word' id='word_1_288' title='bbox 1808 2039 1899 2069; x_wconf 92' lang='lat' dir='ltr'>cum</span> 
     </span>
     <span class='ocr_line' id='line_1_36' title="bbox 221 2098 1902 2155; baseline -0.001 -14"><span class='ocrx_word' id='word_1_289' title='bbox 221 2104 384 2141; x_wconf 90' lang='lat' dir='ltr'>centum</span> <span class='ocrx_word' id='word_1_290' title='bbox 441 2099 568 2141; x_wconf 87' lang='lat' dir='ltr'>oculis</span> <span class='ocrx_word' id='word_1_291' title='bbox 622 2099 743 2141; x_wconf 83' lang='lat' dir='ltr'>claris</span> <span class='ocrx_word' id='word_1_292' title='bbox 797 2100 929 2141; x_wconf 90' lang='lat' dir='ltr'>virum</span> <span class='ocrx_word' id='word_1_293' title='bbox 985 2100 1201 2155; x_wconf 85' lang='lat' dir='ltr'>providum</span> <span class='ocrx_word' id='word_1_294' title='bbox 1259 2105 1299 2142; x_wconf 90' lang='lat' dir='ltr'>et</span> <span class='ocrx_word' id='word_1_295' title='bbox 1354 2100 1576 2142; x_wconf 90' lang='lat' dir='ltr'>discretum</span> <span class='ocrx_word' id='word_1_296' title='bbox 1629 2113 1675 2141; x_wconf 90' lang='lat' dir='ltr'>ac</span> <span class='ocrx_word' id='word_1_297' title='bbox 1720 2098 1902 2153; x_wconf 91' lang='lat' dir='ltr'>undique</span> 
     </span>
     <span class='ocr_line' id='line_1_37' title="bbox 221 2170 1902 2226; baseline -0.001 -14"><span class='ocrx_word' id='word_1_298' title='bbox 221 2172 563 2226; x_wconf 88' lang='lat' dir='ltr'>circumspectum</span> <span class='ocrx_word' id='word_1_299' title='bbox 611 2170 835 2224; x_wconf 88' lang='lat' dir='ltr'>significat,</span> <span class='ocrx_word' id='word_1_300' title='bbox 884 2171 952 2225; x_wconf 92' lang='lat' dir='ltr'>qui</span> <span class='ocrx_word' id='word_1_301' title='bbox 999 2185 1162 2226; x_wconf 88' lang='lat' dir='ltr'>semper</span> <span class='ocrx_word' id='word_1_302' title='bbox 1209 2171 1332 2213; x_wconf 89' lang='lat' dir='ltr'>habet</span> <span class='ocrx_word' id='word_1_303' title='bbox 1372 2171 1544 2225; x_wconf 86' lang='lat' dir='ltr'>vigilare</span> <span class='ocrx_word' id='word_1_304' title='bbox 1577 2171 1699 2225; x_wconf 81' lang='lat' dir='ltr'>juxta</span> <span class='ocrx_word' id='word_1_305' title='bbox 1735 2183 1902 2224; x_wconf 84' lang='lat' dir='ltr'>gregem</span> 
     </span>
     <span class='ocr_line' id='line_1_38' title="bbox 222 2240 1902 2297; baseline -0.001 -13"><span class='ocrx_word' id='word_1_306' title='bbox 222 2243 300 2284; x_wconf 90' lang='lat' dir='ltr'>sibi</span> <span class='ocrx_word' id='word_1_307' title='bbox 331 2242 615 2293; x_wconf 83' lang='lat' dir='ltr'>commissum3</span> <span class='ocrx_word' id='word_1_308' title='bbox 649 2242 755 2284; x_wconf 88' lang='lat' dir='ltr'>unde</span> <span class='ocrx_word' id='word_1_309' title='bbox 782 2242 928 2284; x_wconf 87' lang='lat' dir='ltr'>Ezech.</span> <span class='ocrx_word' id='word_1_310' title='bbox 954 2255 1001 2283; x_wconf 91' lang='lat'>111</span> <span class='ocrx_word' id='word_1_311' title='bbox 1033 2242 1183 2284; x_wconf 91' lang='lat' dir='ltr'>dicitur</span> <span class='ocrx_word' id='word_1_312' title='bbox 1206 2241 1384 2297; x_wconf 89' lang='lat' dir='ltr'>prelato:</span> <span class='ocrx_word' id='word_1_313' title='bbox 1419 2242 1462 2284; x_wconf 87' lang='lat' dir='ltr'>Si</span> <span class='ocrx_word' id='word_1_314' title='bbox 1483 2256 1566 2284; x_wconf 93' lang='lat' dir='ltr'>non</span> <span class='ocrx_word' id='word_1_315' title='bbox 1589 2240 1902 2284; x_wconf 89' lang='lat' dir='ltr'>annunciaveris</span> 
     </span>
     <span class='ocr_line' id='line_1_39' title="bbox 223 2312 1903 2369; baseline -0.001 -13"><span class='ocrx_word' id='word_1_316' title='bbox 223 2314 274 2366; x_wconf 89' lang='lat' dir='ltr'>ei,</span> <span class='ocrx_word' id='word_1_317' title='bbox 306 2327 438 2368; x_wconf 89' lang='lat' dir='ltr'>neque</span> <span class='ocrx_word' id='word_1_318' title='bbox 468 2312 627 2354; x_wconf 82' lang='lat' dir='ltr'>locut-us</span> <span class='ocrx_word' id='word_1_319' title='bbox 660 2313 807 2366; x_wconf 81' lang='lat' dir='ltr'>fueris,</span> <span class='ocrx_word' id='word_1_320' title='bbox 840 2318 885 2355; x_wconf 91' lang='lat' dir='ltr'>ut</span> <span class='ocrx_word' id='word_1_321' title='bbox 917 2317 1126 2355; x_wconf 85' lang='lat' dir='ltr'>avertatur</span> <span class='ocrx_word' id='word_1_322' title='bbox 1158 2327 1182 2354; x_wconf 89' lang='lat' dir='ltr'>a</span> <span class='ocrx_word' id='word_1_323' title='bbox 1213 2313 1279 2354; x_wconf 87' lang='lat' dir='ltr'>via</span> <span class='ocrx_word' id='word_1_324' title='bbox 1311 2327 1385 2355; x_wconf 90' lang='lat' dir='ltr'>sua</span> <span class='ocrx_word' id='word_1_325' title='bbox 1416 2313 1566 2369; x_wconf 90' lang='lat' dir='ltr'>impia,</span> <span class='ocrx_word' id='word_1_326' title='bbox 1600 2318 1641 2355; x_wconf 90' lang='lat' dir='ltr'>et</span> <span class='ocrx_word' id='word_1_327' title='bbox 1672 2313 1784 2355; x_wconf 88' lang='lat' dir='ltr'>vivat</span> <span class='ocrx_word' id='word_1_328' title='bbox 1813 2312 1903 2368; x_wconf 88' lang='lat' dir='ltr'>ipse</span> 
     </span>
     <span class='ocr_line' id='line_1_40' title="bbox 222 2384 1903 2440; baseline -0.001 -14"><span class='ocrx_word' id='word_1_329' title='bbox 222 2385 375 2440; x_wconf 90' lang='lat' dir='ltr'>impius</span> <span class='ocrx_word' id='word_1_330' title='bbox 408 2385 449 2425; x_wconf 93' lang='lat' dir='ltr'>in</span> <span class='ocrx_word' id='word_1_331' title='bbox 483 2384 700 2437; x_wconf 85' lang='lat' dir='ltr'>iniquitate</span> <span class='ocrx_word' id='word_1_332' title='bbox 733 2398 808 2426; x_wconf 90' lang='lat' dir='ltr'>sua</span> <span class='ocrx_word' id='word_1_333' title='bbox 840 2388 1081 2438; x_wconf 88' lang='lat' dir='ltr'>moreretur,</span> <span class='ocrx_word' id='word_1_334' title='bbox 1116 2385 1358 2438; x_wconf 89' lang='lat' dir='ltr'>sanguinem</span> <span class='ocrx_word' id='word_1_335' title='bbox 1392 2386 1478 2440; x_wconf 90' lang='lat' dir='ltr'>ejus</span> <span class='ocrx_word' id='word_1_336' title='bbox 1511 2385 1560 2427; x_wconf 92' lang='lat' dir='ltr'>de</span> <span class='ocrx_word' id='word_1_337' title='bbox 1591 2398 1716 2426; x_wconf 87' lang='lat' dir='ltr'>manu</span> <span class='ocrx_word' id='word_1_338' title='bbox 1747 2388 1903 2426; x_wconf 80' lang='grc'>111310-</span> 
     </span>
     <span class='ocr_line' id='line_1_41' title="bbox 225 2455 1949 2514; baseline -0.001 -17"><span class='ocrx_word' id='word_1_339' title='bbox 225 2456 406 2510; x_wconf 80' lang='lat' dir='ltr'>quiram3</span> <span class='ocrx_word' id='word_1_340' title='bbox 450 2455 484 2496; x_wconf 94' lang='lat' dir='ltr'>si</span> <span class='ocrx_word' id='word_1_341' title='bbox 525 2459 661 2497; x_wconf 88' lang='lat' dir='ltr'>autem</span> <span class='ocrx_word' id='word_1_342' title='bbox 695 2456 1008 2498; x_wconf 82' lang='lat' dir='ltr'>annunciaveris</span> <span class='ocrx_word' id='word_1_343' title='bbox 1048 2456 1195 2511; x_wconf 90' lang='lat' dir='ltr'>impio,</span> <span class='ocrx_word' id='word_1_344' title='bbox 1236 2460 1276 2498; x_wconf 88' lang='lat' dir='ltr'>et</span> <span class='ocrx_word' id='word_1_345' title='bbox 1314 2456 1383 2498; x_wconf 92' lang='lat' dir='ltr'>ille</span> <span class='ocrx_word' id='word_1_346' title='bbox 1415 2470 1496 2498; x_wconf 94' lang='lat' dir='ltr'>non</span> <span class='ocrx_word' id='word_1_347' title='bbox 1527 2456 1653 2498; x_wconf 89' lang='lat' dir='ltr'>fuerit</span> <span class='ocrx_word' id='word_1_348' title='bbox 1682 2467 1903 2497; x_wconf 90' lang='lat' dir='ltr'>conversus</span> <span class='ocrx_word' id='word_1_349' title='bbox 1948 2506 1949 2514; x_wconf 11' lang='grc' dir='ltr'>ἵ</span> 
     </span>
     <span class='ocr_line' id='line_1_42' title="bbox 223 2519 1949 2582; baseline 0.001 -14"><span class='ocrx_word' id='word_1_350' title='bbox 223 2527 274 2568; x_wconf 86' lang='lat' dir='ltr'>ab</span> <span class='ocrx_word' id='word_1_351' title='bbox 313 2527 526 2581; x_wconf 89' lang='lat' dir='ltr'>impietate</span> <span class='ocrx_word' id='word_1_352' title='bbox 566 2540 641 2568; x_wconf 86' lang='lat' dir='ltr'>sua</span> <span class='ocrx_word' id='word_1_353' title='bbox 679 2532 719 2569; x_wconf 89' lang='lat' dir='ltr'>et</span> <span class='ocrx_word' id='word_1_354' title='bbox 758 2541 781 2569; x_wconf 89' lang='lat' dir='ltr'>a</span> <span class='ocrx_word' id='word_1_355' title='bbox 821 2527 886 2568; x_wconf 89' lang='lat' dir='ltr'>via</span> <span class='ocrx_word' id='word_1_356' title='bbox 926 2540 1000 2568; x_wconf 89' lang='lat' dir='ltr'>sua</span> <span class='ocrx_word' id='word_1_357' title='bbox 1038 2527 1238 2582; x_wconf 90' lang='lat' dir='ltr'>pessima,</span> <span class='ocrx_word' id='word_1_358' title='bbox 1278 2527 1367 2582; x_wconf 91' lang='lat' dir='ltr'>ipse</span> <span class='ocrx_word' id='word_1_359' title='bbox 1399 2527 1563 2582; x_wconf 90' lang='lat' dir='ltr'>quidem</span> <span class='ocrx_word' id='word_1_360' title='bbox 1603 2527 1646 2567; x_wconf 93' lang='lat' dir='ltr'>in</span> <span class='ocrx_word' id='word_1_361' title='bbox 1685 2525 1903 2580; x_wconf 86' lang='lat' dir='ltr'>iniquitate</span> <span class='ocrx_word' id='word_1_362' title='bbox 1948 2519 1949 2570; x_wconf 53' lang='grc' dir='ltr'>ᾖ</span> 
     </span>
     <span class='ocr_line' id='line_1_43' title="bbox 226 2595 1903 2650; baseline -0.001 -11"><span class='ocrx_word' id='word_1_363' title='bbox 226 2612 300 2640; x_wconf 89' lang='lat' dir='ltr'>sua</span> <span class='ocrx_word' id='word_1_364' title='bbox 346 2598 566 2650; x_wconf 88' lang='lat' dir='ltr'>morietur,</span> <span class='ocrx_word' id='word_1_365' title='bbox 614 2602 659 2638; x_wconf 83' lang='lat' dir='ltr'>tu</span> <span class='ocrx_word' id='word_1_366' title='bbox 699 2603 832 2640; x_wconf 89' lang='lat' dir='ltr'>autem</span> <span class='ocrx_word' id='word_1_367' title='bbox 879 2598 1057 2640; x_wconf 88' lang='lat' dir='ltr'>animam</span> <span class='ocrx_word' id='word_1_368' title='bbox 1099 2602 1211 2639; x_wconf 91' lang='lat' dir='ltr'>tuam</span> <span class='ocrx_word' id='word_1_369' title='bbox 1250 2597 1448 2640; x_wconf 88' lang='lat' dir='ltr'>liberasti.</span> <span class='ocrx_word' id='word_1_370' title='bbox 1512 2596 1592 2640; x_wconf 89' lang='lat' dir='ltr'>Sed</span> <span class='ocrx_word' id='word_1_371' title='bbox 1638 2596 1737 2650; x_wconf 92' lang='lat' dir='ltr'>heu,</span> <span class='ocrx_word' id='word_1_372' title='bbox 1786 2595 1903 2638; x_wconf 88' lang='lat' dir='ltr'>multi</span> 
     </span>
     <span class='ocr_line' id='line_1_44' title="bbox 226 2667 1902 2724; baseline -0.001 -14"><span class='ocrx_word' id='word_1_373' title='bbox 226 2669 414 2711; x_wconf 87' lang='lat' dir='ltr'>baculum</span> <span class='ocrx_word' id='word_1_374' title='bbox 464 2668 712 2722; x_wconf 87' lang='lat' dir='ltr'>pastoralem</span> <span class='ocrx_word' id='word_1_375' title='bbox 762 2670 787 2710; x_wconf 91' lang='lat' dir='ltr'>i.</span> <span class='ocrx_word' id='word_1_376' title='bbox 822 2683 854 2711; x_wconf 86' lang='lat' dir='ltr'>e.</span> <span class='ocrx_word' id='word_1_377' title='bbox 907 2673 1151 2724; x_wconf 86' lang='lat' dir='ltr'>potestatem</span> <span class='ocrx_word' id='word_1_378' title='bbox 1199 2682 1317 2710; x_wconf 89' lang='lat' dir='ltr'>suam</span> <span class='ocrx_word' id='word_1_379' title='bbox 1364 2673 1458 2711; x_wconf 91' lang='lat' dir='ltr'>ante</span> <span class='ocrx_word' id='word_1_380' title='bbox 1506 2667 1644 2710; x_wconf 89' lang='lat' dir='ltr'>oculos</span> <span class='ocrx_word' id='word_1_381' title='bbox 1691 2667 1902 2709; x_wconf 89' lang='lat' dir='ltr'>hominum</span> 
     </span>
     <span class='ocr_line' id='line_1_45' title="bbox 226 2738 1902 2793; baseline -0.001 -12"><span class='ocrx_word' id='word_1_382' title='bbox 226 2739 468 2792; x_wconf 91' lang='lat' dir='ltr'>ostendunt,</span> <span class='ocrx_word' id='word_1_383' title='bbox 511 2743 555 2780; x_wconf 91' lang='grc'>111</span> <span class='ocrx_word' id='word_1_384' title='bbox 595 2739 808 2781; x_wconf 85' lang='lat' dir='ltr'>videantur</span> <span class='ocrx_word' id='word_1_385' title='bbox 850 2744 889 2782; x_wconf 93' lang='lat' dir='ltr'>et</span> <span class='ocrx_word' id='word_1_386' title='bbox 926 2744 971 2781; x_wconf 90' lang='lat' dir='ltr'>ut</span> <span class='ocrx_word' id='word_1_387' title='bbox 1012 2740 1062 2782; x_wconf 89' lang='lat' dir='ltr'>ab</span> <span class='ocrx_word' id='word_1_388' title='bbox 1101 2740 1334 2782; x_wconf 88' lang='lat' dir='ltr'>hominibus</span> <span class='ocrx_word' id='word_1_389' title='bbox 1374 2740 1645 2790; x_wconf 83' lang='lat' dir='ltr'>honorentur3</span> <span class='ocrx_word' id='word_1_390' title='bbox 1691 2738 1763 2780; x_wconf 89' lang='lat' dir='ltr'>sed</span> <span class='ocrx_word' id='word_1_391' title='bbox 1805 2751 1902 2793; x_wconf 89' lang='lat' dir='ltr'>sepe</span> 
     </span>
     <span class='ocr_line' id='line_1_46' title="bbox 226 2808 1903 2865; baseline -0.001 -14"><span class='ocrx_word' id='word_1_392' title='bbox 226 2810 448 2863; x_wconf 89' lang='lat' dir='ltr'>contingit,</span> <span class='ocrx_word' id='word_1_393' title='bbox 489 2823 580 2851; x_wconf 92' lang='lat' dir='ltr'>cum</span> <span class='ocrx_word' id='word_1_394' title='bbox 621 2810 779 2851; x_wconf 91' lang='lat' dir='ltr'>venerit</span> <span class='ocrx_word' id='word_1_395' title='bbox 811 2809 948 2864; x_wconf 86' lang='lat' dir='ltr'>aliqua</span> <span class='ocrx_word' id='word_1_396' title='bbox 979 2811 1201 2865; x_wconf 87' lang='lat' dir='ltr'>temptacio</span> <span class='ocrx_word' id='word_1_397' title='bbox 1242 2810 1462 2863; x_wconf 89' lang='lat' dir='ltr'>diabolica,</span> <span class='ocrx_word' id='word_1_398' title='bbox 1503 2809 1661 2851; x_wconf 85' lang='lat' dir='ltr'>scilicet</span> <span class='ocrx_word' id='word_1_399' title='bbox 1701 2808 1903 2851; x_wconf 90' lang='lat' dir='ltr'>audiendo</span> 
     </span>
     <span class='ocr_line' id='line_1_47' title="bbox 227 2879 1904 2937; baseline -0.001 -15"><span class='ocrx_word' id='word_1_400' title='bbox 227 2885 370 2922; x_wconf 82' lang='lat' dir='ltr'>cantus</span> <span class='ocrx_word' id='word_1_401' title='bbox 402 2880 621 2923; x_wconf 89' lang='lat' dir='ltr'>musicales</span> <span class='ocrx_word' id='word_1_402' title='bbox 653 2880 679 2921; x_wconf 91' lang='lat' dir='ltr'>i.</span> <span class='ocrx_word' id='word_1_403' title='bbox 705 2894 737 2922; x_wconf 92' lang='lat' dir='ltr'>e.</span> <span class='ocrx_word' id='word_1_404' title='bbox 773 2880 999 2934; x_wconf 88' lang='lat' dir='ltr'>mulierem,</span> <span class='ocrx_word' id='word_1_405' title='bbox 1033 2882 1102 2936; x_wconf 92' lang='lat' dir='ltr'>qui</span> <span class='ocrx_word' id='word_1_406' title='bbox 1135 2895 1226 2924; x_wconf 90' lang='lat' dir='ltr'>cum</span> <span class='ocrx_word' id='word_1_407' title='bbox 1258 2895 1355 2937; x_wconf 90' lang='lat' dir='ltr'>sepe</span> <span class='ocrx_word' id='word_1_408' title='bbox 1386 2881 1436 2923; x_wconf 90' lang='lat' dir='ltr'>ab</span> <span class='ocrx_word' id='word_1_409' title='bbox 1466 2879 1700 2922; x_wconf 91' lang='lat' dir='ltr'>hominibus</span> <span class='ocrx_word' id='word_1_410' title='bbox 1729 2879 1904 2922; x_wconf 88' lang='lat' dir='ltr'>libenter</span> 
     </span>
    </p>
   </div>
   <div class='ocr_carea' id='block_1_9' title="bbox 157 2949 1904 3006">
    <p class='ocr_par' dir='ltr' id='par_1_11' title="bbox 157 2949 1904 3006">
     <span class='ocr_line' id='line_1_48' title="bbox 157 2949 1904 3006; baseline -0.001 -13"><span class='ocrx_word' id='word_1_411' title='bbox 157 2960 202 2993; x_wconf 77' lang='grc'>40</span> <span class='ocrx_word' id='word_1_412' title='bbox 229 2951 450 2993; x_wconf 88' lang='lat' dir='ltr'>audiuntur</span> <span class='ocrx_word' id='word_1_413' title='bbox 473 2956 513 2994; x_wconf 89' lang='lat' dir='ltr'>et</span> <span class='ocrx_word' id='word_1_414' title='bbox 534 2951 576 2993; x_wconf 91' lang='lat' dir='ltr'>in</span> <span class='ocrx_word' id='word_1_415' title='bbox 600 2951 680 2993; x_wconf 92' lang='lat' dir='ltr'>illis</span> <span class='ocrx_word' id='word_1_416' title='bbox 708 2951 977 3004; x_wconf 89' lang='lat' dir='ltr'>delectantur,</span> <span class='ocrx_word' id='word_1_417' title='bbox 1010 2952 1051 2993; x_wconf 90' lang='lat' dir='ltr'>in</span> <span class='ocrx_word' id='word_1_418' title='bbox 1073 2957 1231 2994; x_wconf 86' lang='lat' dir='ltr'>tanturn</span> <span class='ocrx_word' id='word_1_419' title='bbox 1257 2952 1365 3006; x_wconf 90' lang='lat' dir='ltr'>quod</span> <span class='ocrx_word' id='word_1_420' title='bbox 1388 2966 1411 2993; x_wconf 88' lang='lat' dir='ltr'>a</span> <span class='ocrx_word' id='word_1_421' title='bbox 1432 2964 1504 2994; x_wconf 92' lang='lat' dir='ltr'>sue</span> <span class='ocrx_word' id='word_1_422' title='bbox 1525 2949 1904 3006; x_wconf 86' lang='lat' dir='ltr'>circumspectionis</span> 
     </span>
    </p>
   </div>
  </div>
 </body>
</html>
