1919 3131
880 40 936 83 25

61 145 130 187 30.
178 143 242 187 De
275 143 407 187 milite
430 144 499 198 qui
522 145 846 187 semiambulans
869 149 909 188 et
930 145 1226 200 semiequitans
1251 146 1374 188 venit.
1423 145 1597 196 Quidam
1620 146 1751 190 miles.

60 286 130 327 31.

60 426 130 468 32.

60 566 129 608 33.

60 708 129 750 34.

60 848 128 890 35.

59 990 130 1032 36.

60 1131 130 1173 37.

59 1272 129 1315 38.

60 1414 129 1456 39.

59 1556 130 1598 40.

58 1697 129 1738 41.

59 1838 129 1880 42.

59 1979 129 2021 43.

60 2121 130 2162 44.

60 2263 129 2305 45.

61 2404 130 2446 46.

60 2545 130 2586 47.

61 2686 131 2727 48.

62 2826 131 2868 49.

179 214 302 265 (Halb
335 215 543 268 geritten.)
593 215 662 257 lat.
694 216 786 257 124.

178 284 242 328 De
273 285 432 327 (luobus
464 286 663 328 fratribus
698 287 846 329 clerico
880 292 922 329 et
951 286 1069 328 laico.
1118 285 1251 328 Erant
1280 286 1359 328 duo
1382 287 1531 329 fratres
1553 287 1751 330 carnales.

179 354 295 397 Ohne
328 355 508 397 moralis.
558 356 674 408 (Drei
708 357 993 406 buohstaben.)
1042 369 1169 409 germ.
1195 357 1262 398 22⁴3.

178 425 241 468 De
271 425 476 479 colloquio
509 428 616 481 petri
649 428 700 469 ad
722 428 908 470 Jhesum.
959 427 1146 470 Habetur
1179 427 1219 468 in
1253 427 1430 481 quodam
1465 427 1582 469 libro.
1632 427 1759 478 (Fiinf

178 498 363 547 nari-en.)
411 497 481 538 lat.
513 499 605 539 104.

176 566 241 609 De
278 566 411 609 tribus
453 567 586 620 magis
626 568 696 621 qui
736 568 902 610 domino
943 580 1115 610 munera
1147 567 1398 609 obtulerunt.
1454 567 1540 611 Rex
1574 569 1753 623 quidam.

179 636 303 689 (Heil.
329 637 418 679 drei
452 638 632 691 konige.)
680 637 750 680 lat.
774 640 844 680 47.

176 706 240 750 De
271 707 452 761 Zelongo
492 709 743 763 imperatore
777 709 846 763 qui
880 707 1109 750 deflorabat
1140 708 1333 761 virgines.
1382 707 1524 751 Refert
1553 708 1753 751 Valerius.

179 777 426 829 (Zaleucus.)
474 779 545 820 lat.
571 780 640 820 50.

176 847 240 890 De
262 848 518 890 Allexandro
551 846 701 903 mag'no
735 854 777 892 et
800 863 900 905 poro
923 850 1010 902 regi
1033 848 1241 891 Indorum.
1290 849 1546 892 Allexander
1567 863 1753 903 magnus.

178 917 390 970 (Geschirr
423 919 614 969 stehlen.)
662 934 757 975 app.
783 921 821 961 2.

177 988 240 1032 De
272 989 377 1045 Tyto
419 994 459 1032 et
484 989 657 1043 Virgilio
698 994 739 1033 et
779 994 917 1032 statua
957 994 997 1032 et
1027 989 1137 1032 Foca
1174 989 1305 1032 fabro.
1362 989 1505 1045 Tytus.
1561 989 1755 1042 (Focas.)

176 1060 247 1102 lat.
271 1060 341 1101 57.

178 1129 242 1172 De
274 1134 491 1186 peccatore
524 1135 565 1173 et
597 1131 869 1174 confessione.
919 1130 1144 1174 Severarus
1176 1131 1418 1185 imperator.
1474 1130 1591 1182 (Drei
1622 1131 1757 1173 wahr-

177 1201 330 1255 heiten,
363 1201 471 1252 frei.)
519 1201 590 1243 lat.
616 1203 684 1243 58.

179 1271 242 1315 De
273 1272 524 1328 probacione
557 1273 759 1314 bonorum
783 1275 824 1315 et
846 1272 1064 1314 malorum.
1113 1271 1314 1314 Ezechias
1336 1273 1539 1325 regnavit.
1589 1272 1757 1323 (Baum-

138 1394 142 1398 ·
178 1343 305 1394 erbe.)
353 1356 481 1396 germ.
508 1344 575 1384 81.

176 1413 241 1456 De
273 1418 427 1469 yonata
461 1414 530 1467 qui
563 1413 709 1455 habuit
730 1413 811 1455 tria
827 1413 993 1468 jocalia.
1042 1412 1196 1454 Darius
1219 1413 1460 1468 imperator.
1506 1413 1757 1466 (Jonathas.)

176 1484 248 1526 lat.
276 1485 372 1526 120.

178 1554 242 1597 De
273 1555 404 1596 nimia
435 1554 755 1610 presumpcione
777 1558 853 1596 etc.
901 1553 1149 1596 Jovinianus
1172 1554 1412 1609 imperator.
1463 1553 1757 1607 (Jovinianus.)

177 1625 248 1667 lat.
271 1626 339 1667 59.

177 1695 240 1738 De
276 1695 362 1737 filio
401 1695 610 1737 forestarii
650 1709 772 1750 quem
814 1695 1042 1750 imperator
1082 1695 1269 1738 occidere
1307 1694 1450 1737 voluit.
1512 1694 1757 1749 Hambrigal

177 1767 380 1820 regnavit.
429 1766 616 1817 (Redde.)
668 1766 740 1807 lat.
765 1766 834 1807 20.

177 1837 241 1880 De
273 1837 500 1880 Octaviano
543 1837 613 1891 qui
654 1850 779 1892 super
818 1837 958 1878 omnia
997 1849 1169 1878 uxorem
1211 1836 1372 1878 dilexit.
1433 1836 1550 1878 Ohne
1581 1836 1756 1879 mistice.

178 1907 466 1962 (Hildegarde;
500 1921 579 1949 nur
611 1908 684 1949 der
718 1908 900 1960 anf-ang.)
949 1920 1044 1962 app.
1069 1908 1138 1948 53.

178 1978 241 2021 De
279 1979 434 2034 duplici
468 1979 648 2020 melodia
680 1982 721 2020 et
751 1979 960 2033 piscatore
993 1981 1033 2019 et
1064 1977 1291 2020 sibilatore.
1348 1977 1550 2032 Tyberius
1583 1977 1625 2019 in
1657 1977 1757 2019 civi-

177 2054 277 2092 tate.
326 2048 502 2096 (Goldne
535 2049 686 2102 angel.)
737 2048 809 2090 lat.
835 2049 902 2090 85.

178 2120 241 2162 De
283 2119 457 2162 Claudio
504 2120 758 2175 imperatore
805 2120 920 2173 cujus
959 2118 1088 2160 filiam
1130 2110 1250 2160 duxit
1292 2116 1495 2160 Socrates.
1559 2117 1756 2160 Claudius

178 2191 382 2244 regnavit.
431 2190 641 2238 (Socrates
675 2190 909 2240 heirathet.)
955 2189 1027 2231 lat.
1053 2190 1121 2231 61.

177 2262 241 2304 De
273 2261 513 2304 Florentina
547 2274 624 2314 que
651 2261 833 2302 animam
856 2260 1005 2314 signat.
1055 2258 1195 2314 Gayus
1217 2258 1418 2311 regnavit.
1468 2257 1755 2310 (Florentina.)

179 2333 250 2374 lat.
274 2333 343 2373 62.

178 2403 242 2445 De
280 2415 484 2457 campana
516 2405 556 2443 et
587 2404 779 2456 serpente
811 2404 852 2443 et
877 2399 1031 2454 judice.
1091 2398 1346 2442 Theodosius
1378 2398 1420 2440 in
1452 2397 1620 2440 civitate
1650 2411 1753 2440 rom.

181 2473 519 2527 (Riigenglocke.)
566 2472 639 2513 lat.
666 2471 761 2512 105.

178 2543 242 2586 De
280 2543 398 2586 leone
440 2547 481 2585 et
517 2542 635 2584 leena
668 2541 903 2584 adulterata
933 2554 1025 2583 cum
1057 2540 1268 2596 leopardo.
1324 2538 1494 2593 Legitur
1525 2538 1633 2592 quod
1665 2538 1755 2593 qui-

178 2614 272 2656 dam
306 2627 392 2656 rex,
443 2612 635 2664 (Lowin.)
682 2612 753 2654 lat.
783 2613 877 2653 181.

179 2684 244 2727 De
280 2688 370 2726 orto
411 2697 530 2738 quem
575 2696 676 2738 aper
715 2683 922 2725 destruxit
953 2687 994 2725 et
1026 2685 1211 2725 extremo
1238 2680 1408 2735 judicio.
1464 2678 1680 2734 Troyanus
1712 2679 1754 2720 in

179 2756 255 2798 civ.
305 2754 433 2806 (Eber
465 2753 571 2796 ohne
604 2753 735 2804 herz.)
783 2753 854 2794 lat.
879 2753 948 2794 83.

178 2825 243 2868 De
272 2825 434 2878 virgine
467 2838 546 2879 que
577 2824 676 2867 fecit
706 2824 919 2866 camisiam
954 2827 1030 2866 etc.
1077 2821 1314 2865 Anthonius
1339 2819 1540 2874 regnavit.
1590 2818 1753 2872 (Hemd‚

178 2896 268 2939 drei
299 2895 413 2948 zoll.)
461 2895 533 2938 lat.
558 2895 626 2936 64.
