1954 3137
999 68 1079 109 188

303 175 509 217 Ganterus
532 175 574 216 in
597 175 766 217 civitate
790 188 961 216 romana
984 174 1173 227 regnavit
1197 174 1376 229 prudens
1401 174 1531 216 valde.
1580 175 1756 226 (Frende
1779 176 1886 219 ohne

305 247 421 299 ende,
456 246 671 298 abweieh.)
722 246 793 288 lat.
825 248 917 287 101.

304 317 334 359 F
339 317 549 359 redericus
587 318 630 358 in
663 317 831 359 civitate
863 329 1036 358 romana
1068 317 1260 370 regnavit
1290 316 1474 372 prudens
1507 317 1639 360 valde.
1689 316 1886 368 (Narren-

304 388 445 443 apsel.)
494 388 565 430 lat.
592 389 660 429 74.

302 458 547 501 Fredericus
580 460 622 501 in
656 458 824 500 civitate
857 471 1031 499 romana
1062 458 1255 511 regnavit
1288 457 1469 512 prudens
1503 458 1635 500 valde.
1690 458 1885 509 (Aussatz

304 543 376 572 aus
410 529 537 581 neid.)
586 529 656 571 lat.
686 530 781 570 151.

245 633 253 642 .
302 600 334 642 F
338 600 537 642 eliciamus
571 600 613 642 in
647 600 815 642 civitate
849 614 951 642 rom.
977 613 1091 653 regn.
1116 599 1158 640 in
1192 599 1307 653 cujus
1340 599 1517 654 imperio
1548 605 1650 642 erat.
1700 599 1887 652 (Wac-hs-

304 670 401 712 bild.
473 670 546 713 lat.
574 672 668 712 102.

303 672 455 783 LuciLs
496 742 726 797 imperator
766 742 808 783 111
849 742 925 783 civ.
954 755 1056 784 rom.
1081 754 1194 795 regn.
1228 741 1409 796 prudens
1442 741 1575 785 valde.
1627 742 1770 788 (Κῖὸίῑθ
1802 742 1887 785 und

304 813 530 866 sehlange.)
584 813 654 855 lat.
680 814 748 854 99.

302 884 593 926 Diocleeianus
627 884 669 925 in
703 884 872 925 civitate
905 896 1079 925 romana
1100 883 1303 937 regnavit.
1346 882 1537 935 (Peroute
1559 884 1656 937 hic.)
1695 884 1766 926 lat.
1790 884 1885 926 107.

302 956 419 997 Titus
454 956 680 1010 imperator
714 956 755 996 in
789 954 958 996 civitate
991 968 1093 996 rom.
1118 968 1230 1007 regn.
1257 955 1438 1010 prudens
1475 955 1603 998 valde.
1654 955 1715 1004 (In
1740 954 1887 998 waffen

303 1026 543 1080 begraben.)
592 1026 663 1068 lat.
692 1027 786 1067 134.

243 1131 251 1140 .
299 1098 497 1140 Betoldus
516 1099 557 1139 in
578 1097 653 1139 civ,
672 1110 904 1149 rom.reg11.
923 1096 1106 1151 prudens
1126 1096 1257 1138 valde.
1287 1096 1700 1153 (Kerkergespr'ach.)
1733 1097 1804 1140 lat.
1818 1097 1885 1139 86.

301 1168 525 1225 Pompejus
567 1169 608 1210 in
649 1169 726 1210 (xiv.
759 1182 862 1210 rom.
891 1182 1004 1221 regn.
1030 1168 1213 1223 prudens
1248 1168 1379 1210 valde.
1437 1168 1633 1221 (Lahmer
1665 1169 1749 1211 und
1781 1169 1888 1211 blin-

305 1241 408 1292 der.)
456 1240 528 1282 lat.
554 1241 622 1282 71.

304 1312 516 1354 Adrianus
550 1312 591 1353 in
625 1311 794 1353 civitate
827 1324 1001 1352 romana
1033 1310 1238 1364 regnavit.
1296 1310 1635 1364 (Riigenglocke.)
1690 1311 1762 1353 lat.
1790 1311 1886 1352 105.

304 1383 529 1425 Follienlus
569 1384 611 1424 in
654 1383 822 1425 civitate
855 1395 1031 1424 romana
1062 1382 1266 1435 regnavit.
1321 1381 1497 1433 (Weiser
1529 1381 1633 1436 folgt
1665 1382 1757 1424 dem
1791 1395 1887 1424 nar-

302 1457 407 1506 ren.)
455 1454 526 1496 lat.
553 1455 621 1496 67.

245 1559 253 1567 .
302 1525 547 1568 Frederious
588 1525 738 1577 (obenz
781 1525 806 1566 i.
836 1538 869 1566 e.
901 1524 1129 1575 seeundus)
1178 1524 1218 1565 in
1262 1523 1432 1566 civitate
1470 1537 1644 1567 romana
1682 1524 1885 1579 regnavit.

305 1596 482 1649 (Waffen
517 1597 785 1651 aufhiingen.)
838 1596 908 1638 lat.
934 1597 1001 1637 66.

303 1668 567 1724 Appolonius
591 1669 631 1710 in
656 1669 732 1710 oiv.
752 1681 856 1710 rom.
876 1681 991 1721 regn.
1012 1667 1080 1721 qui
1105 1666 1253 1708 statuit
1274 1680 1349 1721 pro
1372 1666 1474 1720 lege.
1511 1666 1692 1719 (Foous.)
1725 1666 1795 1709 lat.
1816 1666 1884 1708 57.

246 1771 254 1780 .
304 1739 527 1795 Benoppns
560 1741 602 1781 in
637 1740 712 1782 civ.
738 1753 842 1782 rom.
867 1752 980 1793 regn.
1007 1738 1077 1793 qui
1110 1738 1219 1779 intel·
1248 1741 1406 1780 ceteras
1430 1738 1619 1780 virtutes.
1670 1739 1772 1789 (100
1793 1751 1887 1792 gro-

304 1811 460 1862 sehen.)
510 1811 675 1854 1at.73.

304 1882 522 1924 Polenoius
571 1883 610 1924 in
661 1882 829 1924 civitate
876 1894 1049 1922 romana
1097 1882 1300 1934 regnavit.
1373 1879 1547 1932 (Sieben
1588 1879 1710 1933 jahre
1755 1881 1885 1932 treu.)

303 1968 431 2008 germ.
461 1956 530 1995 59.

244 2058 253 2067 .
303 2026 432 2079 Agios
466 2026 509 2067 in
543 2025 711 2067 civitate
745 2037 918 2066 romana
950 2024 1152 2077 regnavit.
1205 2022 1389 2074 (Narben
1423 2023 1598 2076 wigen.)
1646 2022 1717 2064 lat.
1743 2022 1810 2063 87.

245 2130 253 2138 .
306 2097 517 2138 Adrianus
551 2097 591 2138 in
627 2097 795 2138 civitate
828 2109 1002 2137 romana
1033 2095 1235 2149 regnavit.
1286 2094 1410 2143 (Halb
1434 2094 1643 2147 geritten.)
1689 2093 1761 2135 lat.
1788 2094 1885 2136 124.

245 2201 254 2209 .
304 2168 560 2210 Theodosius
595 2169 636 2210 in
671 2168 746 2210 civ.
772 2181 874 2208 rom.
899 2180 1014 2220 regn.
1039 2158 1222 2222 prudens
1256 2166 1388 2208 valde.
1438 2165 1592 2217 (Lear.)
1641 2179 1735 2220 app.

303 2239 533 2281 Aneolinus
582 2240 625 2280 in
672 2239 841 2280 Civitate
881 2252 983 2279 rom.
1018 2251 1132 2291 regn.
1167 2237 1351 2292 prudens
1391 2237 1522 2279 valde.
1587 2235 1887 2287 (Freundliehe

304 2312 464 2361 worte.)
511 2309 582 2352 lat.
612 2311 707 2351 130.

306 2381 493 2423 Caelides
524 2383 565 2422 in
591 2382 759 2423 civitate
782 2393 955 2422 romana
976 2380 1179 2433 regnavit.
1222 2378 1458 2432 (Nachtigal
1479 2378 1654 2430 tbdten.)
1694 2378 1766 2420 lat.
1789 2378 1883 2419 121.

304 2452 514 2494 Antonius
543 2453 585 2494 in
617 2453 693 2493 oiv.
714 2465 817 2493 rom.
837 2452 1029 2505 regnavit
1056 2451 1238 2507 prudens
1262 2450 1394 2492 valde.
1443 2449 1713 2503 (Feuerlzirm,
1737 2448 1886 2492 schlaf-

305 2524 462 2575 trunk.)
511 2537 606 2578 app.

249 2628 257 2636 .
307 2595 572 2636 Andronicus
605 2595 647 2635 in
680 2594 848 2636 civitate
882 2607 1054 2636 romana
1085 2594 1287 2647 regnavit.
1337 2592 1453 2644 (Drei
1485 2591 1630 2645 fragen
1651 2591 1779 2645 Ιὸεθη,
1814 2590 1885 2633 ab-
1913 2582 1917 2584 ’

307 2666 468 2717 weich.)
517 2665 567 2707 cf.
591 2665 663 2707 lat.
684 2666 752 2706 71.

304 2736 517 2778 Bononius
558 2737 601 2778 in
641 2736 809 2778 civitate
848 2749 1022 2778 romana
1057 2735 1260 2789 regnavit.
1318 2734 1514 2786 (Aussatz
1550 2732 1884 2789 vorgespiegelt.)

305 2808 376 2850 lat.
407 2809 499 2849 132.

248 2910 257 2920 .
306 2879 513 2920 Antonius
554 2878 597 2920 in
630 2878 798 2920 civitate
830 2891 1003 2920 romana
1034 2877 1236 2931 regnavit.
1295 2875 1601 2931 (Sohaehspiel‚
1642 2875 1883 2919 reiohsthei-

306 2949 437 3002 lnng.)
486 2963 581 3004 app.
