1919 3157
831 60 914 98 1ἱοἓῖ

45 177 158 205 meus
190 177 358 214 regnum
399 169 472 205 otc.
527 164 668 206 'l‘ercia
709 165 856 220 peticio
897 165 1075 206 omnium
1118 164 1254 205 oculos
1293 166 1492 207 eruendos
1526 166 1549 206 i.
1574 179 1607 207 e.
1635 179 1705 205 ex—

43 234 251 290 pellendos
285 235 350 288 qui
386 237 561 290 primum
596 240 751 290 patrem
787 249 831 277 ac
855 239 982 277 totum
1007 250 1133 289 genus
1157 236 1378 278 humanum
1402 240 1707 291 temptaverunt

44 310 83 347 et
113 305 231 346 deum
265 305 532 357 offenderunt,
568 307 670 348 unde
703 307 800 348 istas
832 310 915 347 tres
948 307 1171 361 peticiones
1202 308 1351 348 meruit
1373 307 1538 362 optime,
1573 311 1612 348 et
1635 321 1706 361 per

43 389 158 417 suam
193 377 422 431 passionem
465 384 621 432 patrem
662 392 706 419 ac
746 391 872 431 genus
907 377 1126 419 humanum
1160 378 1335 420 salvavit
1368 382 1407 419 et
1439 379 1617 419 animam
1650 392 1704 419 sc.

43 445 166 488 filiam
199 447 463 502 desponsavit
495 454 534 491 ct
567 449 752 503 regnabit
783 449 870 490 sine
901 448 993 490 fine.
1041 448 1105 490 Ad
1138 449 1243 503 quod
1277 462 1460 502 regnum.

684 694 783 748 195,
816 706 962 747 gerni.
988 694 1063 737 68.

158 798 308 842 Lucius
341 800 381 841 in
414 814 529 842 roma
561 801 748 854 regnavit
779 801 958 856 prudens
991 800 1121 852 valde,
1155 801 1223 855 qui
1254 800 1431 843 habebat
1461 800 1586 843 filiam
1620 801 1710 856 pul-

42 870 285 913 cherrimam
321 885 440 925 quam
474 872 646 913 multum
680 872 836 914 dilexit.
889 871 991 913 Erat
1030 872 1195 926 quidam
1238 872 1354 914 miles
1395 873 1433 913 in
1469 873 1600 925 curia,
1641 873 1709 926 qui

41 941 218 997 puellam
252 942 355 983 miro
387 942 506 983 modo
539 943 703 996 dilexit,
743 947 782 984 et
813 956 903 984 eum
937 956 1026 984 eam
1065 942 1194 984 solam
1228 943 1398 985 vidisset
1435 943 1493 985 ait
1533 944 1589 984 ei:
1628 943 1710 985 Ka-

43 1013 223 1066 rissima,
256 1014 359 1055 miro
392 1013 510 1055 modo
542 1019 581 1056 te
614 1014 758 1067 dilig03
793 1014 889 1068 quid
921 1014 995 1056 tibi
1025 1014 1129 1055 dabo
1152 1014 1259 1068 quod
1282 1027 1447 1069 possum
1483 1028 1562 1055 una
1592 1018 1711 1056 nocte

42 1087 174 1126 tecum
216 1084 419 1126 dormire?
466 1084 550 1134 Que
591 1085 668 1127 ait:
713 1087 822 1127 1000
854 1098 1011 1126 marcas
1044 1084 1231 1126 florenas.
1278 1084 1350 1126 Ille
1383 1098 1477 1127 vero
1511 1085 1712 1127 concessit

42 1159 82 1197 et
113 1155 148 1196 ei
181 1154 304 1208 dedit.
358 1155 459 1197 Cum
493 1169 573 1198 nox
606 1156 786 1210 adesset,
825 1155 942 1198 miles
982 1155 1130 1198 lectum
1171 1156 1342 1198 intravit
1375 1160 1415 1198 et
1446 1156 1584 1198 statim
1618 1156 1711 1198 dor-

41 1226 143 1268 mire
183 1226 310 1281 cepit,
357 1227 494 1282 puella
541 1241 634 1269 vero
677 1227 801 1269 simili
840 1227 960 1269 modo
999 1232 1092 1282 post
1132 1241 1237 1269 eum.
1301 1227 1419 1269 Miles
1461 1241 1535 1282 per
1581 1231 1710 1269 totam

40 1301 199 1339 noctem
233 1297 439 1352 dormivit,
479 1311 553 1340 nec
585 1312 608 1340 a
640 1311 810 1354 sompno
851 1298 1051 1340 excitatus
1092 1302 1164 1340 est.
1219 1298 1340 1340 Mane
1381 1312 1475 1341 vero
1517 1311 1605 1340 cum
1651 1298 1711 1340 sol

41 1368 237 1422 oriretur,
285 1369 420 1424 puella
460 1383 502 1412 se
542 1370 795 1412 vestimentis
841 1369 975 1411 induit
1014 1373 1054 1411 et
1092 1383 1183 1411 eum
1224 1383 1247 1411 a
1286 1383 1458 1425 sompno
1501 1370 1708 1411 excitavit.

40 1438 95 1481 Et
125 1439 212 1482 ille:
253 1439 285 1482 O
318 1440 423 1482 bona
454 1440 602 1496 puella,
635 1442 744 1482 intra
774 1440 937 1483 lectum.
986 1440 1071 1490 Que
1103 1441 1180 1482 ait:
1213 1440 1304 1482 Non
1335 1439 1440 1483 facio
1473 1441 1548 1483 tibi
1581 1441 1708 1483 caris-

42 1511 144 1553 sime
189 1511 403 1566 injuriam,
450 1516 582 1554 tecum
622 1512 791 1554 conveni
830 1525 904 1566 pro
947 1512 1058 1553 1000
1097 1512 1246 1554 marcis
1283 1510 1449 1553 florenis
1489 1515 1534 1553 ut
1574 1516 1707 1554 tecum

41 1585 128 1624 tota
158 1586 275 1624 nocte
307 1583 542 1637 dormirem,
575 1583 649 1625 hoc
681 1582 855 1625 fideliter
886 1582 1067 1638 implevi.
1122 1582 1203 1625 Sed
1234 1587 1279 1624 tu
1311 1582 1423 1624 fuisti
1455 1583 1513 1624 ita
1544 1583 1707 1636 ruralis,

42 1653 147 1708 quod
181 1653 305 1696 semel
336 1654 480 1696 faciem
514 1659 626 1697 tuam
661 1655 710 1696 ad
742 1667 808 1696 me
839 1667 919 1695 non
951 1654 1111 1696 vertisti
1151 1658 1191 1696 et
1228 1654 1319 1696 ideo
1352 1654 1401 1696 de
1432 1654 1708 1696 incurialitate

41 1729 80 1768 te
119 1725 433 1781 comprehendo.
485 1726 543 1768 At
580 1725 671 1768 ille:
712 1724 936 1780 Sompnum
977 1725 1065 1780 cepi
1107 1729 1147 1767 et
1184 1739 1258 1781 per
1295 1725 1371 1767 hoc
1402 1725 1596 1780 deceptus
1628 1725 1707 1777 fui3

42 1796 113 1838 sed
144 1809 241 1850 rogo
274 1800 319 1838 ut
350 1797 401 1838 ad
432 1810 497 1839 me
523 1797 610 1851 jam
642 1797 782 1839 intres.
821 1796 878 1838 At
908 1795 998 1838 illa:
1032 1795 1152 1839 Certe
1174 1810 1254 1838 non
1277 1797 1438 1838 faciam.
1478 1796 1550 1837 Ait
1570 1795 1708 1838 miles:

42 1867 148 1918 Quid
184 1867 259 1910 tibi
299 1867 403 1910 dabo
445 1872 488 1909 ut
527 1868 705 1910 secunda
744 1868 829 1910 vice
874 1880 1038 1923 possum
1079 1871 1210 1909 tecum
1259 1866 1462 1909 dormire?
1514 1867 1599 1917 Que
1632 1867 1708 1909 ait:

42 1939 217 1980 Tantum
252 1939 357 1981 sicut
388 1939 514 1994 prius.
550 1939 621 1981 Ille
653 1953 747 1981 vero
780 1939 993 1981 concessit.
1041 1938 1142 1980 Cum
1166 1952 1262 1980 vero
1284 1952 1366 1980 nox
1399 1938 1561 1980 adesset
1590 1938 1710 1980 miles

41 2009 189 2052 lectum
236 2010 406 2052 intravit
452 2014 492 2052 et
531 2010 669 2052 statim
711 2010 904 2052 dormivit
942 2013 983 2051 et
1019 2023 1091 2065 per
1129 2011 1266 2051 omnia
1303 2010 1400 2051 fecit
1439 2010 1544 2051 sicut
1582 2009 1708 2064 prius.

41 2080 159 2123 Miles
193 2094 287 2123 vero
319 2081 428 2122 ultra
459 2094 579 2135 quam
613 2081 723 2124 credi
764 2084 900 2136 potest
936 2080 1076 2122 dolens
1108 2080 1214 2122 dixit
1251 2080 1412 2136 puelle:
1458 2080 1534 2123 Dic
1573 2080 1709 2133 michi,

42 2152 148 2194 bona
179 2152 336 2208 puella,
377 2153 577 2206 quomodo
609 2156 742 2194 tecum
775 2152 975 2194 dormiam
1008 2152 1136 2194 tercia
1166 2155 1297 2194 nocte.
1351 2151 1436 2202 Que
1474 2152 1549 2193 ait:
1591 2150 1711 2193 Certe

43 2236 116 2279 pro
159 2224 270 2265 1000
308 2224 456 2265 marcis
494 2223 672 2266 florenis.
735 2223 806 2265 Ille
845 2223 1031 2265 assensit.
1095 2221 1212 2264 Miles
1251 2223 1362 2264 intra
1400 2236 1443 2265 se
1481 2222 1709 2276 cogitabat:

42 2293 180 2336 Primo
213 2294 373 2349 perdidi
409 2295 519 2336 1000
554 2308 713 2337 marcas
752 2293 950 2348 florenas,
992 2293 1169 2336 secundo
1209 2297 1340 2336 terras
1380 2307 1492 2335 meas
1533 2293 1711 2347 obligavi

43 2379 117 2421 pro
149 2365 240 2407 aliis
277 2366 408 2418 1000,
441 2366 527 2419 jam
561 2379 656 2408 vero
690 2369 850 2421 oportet
880 2379 945 2408 me
977 2366 1187 2419 acquirere
1218 2379 1292 2420 per
1323 2364 1502 2419 aliquam
1535 2365 1643 2406 viam
1677 2364 1711 2406 si

44 2436 170 2479 debeo
209 2436 358 2478 habere
396 2436 587 2492 puellam.
646 2436 832 2479 Perrexit
871 2437 921 2478 ad
960 2436 1163 2491 quendam
1203 2436 1411 2478 civitatem
1452 2439 1492 2477 et
1532 2435 1713 2478 obviavit

44 2520 123 2549 uno
155 2507 371 2549 mercatori
406 2511 446 2549 et
477 2507 535 2549 ait
573 2507 621 2549 ei.
674 2507 871 2561 Domine,
912 2511 1027 2562 potes
1067 2507 1189 2548 michi
1225 2508 1336 2549 1000
1367 2506 1515 2548 marcis
1545 2505 1710 2548 florenis

45 2578 303 2621 commodare
336 2579 376 2619 in
409 2579 678 2620 necessitate?
723 2578 800 2628 Qui
833 2579 907 2619 ait:
941 2577 1069 2627 Quam
1103 2578 1362 2620 securitatem
1397 2577 1519 2619 michi
1553 2580 1711 2632 presta-

45 2649 134 2692 bis?
190 2649 245 2691 Et
275 2649 364 2691 ille:
400 2649 596 2703 quidquid
628 2649 699 2691 vis.
752 2648 827 2691 Cui
858 2652 1079 2690 mercator:
1111 2648 1213 2690 Volo
1246 2652 1291 2690 ut
1321 2648 1502 2690 cartham
1537 2648 1585 2689 de
1618 2661 1711 2702 pro-

46 2721 134 2776 prio
167 2721 365 2774 sanguine
397 2723 467 2761 tuo
499 2720 625 2762 facias
658 2720 731 2762 sub
770 2724 838 2761 tuo
877 2719 1011 2773 sigillo
1051 2719 1158 2773 quod
1198 2720 1233 2761 si
1264 2733 1387 2761 unum
1422 2719 1527 2760 diem
1562 2719 1711 2760 consti-

47 2794 180 2833 tutum
211 2792 319 2834 inter
350 2805 424 2833 nos
455 2791 619 2844 frangas
658 2791 745 2833 sine
783 2790 1018 2832 condicione
1059 2794 1302 2845 potestatem
1342 2789 1512 2832 habeam
1551 2793 1710 2831 tantum

47 2861 96 2904 de
128 2863 318 2905 carnibus
350 2863 431 2904 tuis
463 2862 647 2904 scindere
680 2875 726 2903 ac
758 2875 781 2903 a
812 2874 980 2916 corpore
1013 2860 1161 2903 vellere
1191 2861 1422 2915 ubicunque
1461 2860 1583 2901 michi
1624 2860 1712 2916 pla-

18 2938 138 2981 ‚ceat
176 2934 219 2976 in
259 2939 328 2976 tuo
368 2946 559 2990 corpore,
606 2933 664 2975 ita
700 2936 835 2975 tamen
879 2932 986 2988 quod
1023 2945 1166 2976 carnes
1212 2936 1279 2974 tue
1317 2931 1530 2987 pecuniam
1577 2944 1711 2974 meam
