1949 3162
997 74 1083 116 506

201 179 312 221 illius
344 180 501 234 peccati
533 193 696 234 semper
727 179 926 222 habemus
957 180 1327 235 promptitudinem
1367 180 1419 222 ad
1452 180 1727 235 peccandum,
1761 181 1883 235 juxta

201 250 302 292 illud
336 249 482 292 Genes.
506 263 575 292 111:
618 250 770 293 Sensus
812 254 853 293 et
890 252 1164 305 cogitaciones
1204 251 1380 294 hominis
1417 265 1546 307 prona
1579 254 1676 294 sunt
1705 251 1756 294 ad
1788 264 1882 307 pec-

203 321 377 363 candum
411 321 461 364 ab
494 321 788 365 adolescencia.

850 551 952 594 CAP.
980 553 1075 594 148.
1110 553 1243 605 (140.)

156 646 176 680 5
546 637 680 698 Quod
705 645 941 699 peecatum
977 639 1049 685 Me
1084 639 1154 685 vel
1188 640 1298 685 alibi
1329 641 1551 701 punietur.

319 745 460 788 Refert
490 746 652 801 Agillus
687 747 735 789 de
767 747 935 801 Amore,
974 748 1081 802 quod
1113 761 1203 790 cum
1238 748 1465 791 ditissimus
1498 752 1605 791 esset
1636 752 1678 790 et
1707 747 1884 790 transire

203 815 328 859 vellet
366 817 416 859 de
458 831 538 859 uno
577 832 702 872 regno
744 819 786 860 in
827 818 958 873 aliud,
997 819 1194 862 conduxit
1230 833 1397 871 navem3
1444 819 1515 862 sed
1555 824 1678 862 naute
1717 823 1886 875 propter

202 888 420 943 pecuniam
454 902 546 931 eum
580 890 764 932 occidere
797 890 1009 941 volebant3
1043 891 1114 933 sed
1142 891 1232 946 ipse
1255 891 1305 933 ab
1328 891 1385 933 eis
1407 891 1661 946 impetravit,
1692 895 1739 932 ut
1769 890 1884 945 prius

202 962 370 1001 cantare
404 966 543 1015 posset
575 961 626 1003 ad
648 961 842 1003 honorem
878 961 1096 1017 delphinis,
1130 962 1199 1016 qui
1230 962 1270 1003 in
1298 965 1421 1004 cantu
1442 962 1621 1004 hominis
1644 961 1882 1004 delectatur.

134 1036 178 1070 10
203 1029 304 1072 Cum
339 1044 434 1072 vero
466 1032 508 1073 in
540 1046 653 1075 mare
686 1033 892 1088 projectus
925 1037 1045 1086 esset,
1079 1033 1246 1089 delphin
1279 1047 1371 1075 eum
1401 1034 1583 1088 suscepit
1605 1034 1708 1076 etin
1730 1036 1883 1075 terram

203 1101 449 1156 deportavit,
483 1106 524 1145 et
556 1103 653 1145 dum
684 1107 808 1146 naute
842 1117 933 1145 eum
958 1108 1165 1146 mortuum
1197 1104 1424 1158 crederent,
1455 1105 1545 1159 ipse
1576 1105 1620 1146 in
1642 1108 1754 1146 terra
1776 1103 1886 1158 apud

202 1186 340 1226 regem
374 1186 441 1215 eos
476 1175 697 1228 accusavit,
731 1175 800 1228 qui
832 1188 968 1217 coram
1002 1189 1098 1229 rege
1130 1176 1256 1231 positi
1288 1176 1385 1218 victi
1417 1179 1515 1218 sunt
1545 1179 1586 1218 et
1617 1175 1843 1230 dampnati.

321 1243 558 1299 Carissimi,
599 1247 658 1288 sic
694 1247 816 1288 modo
856 1251 938 1300 est,
981 1247 1015 1288 si
1054 1250 1116 1289 est
1152 1247 1300 1302 aliquis
1332 1247 1445 1289 dives
1478 1247 1639 1289 diviciis
1671 1247 1884 1300 virtutum,

204 1315 273 1369 qui
304 1315 423 1369 hujus
457 1317 583 1358 seculi
615 1331 729 1360 mare
768 1318 975 1373 patienter
1012 1319 1208 1374 proponit
1249 1319 1299 1360 ad
1331 1318 1451 1361 deum
1492 1319 1689 1372 transire,
1721 1317 1887 1360 venient

134 1393 177 1428 15
201 1385 275 1428 filii
309 1387 462 1429 diaboli
505 1392 544 1430 et
582 1388 632 1431 ab
665 1402 710 1430 eo
749 1389 904 1431 famam
938 1393 979 1432 et
1009 1390 1116 1432 bona
1147 1390 1393 1445 temporalia
1424 1389 1574 1432 tollunt
1604 1393 1645 1432 et
1676 1389 1768 1431 aliis
1800 1403 1886 1431 mo-

202 1457 332 1500 lestiis
372 1464 544 1511 vexant3
585 1460 655 1502 sed
694 1465 803 1503 certe
840 1461 930 1516 ipse
968 1462 1076 1504 inter
1108 1461 1182 1503 hec
1213 1475 1357 1503 cavere
1389 1461 1510 1503 debet
1540 1460 1698 1503 devotis
1731 1460 1886 1502 oracio-

201 1529 322 1571 nibus
363 1544 387 1571 a
423 1530 497 1572 deo
538 1531 738 1573 auxilium
778 1532 974 1588 petendo,
1016 1536 1057 1575 et
1094 1533 1153 1575 sic
1192 1537 1380 1588 portatur
1418 1532 1460 1574 i‘n
1499 1537 1675 1586 terram,
1717 1531 1766 1574 de
1806 1544 1887 1586 qua

202 1599 447 1643 Psalmista:
489 1601 634 1644 Porcio
674 1616 786 1658 mea,
827 1604 1011 1658 domine,
1060 1604 1115 1646 sit
1154 1604 1197 1646 in
1234 1608 1347 1647 terra
1383 1604 1614 1647 vivencium
1652 1607 1693 1645 et
1729 1603 1886 1645 inimici

202 1672 418 1714 tradentur
450 1674 569 1728 penis
601 1675 766 1716 eternis.

132 1895 176 1929 20
852 1893 954 1936 CAP.
984 1895 1078 1936 149.
1113 1895 1245 1945 (141.)

442 1981 514 2026 De
550 1996 671 2026 vana
706 1981 856 2041 ylorz'a
895 1996 1031 2042 quam
1066 1982 1205 2027 multa
1241 1981 1363 2026 mala
1400 1986 1657 2042 sequuntur.

321 2089 511 2131 Valerius
543 2094 698 2143 narrat,
733 2090 840 2145 quod
874 2090 1040 2144 quidam
1062 2090 1211 2133 nobilis
1235 2090 1451 2132 consilium
1474 2089 1672 2145 sapientis
1695 2089 1885 2144 quesivit,

207 2161 410 2215 quomodo
452 2166 591 2216 posset
629 2175 777 2203 nomen
820 2175 937 2203 suam
976 2161 1176 2204 dilatare?
1221 2161 1472 2217 Respondit,
1520 2161 1628 2215 quod
1672 2161 1707 2202 si
1751 2160 1886 2202 virum

205 2232 409 2274 illustrem
446 2231 547 2286 [122
561 2231 599 2287 b]
636 2233 850 2275 occideret.
903 2233 990 2283 Quo
1024 2234 1163 2275 audito
1195 2232 1434 2288 Philippum
1466 2236 1624 2288 patrem
1658 2230 1887 2274 Alexandri

137 2311 181 2345 25
208 2304 347 2357 magni
379 2304 597 2353 interfecit,
631 2308 676 2346 ut
706 2318 854 2346 nomen
888 2304 967 2347 sibi
999 2305 1250 2360 acquireret3
1283 2304 1354 2346 sed
1385 2303 1454 2347 ille
1487 2304 1566 2346 cito
1598 2307 1694 2359 post
1715 2303 1886 2344 misera-

207 2374 278 2417 bili
312 2380 444 2417 morte
476 2375 703 2417 exstinctus
736 2380 809 2418 est.

325 2445 553 2499 Carissimi,
588 2446 713 2500 aliqui
746 2447 904 2489 nobiles
938 2459 985 2488 ac
1015 2446 1159 2488 mundi
1190 2450 1376 2501 potentes
1409 2460 1483 2501 per
1513 2445 1625 2488 mala
1655 2458 1781 2500 opera
1812 2457 1887 2486 sua
1948 2468 1949 2511 {

209 2518 428 2572 acquirunt
458 2531 608 2559 nomen
639 2519 856 2572 mendacii,
894 2518 965 2559 sed
997 2518 1086 2559 sine
1117 2517 1240 2559 dubio
1272 2531 1345 2573 per
1375 2518 1476 2560 illud
1507 2530 1656 2559 nomen
1687 2518 1895 2570 quantum
1948 2513 1949 2519 ’

209 2593 271 2631 est
302 2589 343 2630 in
377 2589 434 2630 eis
468 2589 676 2630 dominum
712 2589 831 2631 deum
866 2589 1070 2641 occident3
1104 2588 1195 2630 ideo
1227 2588 1330 2630 tales
1352 2589 1461 2631 mala
1482 2592 1613 2631 morte
1643 2587 1884 2642 morientur,

137 2667 183 2703 30
209 2673 301 2705 cum
333 2661 377 2702 in
408 2660 568 2703 inferno
601 2660 867 2715 sepeliuntur.

303 2761 321 2799 7
349 2770 498 2803 navem3
522 2759 598 2809 sed]
626 2765 710 2804 oriy.
729 2769 923 2803 navesque.
