1919 3157
881 93 963 133 319

83 198 180 240 licet
210 197 362 253 Moysi,
400 198 645 253 scripsitque
678 199 719 240 in
751 199 809 241 eis
841 198 1177 239 informacionem
1210 197 1480 240 sufficientem
1513 201 1657 239 contra
1689 198 1757 240 de-

83 281 247 310 monem
294 272 334 310 et
380 268 729 311 machinacionem
771 269 870 322 ejus.
935 268 1081 323 Sicque
1123 281 1196 322 per
1234 269 1427 310 nuncium
1469 268 1628 311 fidelem
1669 268 1755 310 scil.

83 338 252 394 Moysen
284 339 440 381 civitati
473 339 641 381 humani
673 340 834 393 generis
867 339 1099 381 destinavit.
1151 337 1231 380 Sed
1263 339 1468 394 scriptura
1500 340 1579 381 ista
1601 339 1678 380 fuit
1699 339 1758 381 sic

83 409 281 452 sublinita
319 410 494 464 quadam
534 424 628 452 cera
666 411 690 451 i.
718 424 750 452 e.
782 410 1016 452 cerimoniis
1050 409 1294 463 quibusdam
1327 410 1405 463 itu,
1446 410 1553 464 quod
1585 410 1758 451 moralia

82 479 185 534 legis
216 494 297 522 non
328 486 551 536 potuerunt
582 481 703 536 plane
736 485 776 523 et
807 485 947 536 aperte
978 480 1058 534 legi
1092 480 1142 522 ab
1173 493 1417 535 unoquoque
1448 486 1632 536 tempore
1655 481 1756 534 legis

83 551 204 604 dicte,
236 564 311 593 nec
343 551 444 594 bene
477 551 683 594 iutellecte
715 552 881 594 fuerunt
912 552 1145 606 questiones
1175 551 1302 593 multe
1326 552 1432 593 inter
1454 556 1612 593 veteres
1635 565 1758 606 super

82 621 336 664 intellectum
369 623 542 664 istarum
575 622 820 665 tabularum.
875 622 955 664 Sed
987 626 1096 664 certe
1128 636 1351 676 numquam
1386 622 1534 676 aliquis
1567 621 1757 663 inventus

81 692 180 746 fuit,
227 694 297 747 qui
334 694 507 735 istarum
546 694 780 736 tabularum
820 693 1074 735 intellectum
1114 693 1275 748 aperire
1315 693 1470 748 potuit,
1511 692 1638 734 donec
1677 706 1758 734 una

81 762 238 818 puella,
277 776 393 806 soror
423 765 551 817 regis,
590 765 769 818 veniret,
801 764 920 806 valde
951 764 1132 819 prudens
1164 777 1211 806 ac
1243 763 1292 805 de
1323 763 1451 806 nobili
1483 776 1632 816 genere
1664 776 1758 818 pro-

83 833 216 877 ducta.
272 833 501 877 Domicella
532 835 613 877 ista
645 840 733 877 erat
764 835 884 878 beata
915 836 1029 888 virgo
1061 834 1214 888 Maria,
1247 838 1380 876 mater
1411 834 1476 876 dei
1509 837 1549 875 et
1581 833 1757 875 hominis

82 904 239 948 scilicet
269 905 484 948 benedicta
517 910 557 948 et
589 906 856 960 sanctificata,
892 919 1008 948 soror
1039 906 1168 948 eciam
1192 906 1301 958 regis
1324 905 1489 947 Christi.
1538 904 1642 946 Nam
1666 917 1758 946 cum

82 975 175 1031 ipsa
206 980 314 1019 esset
344 976 429 1018 filia
460 977 568 1030 regis
601 977 735 1019 David
769 977 991 1019 secundum
1025 989 1203 1030 carnem,
1236 977 1328 1032 ipsa
1352 977 1480 1019 eciam
1505 980 1567 1018 est
1588 975 1672 1017 filia
1694 975 1757 1017 dei

82 1047 354 1102 spiritualiter
380 1047 598 1102 loquendo,
624 1049 746 1102 juxta
767 1048 868 1089 illud
891 1047 1019 1090 Luce:
1052 1047 1159 1089 Huic
1181 1051 1270 1089 erat
1291 1060 1406 1089 soror
1428 1048 1592 1089 nomine
1613 1046 1756 1089 Maria.

81 1117 168 1160 Hec
198 1118 337 1173 itaque
368 1119 524 1162 scilicet
556 1119 671 1172 virgo
703 1118 836 1161 Maria
868 1118 1101 1161 tabularum
1132 1118 1236 1172 legis
1267 1118 1433 1173 antique
1457 1119 1617 1174 aperuit
1638 1117 1760 1159 intel—

81 1188 244 1231 lectum.
294 1188 374 1232 Sed
406 1190 636 1244 quomodo?
683 1189 803 1232 Certe
836 1189 1006 1231 delendo
1039 1202 1188 1232 ceram.
1239 1189 1360 1231 Scitis
1393 1189 1515 1243 enim,
1550 1189 1657 1244 quod
1688 1202 1757 1231 ve-

80 1259 219 1302 niente
249 1259 404 1303 lumine
435 1261 590 1303 recedit
621 1261 780 1314 umbra,
813 1264 853 1302 et
883 1261 977 1314 igne
1009 1260 1274 1303 calefaciente
1306 1259 1447 1302 defluit
1478 1274 1582 1303 cera.
1636 1259 1757 1301 Modo

80 1330 158 1373 iste
195 1331 424 1374 ceremonie
461 1332 629 1374 fuerunt
661 1332 777 1386 quasi
809 1332 986 1374 umbras
1025 1330 1212 1373 Christus
1245 1334 1382 1372 autem
1414 1331 1512 1373 deus
1543 1332 1621 1373 fuit
1650 1331 1757 1384 ignis

81 1405 122 1444 et
150 1399 284 1444 Maria
314 1406 446 1444 mater
478 1403 564 1456 ejus
595 1402 870 1444 illuminatrix
901 1403 943 1444 in
975 1402 1040 1444 die
1074 1401 1373 1456 purificacionis
1405 1415 1488 1444 sue.
1542 1403 1696 1458 Sponte
1719 1405 1759 1444 et

79 1471 291 1514 humiliter
330 1473 505 1528 subjecit
541 1487 584 1516 se
616 1473 850 1516 cerimoniis
882 1473 1007 1527 legis,
1047 1473 1145 1515 licet
1175 1486 1257 1514 non
1288 1472 1512 1527 indigeret,
1551 1476 1597 1514 ut
1626 1472 1757 1514 filium

80 1556 199 1585 suum
237 1543 376 1597 ignem
415 1544 599 1586 divinum
640 1545 683 1586 in
721 1544 922 1599 templum
962 1548 1232 1599 presentaret.
1289 1544 1465 1586 Necesse
1497 1557 1592 1597 ergo
1625 1547 1687 1586 est
1719 1546 1759 1586 et

78 1613 157 1656 fuit
185 1614 372 1657 umbram
406 1614 595 1657 recedere
627 1618 668 1657 et
698 1628 834 1657 ceram
866 1615 1002 1669 ipsam
1033 1614 1210 1657 defluere
1232 1618 1272 1657 et
1295 1615 1460 1657 auferri.
1508 1614 1626 1656 Unde
1647 1613 1757 1669 psal-

78 1685 221 1727 mista:
262 1683 377 1727 Sicut
413 1684 505 1727 fluit
543 1699 636 1728 cera
674 1699 698 1727 a
734 1685 838 1727 facie
877 1683 965 1740 [25]
1000 1686 1130 1740 ignis,
1172 1686 1230 1728 sic
1262 1689 1435 1741 pereant
1467 1689 1701 1740 peccatores
1734 1699 1758 1727 a

78 1755 182 1798 facie
214 1755 291 1798 dei.
338 1756 394 1798 Et
423 1757 466 1798 in
498 1757 564 1799 die
596 1756 898 1812 purificacionis
931 1770 1002 1799 sue
1024 1757 1269 1799 cerimonias
1293 1756 1461 1799 abstulit
1483 1760 1523 1798 et
1544 1757 1603 1798 sic
1624 1755 1757 1810 legem

78 1825 268 1882 implevit
304 1830 345 1870 et
380 1841 455 1870 nos
494 1841 518 1870 a
553 1827 752 1870 servitute
784 1827 936 1870 diaboli
967 1841 1041 1883 per
1071 1827 1334 1870 nativitatem
1366 1827 1440 1869 filii
1471 1827 1536 1869 sui
1567 1827 1758 1870 liberavit

79 1901 120 1939 et
149 1897 278 1940 vitam
310 1901 494 1942 eternam
525 1898 643 1941 nobis
674 1899 916 1954 promeruit,
949 1898 1000 1941 ad
1033 1912 1156 1954 quam
1188 1903 1263 1941 etc.

754 2128 856 2170 eff.
881 2128 949 2170 22.
978 2128 1081 2181 (21.)

650 2215 724 2260 De
759 2217 917 2260 timore
950 2215 1195 2260 mundano.

195 2321 348 2364 Narrat
367 2321 638 2376 AugustinuS,
672 2322 793 2377 quod,
827 2322 989 2378 quando
1020 2321 1197 2378 Egypcii
1228 2321 1326 2364 olim
1350 2321 1543 2364 volebant
1565 2320 1754 2364 deificare

1783 487 1804 520 5

1785 839 1828 873 10

1785 1193 1828 1228 15

1783 1549 1827 1583 20

1781 1904 1826 1939 25

79 2391 230 2435 Isidem
262 2396 302 2435 et
334 2391 544 2448 Serapem,
577 2393 655 2434 isto
678 2393 800 2435 modo
822 2397 1129 2448 processerunt:
1164 2392 1408 2435 Statuerunt
1429 2392 1530 2434 duas
1552 2392 1753 2446 imagines
1784 2441 1786 2443 v

79 2466 120 2504 et
149 2463 282 2518 primo
313 2463 446 2518 legem
478 2467 725 2518 statuerunt,
757 2464 866 2518 quod
898 2464 1144 2519 quicumque
1176 2477 1244 2506 eos
1267 2464 1421 2506 diceret
1443 2476 1531 2506 esse
1552 2463 1752 2516 homines,

78 2532 144 2575 vel
174 2533 330 2588 aliquid
357 2534 408 2576 de
430 2547 570 2576 eorum
591 2534 831 2588 genealogia
851 2538 1054 2589 narraret,
1087 2535 1222 2590 capite
1243 2534 1502 2591 plecteretur.
1552 2532 1752 2588 Secundo,

78 2607 124 2645 ut
154 2603 222 2646 lex
252 2604 439 2660 predicta
468 2605 628 2647 nullum
657 2605 824 2658 lateret,
860 2605 904 2647 in
937 2605 1049 2647 omni
1079 2605 1248 2661 templo,
1280 2605 1350 2648 ubi
1382 2618 1522 2647 eorum
1553 2604 1753 2658 imagines

79 2673 330 2729 colebantur,
364 2679 404 2718 et
428 2676 550 2730 juxta
581 2690 649 2718 eos
681 2676 911 2731 ponebatur
942 2689 1069 2717 unum
1098 2689 1274 2731 parvum
1296 2675 1451 2718 idolum
1474 2675 1626 2718 habens
1649 2675 1753 2729 digi-

73 2737 166 2786 tum
206 2758 326 2787 suum
368 2745 490 2789 labiis
523 2746 797 2802 applicatum,
837 2749 883 2788 ut
913 2760 986 2802 per
1016 2746 1093 2788 hoc
1122 2747 1277 2790 faceret
1307 2747 1468 2801 signum
1502 2745 1660 2788 silencii
1690 2746 1754 2788 in-

78 2815 357 2868 gredientibus
388 2817 470 2860 ista
500 2817 668 2873 templa,
703 2821 744 2860 et
774 2817 833 2860 sic
864 2817 1016 2859 veritas
1048 2816 1098 2859 ab
1131 2818 1320 2860 omnibus
1351 2820 1568 2859 taceretur.

199 2884 493 2943 [Applicacio]
544 2887 772 2941 Carissimi,
805 2901 950 2930 revera
980 2888 1062 2930 ista
1089 2888 1245 2930 faciunt
1268 2888 1451 2930 homines
1473 2887 1672 2929 mundani
1693 2890 1753 2929 te-

31 3001 34 3004 ,
79 2955 255 3011 nebrosi,
287 2971 553 3013 oppressores
574 2958 761 3001 veritatis
783 2962 824 3001 et
845 2959 1109 3001 subversores
1131 2959 1399 3002 ecclesiastici
1422 2962 1568 3012 status,
1591 2957 1752 3012 quando

1779 2474 1824 2508 30

1778 2827 1823 2862 35
