1949 3162
1010 54 1096 96 674

887 198 985 253 274,
1018 212 1122 253 app.
1146 199 1216 242 78.

331 298 536 339 Antonius
567 297 611 339 in
642 298 807 340 civitate
838 312 1009 341 romana
1039 300 1226 353 regnavit
1256 300 1436 354 prudens
1468 299 1607 352 valde,
1647 299 1716 354 qui
1748 299 1894 342 statuit

215 369 399 424 prolege
431 368 537 423 quod
571 369 893 424 quandocunque
916 371 1023 424 ignis
1057 375 1165 412 esset
1195 371 1237 411 in
1260 371 1439 424 civitate,
1473 370 1706 425 speculator
1738 370 1788 412 ad
1817 370 1893 411 hoc

217 443 324 482 esset
355 440 587 493 assignatus
621 441 689 494 qui
722 440 804 482 alta
840 454 938 483 voce
970 442 1185 484 clamaret:
1221 442 1329 495 Ignis
1362 446 1424 483 est
1455 442 1496 483 in
1528 441 1708 493 civitate,
1741 440 1894 482 currite

215 511 266 552 ad
298 523 517 566 campanas
558 514 598 552 et
637 511 798 566 pulsate
836 516 876 554 et
914 517 1054 567 portas
1094 513 1273 554 civitatis
1305 513 1464 554 fortiter
1495 512 1684 554 claudite.
1731 511 1895 553 Accidit

215 581 391 636 quodam
424 586 627 637 tempore,
661 583 765 637 quod
801 583 967 637 quidam
999 584 1207 636 cogitabat
1238 584 1445 624 civitatem
1479 582 1668 638 spoliare.
1721 581 1896 623 Dicebat

215 653 298 694 suis
329 653 623 695 familiaribus:
669 652 907 707 Karissimi,
949 654 983 695 si
1015 655 1153 707 ignem
1193 655 1451 709 posuerimus
1484 654 1525 695 in
1557 654 1722 696 civitate
1755 653 1893 694 statim

215 724 294 766 erit
325 723 479 765 clamor
519 727 559 765 et
597 724 781 765 homines
826 738 868 766 se
908 725 1127 766 armabunt
1165 729 1205 767 et
1243 725 1360 767 nobis
1393 725 1587 766 resistent
1625 728 1666 766 et
1697 737 1787 765 cum
1820 723 1896 765 hoc

213 798 331 850 porte
363 794 615 836 claudentur.
664 796 847 848 Agamus
881 809 975 848 ergo
1009 795 1159 837 bonum
1194 796 1410 838 concilium
1434 795 1636 850 quomodo
1667 795 1895 850 poterimus

214 865 257 907 in
288 865 467 907 tumultu
500 870 540 908 et
570 866 748 908 clamore
788 866 993 908 civitatem
1028 880 1284 921 recuperare.
1339 867 1413 908 Ait
1443 880 1567 909 unus:
1615 866 1793 908 Domine
1824 865 1895 918 mi,

216 936 353 978 audite
376 937 593 978 concilium
623 951 782 988 meum3
816 938 1015 979 intremus
1049 939 1255 980 civitatem
1289 937 1456 993 pacifice
1489 941 1529 980 et
1560 938 1817 992 quiescamus
1838 936 1896 978 ibi

213 1008 345 1049 tribus
378 1007 519 1050 diebus
552 1014 592 1050 et
622 1008 821 1049 faciamus
855 1008 1101 1063 proclamari
1134 1023 1258 1050 unum
1286 1009 1518 1051 convivium
1553 1013 1593 1050 et
1623 1009 1664 1050 in
1697 1008 1767 1050 illo
1800 1021 1895 1050 con-

214 1079 322 1120 vivio
355 1092 479 1120 unum
514 1083 655 1134 potum
698 1079 978 1121 ordinabimus
1015 1083 1129 1121 tante
1170 1080 1354 1133 virtutis,
1396 1080 1503 1134 quod
1536 1080 1708 1135 quilibet
1745 1079 1814 1134 qui
1846 1079 1895 1121 de

214 1148 290 1191 hoc
331 1149 443 1191 bibet
482 1151 620 1191 statim
662 1150 850 1192 dormiet.
914 1150 999 1192 Illis
1041 1151 1338 1193 dormientibus
1378 1151 1519 1192 statim
1560 1151 1766 1193 civitatem
1808 1150 1896 1192 sine

215 1220 424 1272 sanguinis
463 1220 658 1262 effusione
698 1221 950 1263 habebimus.
1015 1222 1131 1263 Miles
1172 1235 1262 1263 cum
1302 1222 1379 1264 hoc
1418 1222 1600 1264 audisset
1637 1222 1687 1264 de
1725 1221 1896 1263 concilio

216 1291 369 1346 placuit
406 1292 454 1333 ei.
528 1291 747 1334 Civitatem
784 1293 995 1334 intrabant
1034 1297 1074 1334 et
1116 1307 1256 1334 omnes
1300 1294 1348 1335 de
1381 1294 1546 1335 civitate
1578 1293 1630 1335 ad
1663 1292 1897 1334 convivium

213 1362 447 1404 invitabant
479 1367 519 1404 et
550 1363 599 1405 de
630 1363 703 1404 tali
742 1368 841 1418 potu
881 1364 1139 1406 ordinabant.
1187 1364 1249 1405 Illi
1282 1378 1374 1406 cum
1407 1364 1534 1406 semel
1565 1364 1766 1406 bibissent
1804 1363 1896 1405 dor-

215 1434 407 1476 mierunt.
442 1434 525 1476 lllis
549 1434 846 1477 dormientibus
879 1436 1087 1477 civitatem
1111 1436 1322 1477 intrabant
1355 1441 1394 1478 et
1426 1435 1672 1491 spoliabant,
1704 1438 1799 1490 post
1823 1434 1897 1477 hec

215 1505 352 1558 ignem
383 1505 584 1547 miserunt
616 1511 656 1548 et
687 1505 870 1548 totaliter
902 1506 1216 1549 combusserunt
1255 1511 1295 1549 et
1335 1507 1520 1548 homines
1554 1520 1600 1548 ac
1631 1507 1823 1548 mulieres
1854 1506 1897 1547 in

214 1576 400 1631 predicta
431 1577 596 1619 civitate
629 1590 765 1618 secum
799 1577 1006 1619 duxerunt
1037 1591 1112 1619 nec
1144 1582 1206 1620 est
1236 1578 1426 1620 inventus
1460 1592 1578 1631 unus,
1603 1578 1672 1632 qui
1694 1577 1899 1620 clamabat

214 1647 256 1687 in
289 1647 454 1689 civitate
486 1648 591 1700 ignis
623 1661 699 1689 nec
731 1648 781 1689 ad
804 1661 1025 1704 campanas
1055 1650 1206 1690 currite
1238 1662 1312 1691 nec
1344 1653 1484 1704 portas
1507 1649 1684 1691 civitatis
1707 1649 1896 1691 claudite.

331 1719 562 1760 Moralz‘ter.
626 1718 865 1772 Karissimi,
899 1720 1126 1774 imperator
1158 1720 1235 1761 iste
1268 1724 1329 1762 est
1364 1720 1553 1762 dominus
1585 1724 1725 1762 noster
1755 1720 1896 1762 Ihesus

214 1788 421 1842 Christus,
470 1789 538 1843 qui
584 1789 706 1830 istam
747 1790 878 1843 legem
918 1791 1152 1843 constituit,
1201 1791 1308 1845 quod
1356 1792 1549 1845 quociens
1594 1791 1702 1845 ignis
1740 1791 1898 1847 peccati

214 1864 276 1902 est
315 1860 357 1901 in
398 1860 534 1902 anima
575 1864 666 1914 tua,
716 1874 832 1903 curre
879 1862 931 1903 ad
970 1875 1192 1917 campanas
1235 1862 1524 1915 confessionis,
1572 1866 1656 1904 tres
1697 1876 1897 1917 campane

214 1931 380 1972 racione
430 1931 629 1973 trinitatis
683 1932 768 1973 scil.
808 1933 1024 1985 contricio,
1077 1933 1278 1975 confessio
1331 1937 1371 1975 et
1421 1934 1665 1975 satisfaccio.
1735 1933 1897 1976 Deinde

213 2007 375 2057 portas,
429 2002 455 2043 i.
495 2016 527 2044 e.
577 2003 756 2057 quinque
813 2017 956 2045 sensus
1010 2004 1172 2056 claude,
1228 2018 1279 2046 ne
1336 2018 1444 2046 mors
1496 2005 1624 2047 intret
1677 2019 1752 2060 per
1804 2005 1897 2047 illas

215 2077 367 2128 portas.
410 2072 528 2115 Miles
562 2074 631 2127 qui
662 2074 775 2115 venit
807 2087 899 2116 cum
933 2075 1174 2128 sequacibus
1209 2075 1294 2128 ejus
1322 2079 1383 2117 est
1414 2076 1615 2129 diabolus,
1649 2076 1720 2131 qui
1752 2077 1898 2118 circuit

215 2157 388 2198 querens
422 2157 542 2197 quem
574 2144 762 2198 devoret,
797 2146 861 2186 cui
893 2146 1073 2188 resistite
1104 2146 1230 2187 fortes
1263 2146 1306 2187 in
1338 2145 1427 2188 fide.
1488 2146 1692 2201 Sequaces
1732 2148 1796 2189 sui
1828 2147 1897 2203 qui

216 2227 308 2257 eum
348 2219 524 2269 sequunt
562 2218 658 2257 sunt
698 2219 857 2270 septem
899 2221 1065 2271 peccata
1111 2217 1322 2270 mortalia,
1370 2218 1477 2259 unde
1521 2218 1623 2260 facit
1664 2218 1898 2260 convivium

216 2286 409 2340 quociens
456 2286 598 2327 mundi
646 2287 847 2328 vanitates
895 2287 1050 2329 homini
1098 2288 1298 2341 ostendit,
1346 2289 1453 2330 unde
1498 2288 1619 2330 homo
1666 2289 1898 2331 mundanus

217 2360 378 2398 tantum
410 2357 569 2412 appetit
600 2371 647 2399 ea
679 2371 756 2411 que
789 2363 885 2400 sunt
915 2358 958 2400 in
990 2359 1141 2400 mundo
1183 2360 1224 2400 in
1256 2363 1417 2401 tantum
1459 2359 1567 2414 quod
1598 2360 1770 2414 dormit,
1810 2360 1837 2402 i.
1862 2373 1896 2403 e.

216 2431 374 2470 tantum
424 2428 670 2481 delectatur,
720 2429 828 2483 quod
864 2443 945 2470 non
984 2430 1161 2485 percipit
1199 2430 1426 2485 periculum
1459 2431 1594 2472 anime
1634 2445 1718 2473 sue.
1781 2430 1898 2473 Unde

217 2503 337 2554 potus
375 2499 608 2541 mundanus
649 2503 710 2540 est
744 2503 865 2554 potus
897 2500 1173 2555 periculosus,
1215 2502 1310 2555 quia
1347 2501 1382 2542 si
1415 2501 1541 2543 semel
1573 2502 1622 2543 de
1652 2502 1728 2543 hoc
1759 2505 1911 2555 gusta--

218 2570 323 2611 verit
355 2570 423 2611 vix
455 2570 607 2624 poterit
645 2570 793 2611 saciari
834 2570 884 2611 ad
916 2571 1082 2612 modum
1122 2572 1329 2626 ydropici,
1371 2572 1439 2625 qui
1480 2576 1632 2625 quanto
1671 2571 1762 2627 plus
1795 2572 1900 2614 bibit

218 2643 332 2681 tanto
365 2640 457 2695 plus
490 2641 648 2695 appetit
680 2645 720 2681 et
751 2641 858 2693 sitit3
892 2642 950 2683 sic
982 2642 1031 2683 de
1063 2643 1297 2695 mundanis,
1332 2643 1427 2696 quia
1459 2646 1611 2697 quanto
1635 2642 1727 2697 plus
1748 2643 1900 2685 habent

219 2714 334 2752 tanto
367 2710 458 2765 plus
489 2712 671 2766 cupiunt.
721 2711 840 2753 Tales
873 2726 953 2753 non
986 2712 1203 2754 attendunt
1234 2713 1330 2766 quia
1362 2713 1532 2755 dicitur:
1565 2713 1691 2755 Totus
1721 2714 1897 2755 mundus

219 2781 263 2822 in
303 2781 483 2835 maligno
524 2782 682 2836 positus
724 2786 796 2823 est.
854 2782 970 2824 Unde
1002 2783 1037 2824 si
1069 2783 1159 2837 quis
1192 2783 1287 2824 talis
1318 2783 1463 2837 fuerit,
1506 2796 1671 2826 necesse
1702 2797 1798 2826 vero
1836 2788 1899 2826 est

222 2851 330 2905 quod
366 2856 505 2894 currat
542 2853 593 2894 ad
625 2866 848 2907 campanas
888 2853 1166 2895 confessionis.
1225 2852 1306 2895 Sed
1337 2854 1524 2896 videmus
1557 2854 1648 2907 alii,
1686 2855 1757 2909 qui
1788 2868 1899 2897 cam-

222 2935 329 2976 pane
358 2936 440 2964 non
471 2927 644 2978 possunt
675 2923 777 2965 bene
809 2923 984 2978 pulsari,
1026 2924 1122 2977 quia
1153 2924 1275 2966 nimis
1307 2925 1468 2966 sortiter
1499 2925 1679 2978 ligantur
1711 2925 1898 2981 superius
