1929 3162
141 480 161 512 5

120 834 161 866 10

120 1188 161 1222 15

117 1544 161 1578 :20

117 2186 160 2219 25

116 2542 160 2574 30

117 2895 160 2927 35

989 80 1072 121 328

189 201 283 229 vero
326 187 474 241 aliquis
515 185 634 228 affert
672 187 746 228 tibi
789 187 940 227 donum
981 191 1025 227 ut
1063 185 1242 227 declines
1285 200 1308 228 a
1347 187 1413 228 via
1451 191 1583 240 recta,
1632 188 1682 230 ad
1721 188 1869 244 pellem

190 258 317 313 patris
350 258 408 298 tui
442 258 654 313 respicias,
688 271 738 299 ne
771 258 843 299 tibi
877 257 953 298 hoc
984 257 1091 299 idem
1125 258 1347 311 contingat.

307 327 632 383 [Moralz'mez'off
671 328 898 380 Carissimi,
923 328 1000 369 iste
1023 328 1248 383 imperator
1272 333 1333 371 est
1355 329 1545 371 dominus
1568 333 1708 371 noster
1730 329 1870 372 lhesus

188 399 398 452 Christus,
448 400 516 453 qui
557 400 678 442 istam
720 400 850 452 legem
893 399 1042 451 edidit,
1091 399 1198 440 unde
1238 400 1571 442 Deuteronomii:
1623 399 1791 442 Judiees
1831 405 1872 443 et

188 471 454 523 magistratus
495 471 720 512 constitues
761 474 834 511 etc.
900 470 991 524 lpse
1032 484 1126 512 vero
1168 474 1277 511 recte
1320 475 1359 512 et
1407 472 1517 513 omni
1564 475 1750 526 tempore
1797 485 1870 513 nos

181 541 361 594 judicat,
403 542 470 595 qui
505 545 621 596 pater
661 545 801 582 noster
845 540 1007 582 celestis
1047 545 1178 582 totum
1213 541 1415 594 judicium
1457 543 1493 583 ei
1533 543 1658 584 dedit.
1720 542 1869 596 Judex,

188 612 256 665 qui
297 611 401 653 male
435 612 650 666 judicavit,
692 616 754 653 est
793 611 967 666 quilibet
1006 612 1140 665 homo,
1183 613 1251 666 qui
1292 612 1415 654 habet
1455 613 1637 667 seipsum
1671 618 1869 668 quantum

188 683 237 724 ad
271 683 353 724 vite
384 684 672 725 rectitudinem
699 683 900 737 judicare,
934 683 1030 737 quid
1065 687 1105 724 et
1138 687 1336 737 quantum
1370 688 1513 725 contra
1542 684 1660 726 deum
1686 684 1869 738 deliquit.

189 753 230 795 Si
265 767 360 796 vero
406 754 555 808 aliquis
598 758 777 796 vestrum
821 755 875 795 sit
918 754 1157 796 muneribus
1191 754 1232 795 id
1266 759 1328 796 est
1360 755 1479 796 malis
1511 755 1751 797 humoribus
1783 769 1871 798 cor-

187 829 333 880 ruptus
367 825 487 867 debet
519 826 734 878 excoriari,
771 825 811 866 id
847 829 908 867 est
941 825 981 866 in
1016 825 1205 867 omnibus
1238 826 1354 867 viciis
1389 827 1473 867 suis
1507 840 1578 882 per
1603 827 1870 881 penitentiam

189 896 401 949 denudari,
442 901 487 938 ut
527 897 679 951 poterit
718 896 853 938 dicere
896 897 1067 938 verbum
1100 896 1200 938 illud
1233 896 1331 939 Job:
1378 896 1532 939 Pellem
1566 911 1639 953 pro
1672 897 1793 953 pelle,
1833 903 1872 940 et

189 967 382 1021 quicquid
424 967 544 1009 homo
587 968 722 1020 habet,
766 967 881 1009 dabit
916 981 986 1022 pro
1022 968 1160 1009 anima
1192 982 1277 1009 sua.
1331 967 1455 1009 Pellis
1489 982 1565 1022 que
1597 969 1764 1023 ponitur
1798 983 1870 1024 pro

188 1039 388 1080 memoria
420 1039 461 1080 in
494 1039 602 1091 sede,
638 1043 700 1080 est
721 1038 874 1080 Christi
907 1039 1058 1094 passio,
1093 1053 1213 1093 quam
1248 1040 1368 1081 homo
1402 1040 1522 1081 debet
1553 1039 1703 1082 habere
1736 1044 1871 1082 reten-

187 1113 273 1152 tam
313 1110 355 1151 in
395 1110 490 1152 sede
522 1110 655 1151 cordis
689 1111 765 1163 sui,
807 1124 857 1152 ne
897 1114 1040 1152 contra
1083 1110 1201 1152 deum
1245 1114 1285 1152 et
1316 1110 1490 1152 salutem
1525 1111 1661 1153 anime
1699 1125 1771 1153 sue
1803 1112 1871 1154 de-

186 1181 359 1236 linquat,
399 1182 505 1222 sicut
543 1182 741 1236 scriptum
776 1185 856 1223 est:
899 1181 1128 1223 Memorare
1169 1182 1396 1223 novissima
1436 1187 1507 1224 tua
1539 1186 1580 1224 et
1609 1182 1651 1223 in
1685 1187 1871 1225 eternum

186 1267 268 1294 non
300 1253 501 1308 peccabis.
552 1252 740 1294 Christus
773 1266 855 1294 non
889 1257 1050 1294 tantum
1085 1253 1234 1308 pellem
1275 1253 1315 1294 in
1355 1254 1450 1295 sede
1483 1255 1614 1296 crucis
1648 1268 1722 1310 pro
1753 1254 1871 1297 nobis

188 1324 321 1378 dedit,
360 1324 432 1366 sed
472 1324 599 1365 eciam
641 1324 781 1365 vitam.
836 1323 891 1365 Et
930 1324 1020 1366 ideo
1055 1325 1088 1365 si
1122 1325 1208 1366 veri
1240 1323 1312 1365 filii
1351 1338 1506 1378 sumus,
1547 1339 1639 1367 eum
1674 1339 1746 1380 per
1778 1339 1871 1381 pec-

187 1399 324 1437 catum
357 1394 560 1437 offendere
594 1409 673 1436 non
707 1395 914 1437 debemus.
964 1395 1019 1437 Et
1052 1395 1086 1437 si
1118 1396 1320 1449 contingit
1357 1409 1430 1437 nos
1464 1395 1559 1450 labi,
1601 1397 1870 1452 respiciamus

188 1467 238 1508 ad
260 1480 437 1520 crucem,
471 1470 668 1520 quantum
703 1480 776 1521 pro
808 1467 926 1509 nobis
959 1467 1168 1520 sustinuit,
1203 1470 1248 1508 ut
1277 1467 1540 1509 emendemus
1563 1481 1655 1509 cum
1679 1468 1871 1523 operibus

187 1538 468 1580 misericordie
501 1542 541 1580 et
572 1552 646 1593 per
677 1552 930 1593 consequens
964 1540 1089 1581 vitam
1126 1542 1308 1580 eternam
1343 1538 1631 1581 obtinebimus.

856 1839 958 1882 CAP.
983 1842 1051 1881 ao.
1087 1841 1190 1891 (29.)

742 1928 815 1972 ‚De
848 1933 1029 1987 peccato
1069 1934 1108 1972 et
1127 1927 1320 1986 judicio.

303 2035 391 2076 Rex
431 2035 597 2088 quidam
640 2040 748 2087 erat,
791 2037 859 2089 qui
899 2037 1044 2077 statuit
1086 2050 1159 2091 pro
1199 2036 1301 2090 lege,
1342 2037 1449 2090 quod
1489 2037 1633 2078 victori
1674 2037 1724 2078 de
1765 2037 1870 2079 bello

185 2107 374 2148 redeunti
412 2106 529 2147 fieret
567 2106 718 2161 triplex
759 2107 888 2148 honor
928 2112 968 2148 et
1007 2111 1089 2148 tres
1122 2107 1321 2149 molestie.
1375 2107 1538 2150 Primus
1579 2108 1723 2161 honor,
1763 2108 1871 2162 quod

187 2177 332 2219 victori
366 2175 492 2231 [2952]
538 2177 731 2219 obviabat
763 2179 938 2233 populus
979 2192 1070 2219 cum
1110 2179 1258 2220 leticia.
1317 2178 1542 2232 Secundus,
1583 2179 1690 2233 quod
1730 2193 1871 2221 omnes

187 2248 339 2303 captivi
381 2261 544 2289 currum
585 2249 671 2302 ejus
714 2249 852 2302 ligatis
895 2250 1083 2291 manibus
1124 2254 1164 2291 et
1201 2250 1374 2305 pedibus
1421 2254 1531 2292 retro
1579 2250 1868 2305 sequebantur.

187 2320 354 2361 Tercius
390 2319 531 2372 honor,
566 2320 673 2373 quod
706 2321 874 2361 indutus
907 2321 1047 2362 tunica
1069 2321 1184 2363 Jovis
1219 2322 1388 2364 sedebat
1410 2322 1451 2363 in
1474 2335 1610 2375 curru,
1643 2334 1764 2375 quem
1786 2326 1871 2363 tra-

185 2391 338 2432 hebant
371 2394 546 2444 quatuor
578 2391 671 2444 equi
705 2391 786 2433 albi
820 2397 859 2432 et
891 2392 1116 2434 ducebatur
1147 2407 1276 2447 usque
1310 2393 1361 2434 ad
1383 2392 1646 2447 Capitolium.
1694 2392 1755 2434 Ne
1778 2405 1869 2434 cum

185 2461 264 2502 hiis
297 2462 519 2503 honoribus
554 2461 862 2504 oblivisceretur
895 2463 971 2515 sui,
1004 2464 1209 2518 triplicem
1244 2463 1474 2505 molestiam
1509 2464 1725 2518 oportebat
1754 2464 1867 2506 illum

187 2533 401 2574 sustinere.
451 2531 591 2573 Prima
625 2537 698 2585 est,
741 2534 847 2587 quod
881 2548 971 2575 cum
1006 2548 1052 2576 eo
1087 2535 1316 2590 ponebatur
1355 2535 1397 2576 in
1429 2548 1552 2576 curru
1584 2535 1749 2589 quidam
1785 2549 1893 2577 ser-·

186 2603 278 2644 vilis
311 2603 574 2656 condicionis,
608 2608 653 2644 ut
685 2605 852 2646 daretur
885 2619 978 2660 spes
1010 2606 1177 2648 cuilibet
1211 2610 1586 2660 quantumcumque
1609 2606 1702 2648 vilis
1731 2606 1870 2648 condi-

187 2675 314 2715 cionis
354 2675 570 2729 pervenire
609 2675 659 2715 ad
699 2676 823 2717 talem
865 2677 1059 2718 honorem
1101 2678 1135 2718 si
1168 2677 1352 2732 probitas
1385 2680 1625 2718 mereretur.
1681 2676 1870 2719 Secunda

186 2745 374 2786 molestia
415 2750 514 2793 erat,
558 2746 665 2799 quod
705 2747 781 2788 iste
821 2761 962 2789 servus
1003 2762 1096 2789 eum
1135 2747 1435 2803 colaphizabat,
1475 2762 1526 2790 ne
1564 2748 1687 2790 nimis
1727 2762 1869 2803 super-

186 2815 305 2868 biret,
340 2821 380 2858 et
411 2816 593 2858 dicebat:
627 2817 758 2858 Nosce
790 2822 829 2859 te
862 2820 997 2872 ipsum
1032 2823 1072 2860 et
1103 2819 1186 2860 noli
1220 2819 1432 2873 superbire
1465 2819 1514 2861 de
1547 2824 1661 2861 tanto
1693 2819 1868 2861 honore!

186 2886 358 2941 Respice
392 2893 485 2942 post
516 2892 556 2929 te
589 2893 629 2929 et
660 2888 867 2930 hominem
902 2894 942 2932 te
974 2903 1063 2932 esse
1095 2892 1319 2932 memento!
1370 2890 1514 2932 Tereia
1548 2890 1735 2932 molestia
1767 2894 1868 2944 erat,

281 2969 320 3001 11
350 2969 491 3012 poterit]
520 2975 603 3015 orig).
629 2970 776 3014 poteris.
