1954 3137
179 168 243 211 16.

180 311 244 352 17.

180 452 245 495 18.

180 595 245 636 19.

178 737 245 778 20.

179 1022 247 1063 22.

179 1164 247 1206 23.

181 1308 248 1349 24.

183 1449 251 1492 25.

183 1593 251 1635 26.

185 1735 253 1777 27.

185 1878 253 1920 28.

186 2164 254 2206 30.

188 2306 255 2347 31.

189 2449 256 2489 32.

190 2590 257 2631 33.

191 2731 258 2772 34.

192 2872 260 2914 35.

989 62 1045 104 70

293 167 446 210 Narrat
479 167 667 210 eusebius
700 168 740 210 in
774 168 948 211 cronicis
981 168 1029 210 de
1062 167 1239 222 quodam
1270 168 1520 225 imperatore
1552 168 1619 224 qui
1642 168 1852 224 populum.

295 238 532 291 (Coriolan.)
580 239 650 280 lat.
681 240 774 281 137.

293 310 450 363 Regina
482 310 656 364 quedam
690 311 876 366 concepit
897 309 1026 352 filium
1050 310 1099 352 de
1122 323 1238 353 servo
1261 310 1427 353 rustico.
1479 309 1707 361 (Zweierlei
1728 310 1854 364 tuch.)

291 381 363 422 lat.
388 382 455 423 26.

293 452 522 507 Imperator
554 452 721 506 quidam
746 455 833 494 erat
856 451 897 493 in
920 452 1034 507 cujus
1058 452 1231 507 imperio
1255 456 1343 495 erat
1364 452 1529 507 quidam
1554 452 1684 495 miles.
1731 451 1855 504 (Wei-

292 523 446 565 nendes
479 523 707 575 hiindlein.)
755 523 825 565 lat.
851 524 918 565 23.

293 593 411 636 Miles
444 594 609 648 quidam
644 598 732 636 erat
764 595 832 649 qui
864 594 1036 636 intravit
1067 594 1251 650 egiptum
1281 594 1488 648 cogitabat
1509 594 1614 649 quod
1639 594 1709 637 ibi.
1758 592 1858 646 (Gut

295 666 566 716 anvertraut.)
614 665 685 707 lat.
713 667 807 707 118.

294 735 467 786 Quidam
500 736 621 777 homo
655 740 743 778 erat
776 737 844 791 qui
876 736 1042 778 unicum
1074 735 1204 777 filium
1237 735 1415 778 habebat
1446 737 1510 778 cui
1543 741 1637 792 post
1667 739 1855 778 mortem.

296 807 548 859 (Oelf'asser.)
598 821 691 863 app.
717 808 784 849 50.

237 912 245 920 .
295 877 469 928 Quidam
501 878 728 933 imperator
761 881 850 920 erat
882 878 951 933 qui
983 878 1128 920 statuit
1160 892 1234 934 pro
1256 878 1344 932 lege
1369 879 1476 933 quod
1498 879 1643 921 victori
1666 878 1716 921 de
1737 877 1855 921 bello.

296 948 543 1004 (Triumph.)
591 949 661 991 lat.
688 950 755 991 30.

294 1020 434 1062 Refert
473 1033 619 1062 seneca
660 1021 767 1075 quod
806 1020 849 1062 in
888 1020 1128 1076 corporibus
1172 1021 1386 1064 venenosis
1427 1024 1598 1077 propter
1637 1021 1856 1064 maliciam.

296 1091 566 1143 (Wurmfrei.)
614 1092 684 1133 lat.
710 1092 777 1134 32.

295 1162 399 1205 Erat
437 1163 603 1218 quidam
643 1164 870 1218 imperator
911 1163 979 1217 qui
1018 1176 1143 1204 unam
1184 1163 1363 1218 puellam
1404 1163 1616 1219 pulchram
1657 1164 1701 1205 in
1731 1162 1857 1206 filiam

296 1234 483 1277 habebat.
534 1234 662 1289 (Kopf
690 1234 807 1288 hoch,
839 1234 984 1286 blind.)
1033 1248 1127 1290 app.
1152 1235 1220 1277 51.

295 1305 464 1360 Legitur
503 1305 552 1347 de
591 1305 754 1348 vulture
794 1319 886 1347 cum
926 1306 1130 1361 acceperit
1169 1306 1339 1362 predam
1380 1319 1497 1348 suam
1540 1306 1700 1361 probat.
1765 1304 1859 1353 (Ge-

297 1376 580 1432 wichtprobe.)
629 1390 722 1432 app.
747 1377 816 1419 52.

298 1449 469 1503 Legitur
500 1448 542 1489 in
575 1448 701 1501 gestis
732 1462 999 1490 romanorum
1032 1449 1138 1504 quod
1171 1448 1266 1491 talis
1300 1452 1388 1492 erat
1416 1448 1680 1491 consuetudo.
1729 1448 1860 1500 (Frie-

299 1520 560 1571 denslamm.)
606 1519 676 1561 lat.
702 1520 770 1561 35.

299 1592 425 1635 Miser
456 1591 549 1633 vide
581 1591 831 1646 principium
864 1590 1044 1633 medium
1077 1594 1117 1633 et
1149 1590 1272 1632 finem
1306 1594 1346 1634 et
1376 1591 1560 1634 invenies
1585 1590 1693 1646 quod
1715 1590 1860 1646 plenus

302 1678 356 1706 es.
407 1662 519 1715 (Was
551 1662 606 1704 ist
637 1662 709 1704 der
740 1662 939 1714 mensch.)
986 1662 1057 1704 lat.
1082 1664 1149 1704 36.

300 1734 471 1788 Legitur
509 1734 551 1775 in
590 1733 765 1775 cronicis
808 1734 915 1787 quod
951 1734 1127 1789 populus
1160 1747 1355 1776 romanus
1387 1733 1650 1789 columpnam
1683 1746 1860 1775 marmo-

301 1820 427 1848 ream.
476 1804 665 1856 (Caesars
698 1805 1014 1856 todeszeichen.)
1061 1805 1131 1847 lat.
1157 1806 1225 1847 97.

300 1876 471 1930 Legitur
504 1876 612 1931 quod
644 1879 830 1930 tempore
862 1876 1036 1918 hainrici
1068 1875 1333 1932 imperatoris
1363 1876 1480 1918 tercii
1504 1875 1677 1931 quedam
1700 1874 1858 1916 civitas.

302 1947 584 1999 (Brieftaube.)
631 1947 700 1988 lat.
726 1948 793 1988 38.

245 2053 253 2062 .
300 2019 441 2061 Refert
473 2018 694 2060 alexander
727 2018 775 2060 de
807 2018 966 2060 naturis
998 2032 1136 2060 rerum
1170 2019 1279 2074 quod
1309 2018 1496 2073 virgilius
1528 2019 1571 2060 in
1602 2018 1768 2061 civitate
1794 2031 1861 2060 ro-

301 2104 435 2132 mana.
485 2089 654 2142 (Virgils
686 2089 801 2141 hild.)
849 2103 975 2143 germ.
1003 2090 1068 2131 18.

302 2161 417 2203 Vidit
447 2161 487 2213 (i.
508 2175 541 2203 e.
565 2160 692 2212 Dicit)
723 2160 912 2216 ysidorus
934 2161 1038 2203 libro
1062 2161 1287 2204 ethicorum
1310 2161 1419 2216 quod
1439 2161 1483 2203 in
1505 2160 1648 2203 sicilia.
1682 2161 1722 2213 (7
1747 2173 1860 2203 wun-

304 2233 476 2275 derbare
508 2234 693 2282 wasser.)
742 2245 834 2287 app.
860 2232 928 2273 57.

302 2304 365 2346 De
396 2303 630 2345 hominibus
664 2307 727 2345 est
756 2303 1005 2357 loquendum
1036 2304 1145 2346 unde
1177 2304 1277 2346 dicit
1309 2303 1460 2359 plinius
1494 2306 1534 2346 et
1557 2303 1740 2358 agellius.
1789 2303 1860 2356 (15

304 2375 573 2418 wunderbare
605 2375 855 2426 menschen.)
908 2375 978 2417 lat.
1006 2376 1099 2416 175.

303 2447 436 2489 Erant
474 2446 552 2487 duo
592 2445 741 2487 fratres
774 2446 958 2488 carnales
992 2460 1096 2488 unus
1128 2446 1300 2488 clericus
1333 2449 1373 2489 et
1405 2446 1509 2488 alter
1538 2445 1681 2488 laicus.
1744 2445 1862 2498 (Drei

305 2517 590 2568 buchstaben.)
639 2530 764 2570 germ.
790 2518 858 2558 26.

306 2588 554 2642 Sagittarius
588 2587 752 2641 quidam
787 2601 957 2642 parvam
991 2588 1194 2630 aviculam
1219 2589 1385 2645 capiens
1408 2588 1575 2631 nomine
1595 2587 1858 2643 phillomena.

307 2660 423 2712 (Drei
454 2658 692 2701 weisheiten
724 2659 895 2710 lehren.)
942 2658 1012 2700 lat.
1040 2661 1134 2701 167.

307 2729 499 2772 Barlaam
536 2728 708 2784 [narrat]
745 2730 851 2784 quod
881 2734 1071 2785 peccator
1094 2735 1156 2773 est
1177 2731 1324 2773 similis
1346 2730 1502 2773 homini
1524 2729 1593 2784 qui
1616 2742 1707 2771 eum
1728 2728 1859 2771 timet.

309 2801 490 2854 (Honig.)
538 2801 608 2842 lat.
636 2801 729 2842 168.

308 2871 394 2913 Rex
427 2873 625 2913 danorum
658 2875 741 2913 tres
772 2885 889 2926 reges
923 2872 992 2926 qui
1014 2872 1133 2915 stella
1155 2873 1255 2916 duce
1279 2872 1328 2915 ab
1351 2872 1506 2915 oriente
1527 2871 1859 2928 hierosolymam.

309 2943 430 2994 (Heil.
455 2943 541 2985 drei
572 2943 752 2997 konige.)
797 2943 867 2985 lat.
891 2944 959 2984 47.
