1919 3157
858 81 942 122 275

63 187 113 229 ad
135 199 276 243 pacem
301 188 446 229 vocati.
494 186 553 240 [12]
583 187 671 242 lpse
694 187 802 229 enim
826 192 888 228 est
909 200 989 241 pax
1012 188 1153 227 nostra
1174 198 1252 239 que
1275 189 1446 238 utraque
1468 183 1565 225 fecit
1586 195 1731 232 unum;

63 258 113 300 ad
144 257 248 313 Eph.
297 258 361 300 Ab
393 259 482 313 ipso
514 258 699 313 predicta
730 258 900 299 donaria
926 257 1169 312 recepimus,
1202 256 1335 310 primo
1357 255 1538 296 tunicam
1560 253 1733 296 talarem

62 342 117 372 sc.
131 333 264 372 cutem
287 342 403 371 suam
426 329 711 382 dignissimam
734 332 773 371 et
794 332 904 371 certe
921 327 1165 383 polimitam,
1189 327 1285 381 quia
1302 325 1574 380 flagellatione
1591 338 1734 367 cruore

61 404 102 443 et
138 399 267 443 livore
306 403 348 443 et
385 399 477 442 aliis
517 401 642 442 variis
682 400 879 442 livoribus
912 400 1124 441 intextam.
1180 397 1304 451 Cujus
1337 401 1502 439 textura
1532 396 1590 438 nil
1623 395 1735 437 aliud

61 471 183 514 habet
213 471 312 513 nisi:
347 471 497 514 Dimisi
523 472 610 525 tibi,
644 472 739 526 quia
761 471 915 513 redemi
938 474 998 522 te3
1031 483 1082 512 ne
1104 469 1272 523 adjicias
1294 468 1402 510 ultra
1425 467 1577 509 malum
1601 479 1733 520 agere.

60 541 194 596 Vade,
226 542 372 596 inquit,
404 542 488 584 noli
521 543 698 598 amplius
731 555 912 599 peccare.
967 541 1052 584 Hec
1084 544 1146 583 est
1177 540 1316 582 tunica
1347 539 1501 594 Joseph
1533 539 1662 581 tincta
1693 539 1735 579 in

59 613 258 667 sanguine
289 613 394 656 hedi.
442 612 542 656 Gen.
569 627 750 655 xxxvn:
785 614 864 656 Iste
886 613 1073 655 Christus
1106 625 1178 653 rex
1210 614 1350 653 noster
1382 610 1494 653 dedit
1525 610 1642 652 nobis
1670 622 1735 651 co-

59 697 203 726 ronam
234 683 575 738 gloriosissimam
608 698 663 727 sc.
688 685 784 727 dum
818 698 892 741 pro
924 684 1042 726 nobis
1075 682 1205 725 voluit
1236 682 1444 735 coronari,
1483 685 1523 723 et
1553 694 1647 723 vere
1679 680 1736 722 ibi

59 755 311 798 invenimus:
343 756 408 798 Ex
440 770 506 798 me
536 760 608 799 tua
629 756 820 810 dignitas.
869 756 985 798 Unde
1007 754 1150 797 scribit
1171 754 1222 796 de
1243 754 1324 795 ista
1345 766 1498 794 corona
1518 751 1610 793 Joh.
1631 764 1734 793 xix:

58 826 202 869 Exivit
232 827 372 870 Ihesus
398 832 567 883 portans
590 841 782 870 coronam
806 828 1004 883 spineam.
1054 825 1242 868 Christus
1266 825 1394 867 eciam
1418 828 1480 866 est
1500 836 1736 879 propugna-

59 902 123 941 tor
153 902 305 952 noster,
339 899 408 954 qui
440 899 553 941 dedit
583 899 700 941 nobis
734 913 859 941 unum
893 897 1090 940 annulum
1122 910 1176 938 sc.
1200 896 1387 938 foramen
1410 895 1553 937 dextre
1575 907 1735 947 manus,

59 974 100 1012 et
130 983 225 1013 vere
256 970 314 1012 ibi
346 984 564 1026 possumus
596 971 822 1027 percipere,
855 970 914 1012 sic
945 969 1143 1024 scriptum
1179 972 1258 1010 est:
1293 967 1431 1009 Dilexi
1455 970 1508 1020 te,
1542 966 1653 1008 disce
1675 965 1736 1007 di-

57 1040 197 1095 ligere.
245 1041 416 1097 Apocal.
442 1043 594 1097 primo:
637 1042 795 1085 Dilexit
828 1055 901 1083 nos
934 1044 975 1083 et
1004 1040 1107 1082 lavit
1137 1053 1211 1081 nos
1244 1053 1268 1081 a
1299 1038 1477 1094 peccatis
1509 1037 1662 1079 nostris
1693 1037 1736 1078 in

59 1113 258 1166 sanguine
289 1126 374 1155 suo,
424 1112 612 1155 Christus
644 1114 846 1156 mediator
874 1115 1013 1154 noster
1035 1110 1148 1153 dedit
1169 1110 1287 1152 nobis
1311 1109 1435 1152 alium
1458 1108 1656 1151 annulum
1679 1121 1733 1150 sc.

57 1183 242 1226 foramen
281 1184 447 1226 sinistre
485 1198 652 1239 manus,
691 1185 762 1227 ubi
803 1183 941 1226 videre
981 1196 1201 1238 possumus
1234 1181 1453 1237 scriptum:
1494 1179 1600 1230 Quid
1630 1179 1736 1222 feci?

59 1255 283 1310 quantum?
322 1255 474 1311 quare?
527 1255 633 1306 Quid
671 1256 776 1298 feci?
827 1254 1032 1310 Meipsum
1074 1253 1284 1296 exinanivi
1321 1253 1498 1294 formam
1530 1251 1638 1294 servi
1670 1263 1737 1293 ac-

57 1327 226 1383 cipiens.
281 1326 513 1378 Quantum?
559 1327 693 1370 Deum
725 1328 802 1370 feci
835 1326 1055 1368 hominem.
1111 1325 1270 1375 Quare?
1317 1323 1372 1366 Ut
1402 1323 1611 1366 hominem
1642 1336 1736 1378 per-

58 1398 188 1442 ditum
219 1398 478 1441 redimerem.
525 1398 588 1441 De
620 1399 683 1441 his
715 1399 847 1441 tribus
879 1397 1050 1440 Zachar.
1075 1410 1171 1439 x1v:
1205 1395 1291 1446 Que
1323 1398 1418 1436 sunt
1448 1395 1527 1436 iste
1551 1394 1672 1450 plage
1693 1394 1736 1436 in

57 1470 192 1513 medio
229 1483 426 1513 manuum
458 1470 649 1512 tuarum?
700 1469 755 1511 Et
785 1469 1009 1525 respondet
1040 1468 1199 1510 dicens:
1242 1464 1316 1508 His
1348 1465 1538 1521 plagatus
1572 1479 1661 1507 sum
1693 1465 1737 1506 in

57 1541 177 1584 domo
208 1541 386 1595 illorum,
420 1541 490 1596 qui
522 1555 587 1583 me
620 1541 865 1584 dilexerunt.
914 1539 1102 1582 Christus
1133 1539 1261 1581 frater
1293 1541 1432 1580 noster
1463 1541 1526 1579 est
1557 1540 1598 1579 et
1627 1536 1736 1578 filius

56 1613 166 1667 regis
201 1613 345 1656 eterni.
400 1612 526 1655 Dedit
556 1612 673 1654 nobis
705 1613 878 1654 tercium
912 1611 1109 1653 annulum
1141 1623 1196 1652 sc.
1219 1610 1405 1651 foramen
1437 1608 1573 1650 dextri
1605 1608 1734 1664 pedis.

55 1683 111 1726 Et
142 1684 240 1739 quid
270 1684 329 1727 ibi
358 1684 458 1726 nisi:
492 1683 651 1726 Nobilis
685 1698 740 1737 es,
774 1683 1031 1726 nobilitatem
1063 1686 1177 1724 tuam
1207 1694 1259 1723 ne
1283 1684 1563 1735 contempnas.
1613 1679 1737 1722 Simi-

54 1755 149 1798 liter
180 1755 368 1798 Christus
400 1760 462 1798 est
491 1769 712 1809 germanus
744 1759 907 1809 noster,
948 1757 988 1797 et
1019 1754 1133 1796 dedit
1162 1752 1280 1795 nobis
1313 1755 1505 1807 quartum
1539 1750 1735 1793 annulum

56 1840 111 1870 sc.
133 1827 319 1870 foramen
351 1826 508 1869 sinistri
540 1826 678 1882 pedis,
719 1826 763 1868 in
795 1840 873 1881 quo
907 1826 1106 1881 scriptum
1139 1828 1219 1867 est:
1263 1823 1445 1877 Accede,
1485 1836 1535 1865 ne
1567 1823 1734 1865 timeas!

55 1898 200 1942 Frater
230 1902 326 1941 tuus
357 1911 462 1940 sum.
511 1897 698 1940 Christus
731 1902 793 1940 est
823 1901 963 1940 noster
995 1909 1191 1953 sponSUS,
1225 1895 1295 1950 qui
1327 1894 1440 1937 dedit
1470 1894 1588 1936 nobis
1622 1893 1736 1948 sigil-

55 1969 140 2013 lum
173 1983 251 2025 quo
284 1969 426 2025 sponsi
457 1969 662 2012 hereditas
695 1968 1015 2012 confirmabatur
1047 1967 1209 2021 collata,
1246 1966 1287 2008 id
1321 1969 1384 2008 est
1414 1965 1562 2007 vulnus
1593 1964 1735 2008 lateris

57 2042 119 2084 sui
158 2055 248 2084 cum
282 2040 425 2083 lancea
455 2041 710 2096 perforatum
741 2044 912 2096 propter
943 2039 1117 2082 nimium
1150 2039 1353 2091 amorem,
1392 2050 1471 2092 quo
1503 2040 1544 2079 te
1576 2036 1732 2078 dilexit.

55 2111 110 2154 Et
141 2112 239 2167 quid
269 2111 326 2154 ibi
358 2112 459 2154 nisi:
492 2111 586 2154 Jam
618 2112 835 2167 conjuncta
866 2125 908 2154 es
940 2111 1042 2153 mihi
1073 2123 1147 2166 per
1168 2108 1508 2162 misericordiam,
1540 2107 1625 2149 noli
1650 2120 1735 2149 am-

56 2183 164 2239 plius
196 2195 378 2239 peccare.
430 2182 676 2225 Studeamus
709 2197 818 2237 ergo,
852 2183 1068 2235 carissimi,
1101 2181 1209 2223 dona
1241 2180 1299 2223 sic
1329 2179 1483 2221 munda
1514 2179 1734 2232 custodire,

57 2254 164 2309 quod
200 2254 405 2310 possimus
437 2254 572 2297 dicere
603 2254 705 2296 illud
735 2253 930 2297 Matthei:
970 2253 1167 2306 Domine,
1209 2252 1388 2306 quinque
1420 2250 1576 2292 talenta
1607 2249 1734 2292 tradi-

57 2325 153 2367 disti
178 2325 290 2367 mihi.
337 2325 393 2368 Et
415 2326 474 2368 sic
495 2326 584 2368 sine
606 2325 728 2368 dubio
751 2325 978 2381 poterimus
1000 2337 1175 2378 regnare
1195 2324 1238 2365 in
1261 2322 1402 2366 celesti
1423 2322 1592 2376 gremio,
1626 2321 1734 2377 quod

56 2396 173 2439 nobis
204 2399 392 2452 prestare
424 2397 616 2451 dignetur
655 2394 790 2453 [pater
821 2400 862 2439 et
891 2395 1032 2450 filius].

810 2625 911 2668 CAP.
937 2627 976 2668 2.

299 2714 373 2759 De
415 2714 725 2759 misericordia
763 2718 803 2758 et
837 2714 889 2758 de
927 2713 1129 2772 coqnatis
1163 2711 1485 2758 subveniendis.

1761 470 1782 503 cx

1764 827 1807 862 10

1764 1186 1807 1221 15

1763 1545 1808 1579 20

1762 1901 1806 1936 25

1759 2259 1804 2293 30

173 2821 289 2864 Titus
325 2822 533 2876 regnavit,
567 2822 636 2876 qui
668 2821 814 2863 statuit
845 2834 918 2875 pro
950 2820 1039 2874 lege
1070 2819 1145 2862 sub
1177 2833 1284 2876 pena
1314 2819 1477 2871 mortis,
1518 2817 1625 2872 quod
1657 2816 1731 2859 filii
1755 2827 1800 2861 35

57 2896 248 2947 parentes
280 2905 376 2935 suos
408 2893 577 2935 alerent.
625 2891 790 2935 Accidit
819 2904 954 2944 casus,
988 2891 1096 2946 quod
1128 2894 1247 2933 erant
1276 2890 1355 2932 duo
1386 2889 1535 2931 fratres
1567 2901 1618 2931 ex
1648 2901 1730 2930 uno

30 2994 32 2997 -
57 2966 187 3018 patre.
243 2963 357 3006 Unus
391 2963 522 3006 filium
553 2963 732 3006 habebat
762 2968 803 3006 et
832 2962 936 3005 vidit
966 2962 1214 3004 avunculum
1247 2974 1365 3004 suum
1398 2963 1608 3014 egentem3
1648 2963 1730 3002 sta-

1374 3035 1450 3071 18*
