1949 3162
1033 85 1116 128 626

239 191 467 234 delacerare
499 194 539 232 et
569 203 661 232 cum
694 190 881 233 dentibus
914 191 1120 233 coriadere
1152 204 1279 244 usque
1312 190 1361 232 ad
1394 203 1497 232 ossa.
1546 190 1676 233 Mater
1708 191 1793 246 ejus
1825 191 1901 233 hoc

239 262 406 304 audiens
453 275 652 304 venenum
693 262 729 304 ei
773 262 1025 317 propinavit,
1068 266 1107 304 et
1152 274 1240 302 cum
1282 264 1486 314 gustasset
1524 262 1659 304 emisit
1697 262 1899 318 spiritum.

237 332 359 375 Pater
389 333 464 375 hoc
496 333 665 375 audiens
699 333 804 388 quod
837 336 968 375 mater
998 332 1126 374 filium
1160 332 1319 385 occidit,
1353 345 1441 374 eam
1467 345 1603 374 coram
1629 333 1767 387 judice
1798 347 1901 388 pun-

237 403 341 446 tavit
376 407 416 447 et
453 407 663 458 tamquam
702 404 948 446 homicidam
988 403 1204 445 accusavit.
1261 402 1384 445 ludex
1424 417 1518 445 vero
1552 417 1638 446 eam
1671 404 1832 446 vocavit
1862 408 1902 446 et

236 478 354 530 pater
384 475 464 517 tale
496 475 650 517 crimen
689 489 778 517 eam
819 475 1025 528 arguebat.
1084 474 1157 516 llla
1189 488 1282 516 vero
1322 474 1362 515 in
1395 474 1470 516 hac
1500 474 1633 516 forma
1669 474 1899 530 respondit:

236 546 423 600 Domine,
455 546 562 588 filius
594 560 707 588 meus
740 546 909 600 singulis
933 546 1072 587 diebus
1107 546 1272 600 propria
1294 545 1476 587 membra
1508 545 1746 588 dilaceravit
1772 559 1901 600 usque

237 617 288 659 ad
319 631 430 671 ossa,
471 631 596 671 quare
627 631 775 672 penam
808 617 1120 659 intollerabilem
1155 616 1367 666 sustinuit3
1408 616 1482 657 hoc
1514 629 1586 670 ego
1619 616 1759 658 videns
1791 616 1899 670 cogi-

235 688 394 730 tabam:
427 687 505 730 heu
536 687 637 729 mihi
659 689 754 743 quia
776 689 885 729 omni
908 688 972 730 die
1003 702 1128 743 penas
1161 687 1232 729 filii
1263 687 1343 729 mei
1375 688 1433 729 sic
1455 687 1584 740 video,
1617 690 1657 729 et
1686 688 1766 729 ista
1795 700 1903 742 pena

237 762 455 814 antequam
486 759 686 802 moriatur
718 759 785 801 diu
818 759 965 801 durare
998 760 1158 814 poterit.
1216 757 1309 800 Ideo
1342 758 1486 800 melius
1523 762 1604 812 est,
1643 758 1766 801 finem
1797 771 1900 814 pene

235 830 315 873 cito
348 830 458 883 dare,
491 844 613 885 quam
647 831 706 872 sic
737 834 820 872 tam
854 831 922 871 diu
957 843 1207 885 permanere,
1241 833 1281 871 et
1311 829 1401 871 ideo
1433 829 1470 871 ei
1501 843 1700 872 venenum
1734 829 1826 872 dedi
1857 834 1903 872 ut

234 901 313 944 cito
346 901 395 943 de
426 901 506 944 ista
537 915 644 957 pena
674 902 826 956 poterit
848 901 1076 943 deliberari.
1117 901 1261 943 ludex:
1295 901 1374 942 ista
1404 901 1616 956 responsio
1647 900 1772 954 nulla,
1806 900 1902 955 quia

233 972 452 1026 ignorasti,
493 973 526 1014 si
558 973 656 1014 deus
695 973 730 1014 ei
762 973 937 1026 gratiam
970 973 1165 1025 dedisset,
1212 972 1291 1014 cito
1330 971 1378 1013 de
1417 972 1496 1013 ista
1529 971 1719 1027 passione
1750 970 1901 1014 delibe-

234 1043 317 1085 rari
356 1047 396 1085 et
433 1043 651 1085 sanitatem
689 1044 893 1098 recipere,
933 1048 973 1086 et
1015 1057 1106 1085 cum
1146 1044 1264 1084 homo
1303 1042 1398 1085 licet
1437 1043 1535 1085 deus
1568 1056 1659 1085 eum
1691 1056 1770 1084 non
1803 1042 1900 1084 visi-

233 1118 362 1157 tasset
392 1114 601 1169 proprium
635 1114 763 1155 filium
796 1115 978 1157 occidere
1010 1128 1089 1156 non
1122 1114 1350 1166 debuisses,
1392 1114 1486 1168 quia
1524 1118 1763 1169 preceptum
1794 1113 1898 1155 divi-

233 1199 331 1227 num
371 1190 452 1228 est:
495 1199 575 1227 non
615 1185 796 1239 occidaS,
836 1189 876 1228 et
912 1186 1002 1228 ideo
1042 1187 1137 1240 quia
1168 1186 1282 1227 illum
1320 1185 1525 1238 occidisti,
1567 1185 1642 1227 hoc
1680 1189 1720 1227 te
1745 1184 1898 1239 judico,

234 1257 512 1312 suspendendi
543 1257 584 1298 in
618 1256 813 1311 patibulo.

351 1329 561 1370 Recine-tio.
609 1327 840 1381 Karissimi,
873 1328 989 1369 miles
1015 1328 1091 1370 iste
1114 1332 1175 1370 est
1196 1328 1383 1369 dominus
1406 1331 1545 1369 noster
1566 1327 1705 1369 lhesus
1727 1325 1897 1381 Gristus,

231 1398 339 1440 filius
371 1403 433 1441 est
463 1399 723 1452 christianus,
757 1399 826 1453 qui
856 1398 1015 1441 laborat
1036 1399 1220 1441 membra
1242 1413 1315 1440 sua
1346 1399 1582 1452 dilacerare,
1614 1398 1652 1440 h.
1677 1411 1710 1440 e.
1734 1410 1897 1440 carnem

233 1483 347 1512 suam
380 1483 453 1525 per
478 1470 647 1524 jejunia,
680 1470 840 1523 vigilias
873 1474 913 1511 et
944 1470 1181 1524 disciplinas
1213 1483 1439 1522 macerare3
1472 1470 1547 1512 hoc
1579 1469 1721 1511 videns
1753 1472 1897 1522 mater,

233 1554 287 1583 sc.
321 1541 496 1582 mundus
527 1540 604 1582 iste
644 1541 816 1582 multum
849 1541 959 1583 dolet
999 1541 1151 1583 homini
1189 1555 1388 1583 venenum
1430 1554 1484 1583 sc.
1518 1540 1659 1582 mundi
1697 1540 1898 1582 vanitates

232 1626 305 1668 per
337 1625 436 1667 quas
474 1612 594 1654 homo
635 1625 731 1667 sepe
771 1612 1040 1667 spiritualiter
1077 1613 1119 1654 in
1153 1613 1290 1654 anima
1321 1612 1431 1655 dolet
1462 1615 1501 1655 et
1530 1611 1705 1654 moritur
1737 1611 1897 1666 quando

235 1684 341 1725 viam
375 1683 598 1739 penitentie
630 1683 800 1726 dimittit
831 1684 938 1738 quod
969 1687 1031 1725 est
1060 1683 1291 1726 dolendum.

906 1930 1004 1985 218,
1038 1944 1138 1985 app.
1164 1931 1234 1973 2⁶2.

351 2036 532 2086 Quedam
554 2037 701 2079 mulier
718 2040 805 2079 erat
822 2038 986 2080 nomine
1006 2036 1208 2091 [Medusa]
1228 2036 1398 2092 pulchra
1420 2036 1537 2078 valde
1558 2039 1599 2079 et
1619 2035 1745 2079 oculis
1766 2035 1897 2078 homi-

234 2121 331 2148 num
349 2108 542 2161 gratiosa,
561 2108 604 2149 in
622 2112 781 2150 tantum
799 2108 906 2162 quod
929 2109 978 2150 ad
1001 2122 1181 2150 amorem
1199 2111 1317 2150 erant
1337 2107 1454 2150 multi
1470 2108 1629 2150 incitati
1645 2107 1754 2149 ultra
1775 2120 1896 2162 quam

235 2178 344 2220 credi
375 2182 524 2234 potest,
558 2183 598 2221 et
629 2179 697 2233 qui
728 2180 771 2220 in
804 2193 892 2221 eam
918 2180 1193 2234 respiciebant
1213 2182 1258 2220 ut
1279 2179 1494 2221 videbatur
1521 2179 1563 2220 in
1585 2178 1765 2234 lapidem
1787 2191 1897 2220 com-

234 2250 382 2291 mutati
403 2254 515 2302 sunt3
549 2254 636 2291 erat
661 2250 825 2304 quidam
858 2250 975 2292 miles
1007 2251 1171 2293 nomine
1203 2263 1370 2305 perseus
1403 2251 1472 2304 qui
1503 2263 1594 2291 cum
1615 2249 1691 2292 hoc
1717 2250 1898 2292 audisset

234 2333 325 2363 cum
363 2321 492 2376 clipeo
531 2321 767 2376 crystallino
807 2335 848 2363 se
887 2322 1066 2377 protexit
1100 2326 1145 2365 ut
1184 2335 1272 2364 eam
1312 2322 1469 2364 videret
1508 2325 1548 2364 et
1578 2334 1666 2364 eam
1699 2333 1790 2364 cum
1820 2320 1896 2363 fal-

235 2395 324 2434 cato
357 2405 452 2434 cnse
482 2391 704 2433 interemit.

352 2464 562 2505 Reductz‘o.
611 2462 849 2517 Kal-issimi,
888 2464 967 2506 ista
1007 2464 1154 2506 mulier
1193 2468 1255 2506 est
1293 2464 1456 2506 luxuria
1487 2477 1565 2518 que
1596 2476 1639 2506 se
1669 2463 1894 2505 formosam

233 2532 352 2587 fingit
382 2533 570 2575 omnibus
601 2533 833 2577 hominibus
866 2548 954 2577 eam
986 2535 1377 2590 concupiscentibus.
1432 2534 1512 2577 Sed
1545 2535 1614 2589 qui
1644 2547 1733 2577 eam
1764 2534 1906 2590 inspi-=

235 2604 347 2646 ciunt
376 2604 417 2646 in
449 2604 605 2659 lapides
638 2609 953 2660 commutantur,
987 2606 1082 2661 quia
1113 2606 1236 2648 corda
1265 2606 1576 2648 libidinosorum
1606 2619 1680 2662 per
1711 2605 1893 2648 dilectio-

234 2688 329 2716 nem
358 2675 524 2716 indurat
555 2675 604 2716 ab
636 2675 712 2717 hac
743 2676 925 2719 muliere.
957 2676 1130 2719 Perseus
1162 2676 1280 2719 miles
1312 2677 1535 2719 cristallino
1568 2677 1696 2732 clipeo
1729 2690 1772 2720 se
1799 2690 1894 2732 pro-

235 2745 339 2787 texit
383 2746 478 2800 quia
522 2745 584 2786 vir
622 2745 740 2788 fortis
780 2747 989 2801 speculum
1030 2748 1224 2789 virtutum
1272 2748 1486 2790 intendens
1533 2748 1583 2790 ab
1628 2748 1704 2790 hoo
1740 2748 1892 2790 intuitu

236 2815 393 2858 vultum
424 2815 557 2858 cordis
590 2816 759 2870 avertit,
798 2818 905 2860 facto
947 2822 1082 2861 autem
1113 2819 1192 2861 isto
1227 2819 1375 2861 falcato
1409 2832 1505 2861 ense
1535 2819 1755 2873 interemit,
1797 2819 1892 2874 quia

236 2899 326 2927 eam
357 2887 503 2930 timore
534 2887 663 2929 eterni
693 2886 800 2940 ignis
833 2901 856 2930 a
887 2902 930 2930 se
962 2889 1125 2931 abcidit.
