1919 3157
875 75 957 118 557

802 199 905 242 CAP.
933 199 1027 241 169.

408 286 483 331 De
519 287 752 332 duodecim
789 285 957 346 leyibus
994 291 1035 331 et
1067 286 1201 330 modo
1238 286 1427 330 vivendi.

195 394 359 436 Narrat
384 394 546 450 Troyus
569 395 793 451 Pompejus
825 395 874 436 de
902 395 1080 450 Liyurio
1112 393 1245 435 nobili
1277 394 1415 445 milite,
1450 395 1524 449 qui
1554 395 1758 435 civitatem

78 466 289 522 quandam
321 482 412 507 cum
441 467 598 522 populo
621 467 772 520 jurare
801 467 1027 517 india-erat,
1061 466 1118 506 ad
1148 466 1394 506 servandum
1427 465 1531 520 [eyes
1554 466 1758 520 quasdam

66 537 206 591 justas
238 545 275 578 et
304 538 422 578 utiles
456 539 547 579 licet
572 540 788 594 principio
819 552 982 593 97·aces,
1016 538 1143 578 donec
1163 538 1254 592 ipse
1278 536 1328 577 ab
1352 537 1578 592 Appolline
1599 536 1755 588 deifico,

78 623 196 664 quem
226 610 316 664 ipse
337 609 464 662 [ἱππ-ἵε
495 624 578 650 esse
609 618 816 649 (amtorem
838 610 1045 649 dictarum
1069 609 1216 663 (egsum,
1250 622 1493 664 responsum
1517 615 1754 663 reportaret.

79 679 170 732 Quo
191 680 314 734 sacto
345 682 391 720 in
423 678 579 721 Cretam
612 682 689 721 icit
729 689 766 722 et
803 680 864 720 ibi
895 688 1143 736 perpetuum
1182 680 1352 720 e.1·z'limu
1391 681 1492 735 θρίω
1532 680 1757 719 moriturus

76 758 226 803 autem,
260 766 353 792 ossa
384 767 461 792 sua
493 753 549 792 ad
579 753 783 792 civitatem
813 752 1007 803 redirent,
1042 759 1078 793 et
1100 766 1236 792 omnes
1269 767 1296 791 a
1316 750 1555 803 juramento
1588 764 1628 790 se
1660 749 1757 790 lihe-

74 836 146 862 ras
178 837 262 863 esse
293 823 497 863 credentes
530 823 661 878 leyum
695 822 994 863 observantiam
1018 822 1232 863 violarent.
1282 821 1447 863 Harum
1469 829 1603 862 autem
1625 821 1759 876 Zeyum

76 893 292 934 duodecim
322 909 490 935 nume-ro
524 902 642 935 erant
653 910 665 943 ;
692 896 835 949 prima
869 894 953 948 Iesse
981 894 1185 950 populum
1215 895 1260 934 in
1292 892 1487 948 obsequia
1512 893 1758 948 principum

75 971 113 1005 et
148 966 362 1020 principes
401 967 446 1006 in
485 966 713 1006 custodiam
751 965 1009 1006 subditorum
1049 973 1086 1007 et
1124 966 1180 1006 ad
1217 965 1494 1006 cohercionem
1533 964 1758 1018 impiorum

75 1035 321 1090 reformavit
331 1052 344 1085 ;
383 1037 563 1077 secunda
602 1037 686 1092 lesse
711 1038 1023 1092 parcimoniam
1053 1045 1090 1078 et
1115 1036 1412 1092 frufsalitatem
1444 1034 1631 1076 omnibus
1658 1048 1757 1090 per-

75 1109 227 1159 suasit,
269 1108 436 1148 credens
474 1108 673 1149 miliciam
711 1107 966 1149 laudabilius
994 1108 1096 1161 fieri
1130 1109 1352 1158 modestia,
1396 1121 1522 1162 quam
1560 1105 1758 1161 crapula,-

75 1180 202 1220 tercia
241 1179 325 1235 leqe
353 1179 483 1233 jussit
519 1180 687 1235 sinyula
723 1195 806 1220 non
838 1181 1041 1235 pecunia,
1087 1180 1158 1220 sed
1193 1180 1435 1220 meritorum
1473 1178 1757 1233 compensione

75 1258 336 1306 opportuna,·
377 1259 527 1306 quarta
568 1252 652 1307 leye
691 1253 854 1292 institui
892 1266 1042 1291 aurum
1080 1258 1117 1291 et
1153 1258 1388 1306 arqentum,
1429 1248 1536 1289 velut
1575 1248 1757 1288 omnium

73 1323 343 1363 materiarum
379 1323 569 1364 viliorem
578 1339 591 1373 ;
632 1324 778 1378 quinta
809 1323 1213 1363 administrationem
1241 1322 1306 1362 rei
1327 1319 1496 1376 publice
1527 1333 1609 1375 per
1640 1319 1755 1360 ordi-

71 1382 163 1434 nem
194 1393 360 1446 divisit,
394 1395 499 1434 dans
529 1393 695 1450 reyibus
721 1401 965 1450 potestatem
998 1393 1218 1443 bellorum,
1255 1390 1567 1447 maqistratibus
1588 1390 1756 1443 judicia

73 1471 110 1505 et
147 1479 282 1505 omnes
321 1465 585 1520 offensiones,
627 1468 791 1506 senatui
829 1466 1059 1507 custodiam
1098 1464 1256 1520 leyum,
1292 1462 1454 1519 populo
1494 1462 1666 1502 creandi
1693 1461 1758 1502 vel

73 1535 253 1591 eliyendi
301 1538 571 1592 mayistratus
619 1544 884 1592 potestatem,·
937 1544 1050 1577 seaeta
1083 1536 1274 1590 fundum
1321 1533 1508 1575 omnibus
1555 1532 1757 1588 equaliter

1782 544 1804 578 5

1784 897 1827 932 10

1785 1255 1827 1289 15

73 1607 216 1649 divisit
247 1615 284 1648 et
314 1607 501 1649 omnibus
527 1609 800 1663 patrimoniis
832 1607 1062 1663 equalibus,
1095 1608 1156 1648 ita
1179 1606 1291 1661 quod
1320 1606 1424 1646 alter
1455 1605 1584 1646 altero
1614 1603 1755 1644 nullus
1781 1611 1827 1645 20

66 1680 278 1734 potentior
307 1680 569 1728 redderetur,·
607 1681 781 1735 septima
802 1679 934 1733 jussit
965 1693 1101 1720 omnes
1134 1678 1349 1719 convivari
1372 1675 1541 1732 publice
1571 1690 1621 1716 ne
1651 1674 1756 1716 alter

72 1750 196 1791 alteri
212 1750 332 1804 foret
362 1765 489 1791 causa
521 1751 705 1800 lua-urim
739 1758 895 1803 octava,
919 1749 1143 1804 juvenibus
1174 1757 1255 1790 toto
1278 1763 1388 1789 anno
1410 1763 1496 1788 una
1516 1747 1605 1788 sola
1625 1746 1755 1787 voluit

71 1823 136 1862 uti
162 1829 291 1872 veste;
327 1837 462 1874 nona,
497 1837 653 1878 pueros
678 1837 888 1878 pauperes
920 1823 964 1863 in
996 1836 1146 1877 aarum
1174 1835 1260 1861 non
1288 1821 1335 1860 in
1360 1819 1513 1873 forum
1537 1817 1755 1874 publicum

72 1893 222 1934 deduci
239 1893 383 1947 jussit,
421 1890 540 1946 [144]
570 1901 616 1934 ut
639 1895 804 1949 primos
836 1908 966 1935 annos
998 1894 1191 1934 ducerent
1219 1893 1265 1933 in
1297 1905 1431 1947 opere,
1464 1904 1549 1931 non
1579 1891 1625 1930 in
1655 1889 1754 1930 levi-

72 1972 152 2006 tate
162 1980 175 2014 ,-
215 1965 375 2006 decima
413 1965 497 2020 leqe
528 1966 671 2006 statuit
700 1966 880 2020 viryines
912 1965 999 2005 sine
1030 1965 1122 2005 dote
1158 1962 1311 2018 nubere
1319 1978 1333 2012 ,·
1369 1963 1588 2003 undecima
1624 1960 1756 2002 voluit
1780 1966 1825 2002 25

71 2051 221 2077 umores
252 2036 351 2092 eliyi
378 2051 464 2077 non
488 2037 692 2091 pecunia5
725 2037 969 2077 duodecima
996 2037 1224 2076 mammam
1244 2034 1440 2075 honorem
1459 2048 1544 2074 non
1564 2033 1752 2084 divitum,

72 2108 144 2149 sed
167 2122 250 2164 pro
279 2108 419 2163 yradu
451 2108 567 2148 etatis
599 2109 743 2149 statuit
761 2107 874 2162 fore.
927 2106 1055 2149 Omne
1085 2114 1233 2159 autem,
1268 2106 1381 2161 quod
1403 2118 1647 2160 quacunque
1671 2103 1755 2159 leye

72 2180 229 2231 statuit,
262 2180 352 2234 ipse
376 2193 460 2234 pro
493 2178 676 2234 e-z‘emplo
709 2179 807 2220 aliis
833 2180 1000 2235 primus
1032 2179 1221 2219 servavit.

190 2247 427 2301 Car-issimi,
466 2250 542 2290 iste
571 2249 722 2291 nobilis
763 2258 821 2291 cst
861 2251 1052 2291 dominus
1089 2256 1227 2290 noster
1258 2248 1403 2289 Ihesus
1435 2245 1640 2298 Christus,
1682 2246 1757 2300 qui

70 2322 245 2363 intravit
266 2321 479 2376 quandam
501 2322 704 2362 civitatem
723 2322 751 2362 i.
777 2336 808 2362 e.
832 2322 1032 2362 mundum
1052 2322 1177 2362 istum
1197 2328 1235 2361 et
1253 2319 1363 2374 fecit
1386 2317 1596 2375 populum
1605 2316 1756 2370 jurare
1779 2325 1826 2360 30

71 2393 99 2434 i.
132 2407 162 2434 e.
193 2394 238 2434 in
278 2392 482 2448 baptismo
516 2392 696 2444 firmiter
735 2394 979 2448 promittere
1017 2407 1182 2433 servare
1221 2392 1328 2447 leyes
1366 2404 1462 2431 suas
1500 2391 1527 2430 i.
1559 2403 1589 2430 e.
1621 2389 1756 2429 decem

66 2472 279 2520 precepta,
313 2464 440 2504 donec
469 2464 624 2504 veniret
655 2464 712 2504 ad
731 2463 952 2517 judicium.
1007 2461 1107 2505 Cum
1140 2471 1275 2504 autem
1304 2469 1490 2503 mortuus
1523 2467 1632 2512 erat,
1671 2473 1756 2501 non

73 2543 231 2576 tantum
261 2549 374 2587 ossa,
415 2535 487 2575 sed
517 2542 645 2576 totum
676 2549 826 2590 corpus
857 2536 903 2576 in
934 2536 1045 2575 mari
1072 2536 1100 2575 i.
1126 2549 1156 2576 e.
1179 2535 1226 2575 in
1257 2541 1369 2575 terra
1393 2533 1549 2588 posuit.
1606 2530 1756 2572 Prima

74 2605 138 2647 lex
168 2613 227 2647 est
253 2607 301 2646 in
332 2605 571 2661 obsequium
595 2606 842 2661 principum
873 2613 942 2647 etc.
978 2606 1053 2647 hoc
1085 2613 1155 2657 est,
1197 2605 1310 2660 quod
1339 2602 1568 2645 Christiani
1597 2616 1757 2657 semper

73 2684 167 2718 sunt
191 2678 342 2732 parati
363 2691 445 2732 per
476 2677 616 2717 omnia
643 2677 818 2731 prelatis
850 2685 885 2718 et
916 2678 1180 2718 ecclesiarum
1208 2675 1437 2718 rectoribus
1467 2675 1555 2715 sine
1586 2687 1755 2714 exi-cusa·
1779 2683 1825 2718 35

73 2749 182 2790 tione
211 2755 249 2789 et
279 2748 423 2803 aliqua
456 2748 780 2789 contradictione
819 2748 1062 2803 simpliciter
1099 2746 1284 2799 obedire,
1327 2755 1364 2788 et
1396 2746 1508 2800 quod
1543 2745 1753 2800 princeps,

66 2833 148 2875 per
179 2833 281 2874 quos
305 2819 494 2874 prelatos
523 2818 806 2873 intelliyimus,
841 2820 916 2873 qui
945 2833 1089 2859 curam
1125 2820 1362 2859 animarum
1393 2816 1757 2857 custodiendarum

73 2897 351 2946 susceperunt,
384 2889 570 2931 subditos
600 2904 696 2930 suos
727 2890 772 2930 in
802 2891 915 2930 viam
935 2889 1080 2930 salutis
1113 2889 1300 2945 diriyant
1331 2895 1368 2929 et
1391 2901 1472 2943 per
1495 2886 1603 2928 bona
1624 2901 1756 2928 exem-

48 2960 147 3016 ·pla
175 2962 222 3002 in
251 2963 338 3002 vita
367 2976 444 3002 sua
475 2975 541 3002 eos
573 2961 828 3013 antecedant,
863 2962 963 3016 quia
