1919 3157
861 105 947 146 493

710 226 812 268 CAP.
842 228 934 269 138.
967 230 1099 279 (lt-30.)

60 307 135 353 De
181 308 268 354 illis
326 324 439 369 quos
495 313 751 358 austeritate
809 316 982 359 vincere
1028 331 1121 361 non
1162 332 1424 376 possennus,
1480 320 1747 381 beniym'tate

765 412 1035 456 superemus.

174 487 277 530 Erat
309 489 474 542 quidam
509 505 581 532 rex
614 493 779 535 nomine
812 493 967 548 Medro,
1001 496 1069 549 qui
1103 496 1267 537 unicum
1301 496 1429 539 filium
1464 499 1641 544 habebat
1672 502 1742 545 he-

57 557 210 600 redem.
259 558 387 602 Filius
420 561 579 604 dimisit
611 569 785 618 patrem,
819 570 988 620 propter
1021 566 1095 608 hoc
1127 571 1245 622 pater
1276 581 1366 609 eum
1401 570 1571 623 fugavit.
1616 572 1741 615 Facto
1768 580 1789 614 5

56 628 133 671 hoc
163 629 270 672 filius
308 630 414 684 fugit
452 633 502 674 ad
535 647 672 686 regem
707 634 926 678 Persarum
967 638 1179 680 inimicum
1222 645 1262 681 et
1301 641 1480 683 emulum
1514 644 1644 697 patris
1677 645 1741 686 sui

56 704 96 742 et
135 702 319 744 narravit
359 703 395 745 ei
428 704 535 757 quod
567 718 659 747 cum
693 719 739 748 eo
771 720 814 749 se
846 713 1004 750 teneret
1041 723 1170 764 usque
1202 710 1253 752 ad
1287 716 1462 753 mortem
1495 714 1606 755 omni
1637 719 1741 757 tem-

54 784 155 826 pore
187 776 227 814 et
258 777 366 815 esset
397 780 566 829 paratus
604 777 638 818 si
670 790 835 820 necesse
867 783 975 821 esset
1005 785 1149 822 contra
1181 786 1340 836 patrem
1373 796 1491 824 suum
1526 786 1739 840 proprium

54 841 218 885 bellare.
283 844 464 887 Tandem
513 852 648 889 ortum
697 854 759 891 est
806 850 955 892 bellum
997 852 1105 894 inter
1142 852 1272 895 dictos
1315 867 1453 907 regeS,
1502 856 1571 910 qui
1615 857 1739 899 simul

53 922 352 969 pugnaverunt.
401 918 565 960 Accidit
597 919 703 972 quod
735 919 877 963 Medio
910 936 982 963 rex
1005 924 1187 976 graviter
1217 924 1504 967 vulneraretur
1538 940 1665 982 usque
1686 929 1738 971 ad
1767 935 1808 969 10

52 986 264 1039 sanguinis
297 985 548 1030 effusionem.
598 988 713 1039 Quod
745 991 852 1034 filius
883 993 968 1047 ejus
1001 995 1267 1037 considerans
1301 997 1439 1038 statim
1474 999 1655 1040 cucurrit
1687 1000 1736 1041 ad

50 1061 212 1112 patrem
262 1064 303 1100 et
347 1060 548 1114 pugnavit
586 1074 660 1115 pro
701 1075 746 1103 eo
787 1069 931 1106 contra
970 1063 1121 1120 [libb]
1167 1067 1379 1109 dominum
1421 1082 1538 1110 suum
1580 1070 1737 1113 scilicet

50 1141 188 1182 regem
221 1128 441 1172 Persarum
476 1137 516 1173 et
547 1133 646 1175 vicit
679 1147 784 1176 euin.
838 1134 924 1185 Quo
957 1136 1064 1178 facto
1098 1137 1287 1180 dominus
1320 1153 1418 1180 suus
1452 1153 1544 1181 eum
1578 1141 1737 1184 dimisit

50 1212 111 1253 eo,
145 1200 253 1255 quod
284 1214 367 1242 non
398 1203 531 1245 tenuit
562 1209 742 1259 pactum,
777 1210 817 1248 et
848 1206 937 1262 ipse
968 1208 1092 1250 rediit
1123 1209 1173 1250 ad
1206 1215 1365 1265 patrem
1400 1216 1441 1253 et
1473 1212 1633 1254 veniam
1660 1213 1735 1255 hu-

49 1270 204 1314 militer
243 1272 391 1327 petivit
430 1278 471 1316 et
510 1274 688 1318 obtinuit
726 1282 767 1319 et
805 1277 863 1320 sic
904 1291 986 1333 pax
1024 1280 1250 1323 reformata
1291 1287 1332 1324 et
1362 1282 1399 1324 ei
1431 1282 1640 1327 hereditas
1672 1290 1734 1327 est
1761 1291 1803 1325 15

46 1343 251 1392 restituta.

166 1413 394 1468 Carissimi‚
426 1415 495 1457 isti
517 1417 597 1458 duo
619 1431 735 1471 reges
759 1424 854 1461 sunt
875 1420 974 1463 deus
998 1426 1038 1463 et
1059 1422 1260 1465 diabolus.
1297 1423 1360 1466 De
1381 1426 1516 1480 primo
1537 1425 1646 1469 Jere.
1665 1441 1729 1470 1v:

46 1483 248 1527 Dominus
270 1485 359 1541 ipse
381 1491 443 1529 est
464 1487 563 1529 deus
587 1489 728 1531 vivens
751 1495 791 1532 et
811 1505 884 1533 rex
902 1493 1192 1548 sempiternus.
1226 1494 1288 1538 De
1311 1497 1489 1539 secundo
1505 1496 1598 1540 Job.
1618 1512 1728 1541 XLv:

44 1554 137 1611 Ipse
169 1561 232 1598 est
261 1570 333 1599 rex
357 1571 481 1613 super
502 1571 643 1602 omnes
665 1559 770 1604 filios
802 1563 1006 1618 superbie.
1057 1564 1137 1607 Sed
1169 1567 1328 1621 primus
1351 1581 1424 1610 rex
1452 1568 1608 1611 scilicet
1629 1570 1729 1612 deus

46 1625 167 1669 habet
197 1627 327 1669 filium
360 1629 517 1672 scilicet
546 1631 729 1673 animam
761 1632 1004 1689 humanam,
1039 1649 1117 1691 que
1147 1638 1305 1681 tociens
1338 1639 1493 1682 recedit
1524 1654 1549 1682 a
1580 1641 1655 1684 deo
1688 1646 1729 1684 et
1754 1646 1799 1681 20

43 1697 199 1751 obligat
237 1712 280 1741 se
317 1699 480 1742 diabolo
521 1703 715 1757 quociens
753 1706 976 1748 committit
1009 1712 1219 1762 peccatum
1255 1710 1440 1753 mortale.
1497 1710 1578 1753 Sed
1617 1716 1728 1755 certe

40 1769 75 1811 si
111 1769 218 1812 filius
251 1770 320 1813 ille
352 1771 527 1814 voluerit
558 1774 765 1817 recordari
799 1775 908 1819 illius
942 1777 1051 1832 belli,
1085 1780 1192 1834 quod
1225 1780 1414 1824 Christus
1446 1782 1543 1825 fecit
1573 1797 1648 1839 pro
1679 1797 1726 1827 eo

40 1844 184 1883 contra
215 1841 424 1884 diabolum
457 1858 586 1899 usque
619 1846 669 1887 ad
702 1848 915 1901 sanguinis
948 1848 1210 1906 effusionem,
1252 1856 1298 1894 ut
1339 1867 1430 1895 eum
1466 1867 1490 1895 a
1522 1858 1726 1909 potestate

39 1911 192 1954 diaboli
214 1912 394 1968 eriperet
415 1917 455 1956 et
476 1915 536 1957 sic
567 1917 753 1970 cogitans
785 1919 963 1962 voluerit
994 1935 1037 1964 se
1069 1922 1144 1964 deo
1168 1923 1386 1966 humiliare
1410 1928 1450 1967 et
1471 1924 1521 1967 de
1542 1927 1724 1981 peccatis

38 1983 200 2025 veniam
240 1989 381 2040 petere
418 1987 571 2042 poterit
610 2002 751 2031 secure
790 1990 841 2032 ad
873 1991 995 2034 deum
1036 1994 1230 2037 accedere
1262 1999 1303 2037 et
1323 1995 1606 2039 'hereditatem
1640 1998 1723 2040 vite
1750 2006 1794 2040 25

38 2057 176 2097 eterne
208 2056 432 2110 acquirere.
486 2056 727 2101 Psalmista:
769 2060 831 2103 Tu
864 2075 920 2116 es,
953 2064 1022 2118 qui
1052 2065 1246 2108 restitues
1279 2067 1552 2111 hereditatem
1584 2082 1718 2112 meam

36 2124 162 2168 michi
194 2130 269 2169 etc.

672 2360 774 2404 CAP.
802 2363 896 2404 139.
931 2365 1064 2417 (131.)

593 2447 666 2492 De
701 2448 958 2496 vulneribus
996 2454 1155 2497 anime.

148 2549 385 2595 Alexander
416 2554 619 2609 regnavit,
652 2548 731 2609 quiv
747 2556 974 2600 dominium
997 2560 1127 2602 tocius
1150 2561 1294 2604 mundi
1317 2563 1507 2606 obtinuit.
1551 2565 1717 2609 Accidit
1741 2575 1787 2610 30

32 2620 157 2663 semel
189 2622 297 2676 quod
328 2624 526 2678 grandem
549 2627 774 2668 exercitum
807 2628 972 2683 collegit
1002 2635 1043 2673 et
1074 2632 1280 2686 quandam
1304 2634 1514 2678 civitatem
1540 2637 1714 2679 circum-

31 2688 163 2746 dedit,
203 2696 244 2735 et
281 2694 324 2736 in
357 2695 498 2738 eodem
531 2696 620 2739 1000
660 2697 797 2753 plures
830 2699 983 2743 milites
1023 2705 1064 2744 et
1105 2702 1206 2746 alios
1238 2705 1328 2748 sine
1359 2705 1527 2749 vulnere
1560 2708 1711 2752 amisit.

31 2758 134 2804 Cum
165 2776 260 2806 vero
293 2765 343 2808 de
374 2766 451 2809 hoc
482 2768 658 2810 multum
690 2769 932 2825 miraretur,
974 2771 1245 2829 philozophos
1277 2777 1440 2818 vocavit
1471 2781 1512 2819 et
1543 2778 1601 2820 ait
1632 2780 1710 2822 eis:

31 2829 65 2873 Ο
85 2835 287 2889 magistri,
321 2838 524 2891 quomodo
555 2840 709 2894 poterit
729 2840 805 2882 hoe
827 2855 929 2895 esse,
962 2843 1070 2897 quod
1097 2845 1232 2887 subito
1255 2847 1344 2889 sine
1366 2847 1535 2890 vulnere
1560 2849 1711 2892 milites

29 2902 110 2945 mei
147 2906 399 2950 moriuntur:
438 2909 497 2951 At
534 2909 594 2951 illi
626 2911 838 2954 dixerunt:
878 2911 1030 2955 Mirum
1067 2928 1150 2957 non
1182 2921 1263 2970 est;
1306 2923 1369 2960 est
1400 2918 1507 2960 enim
1542 2920 1709 2974 quidam
1736 2930 1781 2965 35

55 2980 58 2983 ’
123 2985 165 3019 10
190 2986 324 3031 Medi-o]
351 2995 437 3035 oriy.
454 2989 583 3026 Medio.
680 2992 725 3026 30
751 2994 928 3038 regnavit]
955 2998 1238 3041 0r1·9.ragnavit.
