1954 3137
160 166 231 209 25.

160 307 229 349 26.

160 447 228 489 27.

160 588 228 630 28.

161 730 229 771 29.

161 871 229 913 30.

161 1012 229 1054 31.

161 1153 229 1196 32.

161 1296 229 1337 33.

163 1437 231 1479 34.

164 1579 232 1620 35.

165 1720 233 1761 36.

167 1860 236 1902 37.

169 2000 237 2042 38.

170 2141 238 2183 39.

170 2281 241 2323 40.

172 2421 242 2462 41.

172 2561 242 2602 42.

174 2700 244 2741 43.

176 2839 246 2880 44.

980 60 1037 101 20

278 165 341 208 De
375 168 551 219 quatuor
582 164 796 206 heremitis
830 167 870 206 et
902 163 1126 205 virtutibus
1159 176 1313 205 eorum.
1363 162 1535 216 Legitur
1566 162 1610 203 in
1641 161 1748 204 vitas
1781 174 1856 217 pa-

278 239 402 278 trum.
453 234 635 283 (Grosste
666 234 853 288 tugend.)
903 247 998 289 app.
1027 235 1062 274 1.

277 305 340 348 De
371 305 515 359 regina
547 318 625 359 que
656 308 742 347 tres
773 305 882 347 filios
915 317 964 346 ex
998 302 1202 346 adulterio
1236 306 1277 346 et
1307 307 1500 358 quartum
1535 303 1585 345 de
1613 301 1772 345 semine
1793 313 1857 344 re-

278 377 341 430 gis
373 375 547 430 peperit.
597 375 770 424 Quidam
807 389 892 418 rex.
944 373 1207 427 (Schiessen.)
1260 373 1330 416 lat.
1355 374 1424 416 45.

278 446 341 488 De
372 446 463 487 fure
496 449 537 487 et
567 445 731 500 hospite
764 449 805 488 et
835 459 964 488 uxore
996 444 1208 498 vigilante.
1256 443 1433 494 Quidam
1458 443 1524 485 fur
1546 446 1647 485 erat.
1697 441 1859 494 (Mond-

278 515 440 567 strahl.)
489 515 560 557 lat.
590 516 684 557 136.

277 587 340 629 De
378 586 510 628 milite
553 586 622 640 qui
657 586 760 628 semi
794 586 1011 628 ambulans
1045 590 1086 628 et
1118 585 1221 627 semi
1254 584 1444 638 equitans
1477 583 1591 626 venit
1622 582 1674 625 ad
1705 595 1857 637 regem.

278 657 453 707 Quidam
488 656 620 698 miles.
671 655 796 707 (Halb
830 657 1041 710 geritten.)
1087 657 1158 699 lat.
1183 657 1277 698 124.

278 728 341 770 De
374 727 533 769 duobus
564 726 763 769 fratribus
797 727 944 769 clerico
979 731 1019 768 et
1049 727 1181 782 layco.
1231 725 1365 768 Erant
1386 724 1466 766 duo
1488 724 1638 767 fratres
1659 722 1859 766 carnales.

280 798 397 849 (Drei
429 797 714 848 buohstaben.)
764 811 891 851 germ.
918 798 986 839 26.

279 869 342 911 De
374 869 508 910 tribus
541 868 706 921 regibus
741 869 810 922 qui
834 868 1002 909 domino
1026 880 1198 909 munera
1220 866 1471 909 obtulerunt.
1519 865 1607 908 Rex
1629 864 1859 908 Danorum.

279 939 403 990 (Heil.
429 939 516 981 drei
548 939 731 992 konige.)
779 938 849 979 lat.
874 939 943 979 47.

278 1011 342 1053 De
373 1009 553 1062 Zelongo
585 1009 839 1064 imperatore
871 1012 912 1051 et
943 1008 1026 1050 filio
1060 1022 1133 1051 suo
1164 1009 1234 1063 qui
1256 1007 1473 1050 defloravit
1493 1020 1617 1048 unam
1642 1006 1860 1060 virginem.

278 1081 421 1123 Refert
442 1080 645 1122 Valerius.
696 1079 944 1131 (Zaleucus.)
991 1080 1062 1121 lat.
1088 1080 1156 1121 50.

277 1152 341 1194 De
370 1151 611 1193 allexandro
644 1164 795 1204 magno
826 1154 867 1192 et
895 1164 997 1206 poro
1024 1164 1121 1205 rege
1143 1150 1352 1192 Indorum.
1392 1147 1649 1190 Allexander
1671 1160 1860 1201 magnus.

280 1222 492 1275 (Geschirr
526 1221 719 1272 stehlen.)
770 1222 866 1262 198.

277 1294 341 1336 De
374 1293 479 1348 Tyto
520 1296 560 1334 et
588 1291 763 1344 Virgilio
803 1295 844 1333 et
885 1294 1024 1333 statua
1057 1294 1098 1333 et
1129 1290 1239 1333 Foca
1269 1289 1399 1332 fabro.
1457 1289 1588 1345 Tytus
1619 1288 1664 1330 in
1695 1287 1864 1330 civitate

278 1377 464 1407 romana.
516 1362 695 1414 (Focas.)
742 1362 814 1404 lat.
839 1362 908 1404 57.

280 1436 343 1478 De
376 1434 633 1476 confessione
663 1436 704 1475 et
724 1436 954 1488 peccatore.
998 1432 1230 1486 Senegarus
1254 1431 1484 1486 imperator
1505 1429 1707 1484 regnavit.
1748 1428 1867 1480 (Drei

281 1506 553 1558 wahrheiten,
585 1504 695 1554 frei.)
742 1504 813 1545 lat.
838 1505 907 1545 58.

282 1577 346 1619 De
378 1576 629 1632 probacione
651 1574 856 1616 malorum
883 1577 923 1616 et
945 1573 1161 1616 bonorum.
1210 1571 1414 1615 Ezechias
1445 1570 1648 1625 regnavit.
1698 1569 1867 1622 (Baum-

285 1648 412 1698 erbe.)
461 1660 588 1700 germ.
616 1646 684 1687 81.

282 1718 345 1760 De
377 1717 558 1759 Jonatha
599 1716 669 1770 qui
709 1715 854 1757 habuit
892 1715 975 1756 tria
1013 1713 1126 1770 palia
1169 1711 1380 1767 [jocalia]
1438 1711 1592 1754 Darius
1623 1711 1865 1767 imperator.

285 1788 518 1841 (Jonathas7
553 1787 641 1829 drei
674 1786 1002 1839 wunschdinge.)
1049 1785 1120 1827 lat.
1149 1784 1245 1825 120.

284 1858 348 1901 De
379 1859 510 1900 nimia
541 1857 860 1912 presumpcione
892 1860 933 1899 et
963 1855 1056 1898 ideo
1081 1858 1303 1897 correctus.
1353 1851 1602 1895 Jovinianus
1623 1851 1866 1907 imperator.

286 1928 582 1980 (Jovinianus.)
629 1928 700 1969 lat.
726 1927 795 1968 59.

286 1999 350 2041 De
382 1998 466 2040 filio
491 1998 705 2040 forstuarii
728 2010 850 2051 quem
872 1997 1101 2051 imperator
1123 1994 1256 2037 voluit
1278 1993 1476 2036 occidere.
1519 1991 1701 2035 Hanibal
1721 2004 1870 2046 regna-

285 2070 358 2112 vit.
409 2068 595 2121 (Redde.)
642 2068 713 2110 lat.
739 2068 807 2109 20.

286 2139 350 2181 De
383 2139 492 2181 dulci
524 2138 705 2180 melodia
737 2141 778 2179 et
810 2137 1017 2192 piscatore
1050 2138 1091 2178 et
1121 2135 1345 2177 sibilatore.
1394 2132 1596 2189 Tyberius
1617 2133 1662 2175 in
1686 2132 1867 2175 civitate.

288 2208 490 2261 (Goldene
524 2209 674 2263 angel.)
720 2207 791 2249 lat.
820 2207 888 2248 85.

289 2279 353 2321 De
375 2279 549 2322 Claudio
580 2280 833 2334 imperatore
855 2277 970 2331 cujus
992 2276 1121 2318 filiam
1145 2275 1266 2318 duxit
1288 2275 1493 2318 Socrates.
1535 2273 1732 2316 Claudius
1753 2285 1868 2327 regn.

291 2349 500 2401 (Socrates
533 2349 769 2399 heirathet.)
817 2361 945 2401 germ.
971 2347 1040 2388 57.

290 2419 354 2462 De
375 2419 619 2462 Florentina
651 2432 728 2473 que
761 2418 943 2460 animam
972 2417 1121 2470 signat.
1171 2415 1312 2471 Gayus
1334 2415 1537 2469 regnavit.
1582 2412 1870 2466 (Florentina.)

290 2489 361 2532 lat.
387 2490 455 2531 62.

290 2559 354 2602 De
395 2572 601 2614 campana
640 2562 681 2602 et
719 2561 911 2614 serpente
951 2561 992 2600 et
1017 2556 1188 2611 judicio.
1243 2554 1499 2598 Theodosius
1529 2553 1575 2595 in
1606 2553 1775 2597 civitate
1805 2565 1871 2596 ro-
1950 2552 1954 2555 ’

293 2642 428 2671 mana.
479 2629 818 2683 (Riigenglocke.)
861 2629 932 2670 lat.
960 2627 1056 2670 105.

293 2698 356 2740 De
393 2699 513 2741 leone
552 2702 593 2742 et
631 2698 750 2742 leena
787 2698 1020 2740 adulterata
1051 2709 1146 2739 cum
1176 2695 1387 2751 leopardo
1439 2693 1624 2747 Legitur.
1679 2692 1872 2746 (Lowin.)

292 2769 365 2810 lat.
393 2769 489 2810 181.

293 2838 358 2880 De
398 2842 487 2880 orto
528 2852 647 2893 quem
691 2852 791 2893 aper
822 2838 1030 2880 destruxit
1061 2840 1102 2879 et
1133 2837 1184 2878 de
1215 2838 1401 2878 extremo
1427 2833 1599 2888 judicio.
1656 2834 1871 2889 Troyanus

294 2908 339 2949 in
370 2908 550 2950 civitate.
600 2909 727 2960 (Eber
759 2908 865 2951 ohne
896 2908 1026 2960 herz.)
1073 2907 1145 2949 lat.
1171 2907 1238 2948 83.
