1919 3157
851 69 931 110 421

60 175 171 217 dicta
211 174 295 217 tilia
335 175 502 217 veniens
547 175 597 216 ad
638 175 790 216 fontem
833 174 989 216 occulte
1030 173 1253 228 bibensque
1292 173 1341 216 de
1382 173 1450 216 illo
1491 173 1633 217 effecta
1673 178 1735 216 est

60 246 235 302 leprosa.
300 245 534 300 Percipiens
567 246 640 287 hoc
674 245 791 287 miles
821 245 960 287 dolore
982 245 1163 301 repletus
1195 245 1355 298 fugiens
1387 258 1478 287 cum
1512 245 1652 288 eadem
1686 244 1735 287 de

60 317 227 371 regione
266 317 316 358 ad
348 316 554 359 desertum
597 318 890 370 inveniensque
923 316 1074 358 ibidem
1107 330 1234 358 unum
1267 315 1533 357 reclusorium
1570 315 1736 371 pulsans

61 387 249 430 manibus
295 388 405 429 intus
455 388 695 429 heremitam
745 387 946 442 quendam
998 388 1209 429 inveniens
1256 400 1428 428 narrans
1474 387 1550 428 sibi
1599 386 1738 428 omnia

59 459 167 501 facta
201 463 455 514 prenarrata,
489 459 671 513 dansque
704 458 901 500 heremita
928 459 1037 500 dicto
1059 458 1180 500 militi
1204 471 1347 499 sanum
1372 457 1586 499 consilium
1612 457 1736 499 dixit:
1763 463 1784 497 5

61 529 174 572 Vade
213 529 265 571 ad
303 534 506 578 montem,
555 543 673 584 quem
715 534 997 572 monstravero
1041 529 1129 571 tibi.
1200 528 1387 570 Invenies
1427 528 1606 583 lapidem
1647 541 1739 569 cum

62 600 177 654 virga
209 600 408 654 quadam,
445 605 485 642 et
516 614 606 641 cum
641 601 750 643 dicta
782 601 897 654 virga
931 601 1139 655 percucies
1171 599 1348 655 lapidem
1385 599 1545 651 acriter,
1578 598 1739 640 fortiter

62 675 102 713 et
133 671 347 724 audacter,
388 671 517 713 donec
548 671 699 713 habeas
732 671 781 713 de
813 685 859 713 eo
894 670 1181 713 humiditatem
1215 675 1256 713 et
1284 670 1507 724 liquorem3
1547 682 1636 711 cum
1670 668 1739 710 illo

60 741 219 796 liquore
250 742 332 784 line
364 756 452 784 eam
487 748 527 784 et.
559 755 740 796 perunge
772 755 860 784 eam
894 746 934 784 et
964 741 1034 784 fiet
1065 756 1166 784 sana
1198 746 1239 784 et
1270 741 1485 797 pristinam
1514 739 1739 795 pulchritu-

62 813 198 856 dinem
246 814 430 869 accipiet.
507 812 759 868 Faciensque
806 814 1013 868 predictus
1061 814 1166 856 sicut
1210 813 1285 855 sibi
1328 813 1491 854 dixerat
1528 811 1739 864 heremita,
1768 816 1811 850 10

61 884 146 926 filia
176 885 285 939 regis
317 885 534 940 pristinam
569 884 787 926 sanitatem
822 889 861 926 et
893 885 1241 940 pulchritudinem
1275 883 1432 938 recipit.

179 957 465 998 Moralimcio.
544 954 777 1008 Carissimi,
827 956 904 997 iste
950 969 1021 997 rex
1070 959 1131 997 est
1179 955 1367 996 dominus
1413 957 1552 995 noster
1600 952 1740 994 Ihesus

63 1025 270 1080 Christus,
313 1027 381 1081 qui
415 1040 584 1082 peregre
617 1026 823 1081 profectus
857 1027 882 1068 i.
907 1040 939 1069 e.
981 1026 1151 1068 reddere
1190 1025 1329 1068 volens
1370 1025 1477 1080 patri
1517 1038 1588 1065 suo
1627 1023 1740 1076 illud,

64 1097 171 1152 quod
203 1097 253 1140 de
284 1098 507 1153 purissima
540 1097 697 1150 virgine
729 1101 861 1138 matre
893 1110 965 1139 sua
997 1096 1130 1139 Maria
1160 1097 1336 1152 accepit,
1377 1095 1567 1137 videlicet
1603 1107 1741 1136 veram

63 1169 383 1220 humanitatem,
425 1169 494 1223 qui
534 1169 574 1210 in
608 1168 672 1210 die
699 1168 844 1221 judicii
879 1182 1117 1210 reversurus
1157 1172 1230 1210 est.
1299 1166 1378 1209 Per
1415 1166 1541 1208 filiam
1579 1166 1742 1207 unicam
1771 1171 1813 1204 15

66 1240 204 1282 anima
225 1244 381 1293 nostra,
415 1253 492 1294 que
521 1239 655 1282 decies
679 1239 827 1281 clarior
850 1238 934 1281 sole
956 1239 1047 1293 erit,
1081 1243 1299 1293 antequam
1325 1238 1463 1280 veniat
1486 1237 1535 1279 ad
1559 1241 1743 1279 eternam

66 1312 207 1365 vitam,
241 1309 546 1365 [significatur].
609 1310 686 1352 Per
708 1310 882 1352 militem
909 1310 1081 1365 quilibet
1101 1313 1292 1366 peccator
1313 1323 1387 1364 per
1409 1308 1547 1350 omnia
1567 1307 1744 1349 delecta-

66 1386 205 1425 menta
246 1382 366 1437 hujus
403 1382 545 1423 mundi
586 1381 775 1423 videlicet
817 1386 984 1436 peccata
1025 1395 1102 1436 que
1148 1384 1244 1422 sunt
1290 1380 1367 1422 sibi
1414 1379 1561 1421 dulcia.
1638 1377 1745 1420 Filia

66 1453 210 1497 effecta
255 1458 318 1496 est
362 1453 525 1509 leprosa
562 1453 588 1494 i.
616 1466 649 1494 e.
691 1453 869 1507 peccatis
913 1452 1044 1507 plena.
1121 1451 1200 1494 Per
1249 1451 1522 1505 egressionem
1563 1450 1744 1503 regionis

67 1525 238 1580 quilibet
270 1529 461 1580 peccator
490 1524 725 1578 relinquens
759 1523 959 1565 secularia
991 1529 1031 1566 et
1062 1524 1313 1565 transitoria.
1376 1522 1454 1565 Per
1475 1521 1743 1564 reclusorium
1770 1528 1816 1562 20

67 1597 301 1650 ecclesiam,
334 1609 408 1651 per
439 1595 678 1637 heremitam
713 1595 980 1647 sacerdotem,
1014 1595 1226 1637 inveniens
1260 1607 1306 1636 ac
1337 1607 1525 1647 narrans,
1558 1597 1743 1635 sanctam

66 1668 363 1710 confessionem
402 1666 577 1720 faciens,
626 1666 728 1708 dans
775 1666 1013 1720 consilium,
1061 1666 1336 1721 penitenciam
1383 1665 1623 1719 injungens,
1670 1677 1744 1719 per

67 1743 245 1782 montem
286 1752 434 1794 corpus
473 1738 707 1793 proprium,
749 1751 822 1792 per
867 1737 1047 1793 lapidem
1087 1749 1155 1779 cor
1195 1736 1426 1792 lapideum,
1475 1749 1548 1791 per
1583 1736 1743 1789 virgam

67 1811 341 1866 penitenciam
380 1823 594 1862 magnam,
638 1807 828 1850 videlicet
867 1808 1184 1862 castigacionem
1217 1808 1376 1863 proprii
1408 1806 1612 1862 corporis,
1653 1818 1744 1847 ora-

67 1883 204 1924 ciones
226 1881 470 1924 elemosinas
486 1880 645 1934 jejunia
666 1879 832 1932 faciens,
864 1893 937 1934 per
959 1879 1246 1921 humiditatem
1269 1883 1309 1921 et
1329 1878 1530 1932 liquorem
1551 1877 1743 1919 lacrimas
1769 1883 1813 1916 25

69 1953 278 1996 oculorum
312 1964 358 1994 ac
386 1951 570 1993 cordium
593 1950 879 2003 contriciones,
913 1951 1018 1993 sicut
1047 1950 1088 1991 in
1113 1950 1178 1992 die
1194 1949 1340 2004 judicii
1370 1948 1451 1991 fiet.
1515 1948 1603 1990 Tua
1623 1948 1744 1990 unica

67 2023 153 2067 filia
184 2025 209 2066 i.
234 2037 268 2066 e.
302 2023 440 2065 anima
470 2026 543 2064 tua
574 2021 700 2075 salva,
732 2021 913 2063 formosa
945 2035 990 2064 ac
1023 2034 1096 2063 suo
1128 2021 1303 2062 creatori
1335 2020 1521 2074 graciosa
1552 2022 1627 2062 eto.

743 2251 845 2294 CAP.
869 2251 937 2293 95.
972 2252 1075 2303 (87.)

162 2340 297 2400 Quod
334 2339 535 2387 Christus
571 2341 761 2385 restituit
795 2339 923 2384 nobis
959 2338 1241 2383 hereditatem
1277 2351 1467 2396 superne
1493 2337 1655 2396 patrie.

190 2447 278 2503 [77]
312 2447 482 2502 Legitur
514 2447 554 2488 in
586 2447 712 2500 gestis
744 2446 1042 2499 Romanorum,
1085 2445 1190 2500 quod
1224 2448 1313 2487 erat
1344 2443 1508 2499 quidam
1542 2443 1743 2496 tirannus,
1769 2450 1814 2484 30

70 2520 305 2563 Maxentius
336 2519 524 2571 nomine,
558 2519 625 2573 qui
659 2518 767 2560 cives
799 2531 990 2559 romanos
1022 2516 1250 2558 hereditate
1281 2515 1410 2556 voluit
1441 2515 1616 2570 privare.
1680 2513 1744 2555 In-

71 2591 286 2635 cumbente
318 2591 445 2644 igitur
477 2589 627 2631 sevicia
659 2589 824 2644 tyranni
855 2588 1049 2642 fugerunt
1070 2587 1331 2629 exterminati
1355 2586 1407 2628 ad
1429 2585 1742 2628 Constantinum

70 2676 207 2717 regem
241 2662 284 2703 in
311 2661 583 2718 Britanniam.
646 2659 833 2714 Denique
866 2672 955 2701 cum
990 2658 1109 2700 multi
1140 2657 1404 2710 confluerent,
1437 2657 1746 2698 concitaverunt

72 2747 163 2776 eum
197 2733 392 2775 adversus
424 2733 632 2774 tirannum
667 2731 869 2773 dicentes:
909 2729 942 2772 Ο
975 2729 1243 2772 Constantine
1274 2742 1362 2781 reX,
1394 2727 1566 2770 restitue
1597 2740 1670 2768 nos
1701 2726 1742 2768 in

71 2817 241 2858 regnum
289 2805 495 2846 nostrum!
558 2802 621 2844 Ex
669 2802 746 2843 hiis
786 2801 921 2844 verbis
959 2805 1185 2842 commotus
1227 2805 1289 2842 est
1325 2813 1397 2841 rex
1436 2797 1744 2852 Constantinus,
1769 2803 1814 2838 35

74 2875 251 2917 armavit
290 2888 352 2929 se,
393 2873 577 2917 ascendit
608 2886 757 2927 equum
795 2877 836 2915 et
866 2873 1074 2914 tirannum
1109 2872 1352 2927 prostravit,
1392 2873 1432 2911 et
1462 2869 1520 2911 sio
1549 2868 1744 2911 Romanis

29 2992 33 2995 ,
73 2945 339 2989 hereditatem
373 2945 568 2988 restituit.
