1949 3162
1001 93 1086 135 644

205 208 279 250 bus
317 217 508 247 remansa
546 203 674 244 donec
716 201 930 243 veritatem
981 212 1003 240 a
1051 198 1198 239 marito
1247 197 1425 238 audeans
1473 193 1674 248 quomodo
1722 192 1758 234 ei
1805 205 1878 233 rex

205 278 386 329 dixerat,
420 278 459 317 et
489 277 620 316 totum
656 286 679 315 a
710 270 913 327 principio
946 283 1074 323 usque
1106 269 1146 310 in
1179 268 1302 310 finem
1340 266 1537 308 narravit.
1591 263 1776 318 Cumque
1807 262 1879 304 illa

206 347 396 402 cognovit
434 345 541 400 quod
583 348 690 386 esset
728 344 814 397 ejus
861 341 967 382 filius
1009 344 1049 383 et
1096 341 1187 395 ipsa
1233 353 1282 381 ex
1326 339 1411 392 ejus
1452 336 1707 378 sermonibus
1747 337 1878 376 mater

206 420 314 473 ejus,
357 417 476 460 ambo
510 415 561 457 ad
593 419 747 457 terram
789 413 1024 456 ceciderunt
1062 411 1286 453 clamantes
1320 414 1360 452 et
1391 409 1591 450 dicentes:
1631 407 1710 448 heu
1748 404 1878 458 nobis,

207 494 247 534 et
278 491 337 532 ait
367 488 539 531 mulier:
571 500 644 540 ego
676 490 717 528 te
749 484 893 527 infelix
926 483 1082 538 peperi,
1118 496 1191 535 ego
1222 485 1261 524 te
1285 495 1307 523 a
1329 483 1447 536 patre
1468 491 1559 521 meo
1592 477 1773 532 concepi,
1806 489 1879 529 ego

207 567 247 605 te
279 560 521 617 parentibus
554 558 721 611 involvi,
755 569 847 599 ecce
886 554 1105 597 verecundi
1138 557 1280 608 partus
1320 552 1510 605 insignia.
1564 549 1664 591 Post
1694 548 1769 589 hoc
1801 547 1880 588 cito

207 633 382 675 moritur
429 645 502 673 rex
550 633 591 672 et
627 628 755 683 regali
796 641 884 670 cum
930 625 1257 681 elemonysarum
1306 624 1425 679 copia
1470 622 1661 675 largitate
1705 618 1883 661 traditur

210 704 434 760 sepulture,
469 706 510 744 et
548 700 655 742 filius
698 700 747 742 de
779 703 889 742 statu
922 697 1039 751 regni
1072 696 1210 738 omnia
1242 695 1445 750 disposuit
1476 692 1722 748 specialiter.
1770 690 1883 732 Tunc

210 777 412 818 miserunt
441 772 635 816 nunccios
668 770 911 826 imperatori
942 773 988 811 ut
1011 769 1059 810 ad
1085 782 1152 810 eos
1176 768 1347 819 veniret,
1380 769 1420 808 et
1441 766 1574 820 primo
1597 763 1663 805 die
1685 761 1884 804 adventus

212 847 276 889 sui
308 859 471 888 omnem
492 843 798 886 Jocunditatem
832 842 1029 894 fecerunt,
1063 839 1240 881 secundo
1265 838 1329 879 die
1351 837 1463 879 luctu
1496 837 1718 889 occupatur
1740 836 1781 875 et
1800 831 1885 874 filia

209 918 377 960 tandem
425 917 468 958 in
513 915 729 971 presencia
776 914 913 955 mariti
953 913 1244 967 imperatorem
1284 909 1506 963 alloquitur
1551 906 1668 948 flexis
1714 903 1885 958 genibus

212 989 370 1031 dicens:
419 986 451 1029 Ο
492 991 627 1042 pater,
669 999 751 1027 non
791 985 985 1027 debemus
1025 983 1161 1024 divine
1194 981 1360 1036 pietatis
1393 980 1610 1022 immemor
1642 989 1749 1030 esse,
1791 975 1887 1030 quia

212 1060 386 1102 multum
428 1058 576 1100 tenetis
609 1058 703 1108 de03
745 1057 814 1110 qui
854 1056 929 1098 ait:
972 1054 1122 1097 Verum
1157 1054 1257 1095 dicis
1291 1052 1398 1107 quod
1431 1050 1501 1093 tali
1535 1049 1623 1103 regi
1653 1047 1814 1103 nupciis
1846 1050 1887 1088 te

213 1131 400 1187 copulavi
433 1133 473 1172 et
504 1129 679 1171 duorum
711 1141 933 1181 regnorum
964 1126 1126 1168 unicam
1159 1125 1236 1166 feci
1269 1125 1474 1177 reginam,
1508 1134 1679 1176 quorum
1713 1119 1885 1161 alterum

214 1202 401 1257 conjugio
433 1201 633 1257 possides,
668 1199 842 1241 alterum
875 1197 1115 1254 prestolaris
1139 1200 1184 1238 ut
1204 1196 1336 1238 heres,
1371 1195 1484 1236 Tunc
1508 1193 1594 1234 filia
1615 1191 1887 1245 ingemiscens

216 1275 295 1317 ait:
346 1274 426 1315 ista
473 1275 568 1314 sunt
611 1271 751 1313 divina
796 1269 1001 1323 largitatis
1042 1282 1236 1322 munera,
1285 1267 1355 1310 sed
1403 1266 1435 1307 si
1483 1263 1713 1307 recordaris
1757 1261 1887 1304 nostri

215 1345 382 1388 sceleris
430 1344 562 1398 magis
603 1343 824 1385 obnoxium
872 1345 911 1383 te
959 1340 1032 1382 deo
1071 1339 1280 1382 fatebaris.
1346 1338 1469 1380 Pater
1514 1337 1643 1378 iratus
1688 1332 1890 1376 convertit

216 1431 259 1460 se
293 1416 344 1459 ad
374 1429 565 1470 generem
599 1427 716 1456 suum
751 1426 798 1455 ac
830 1412 865 1454 si
897 1411 1112 1453 materiam
1135 1411 1378 1465 ignorasset,
1410 1413 1508 1451 tunc
1538 1407 1624 1449 filia
1645 1406 1767 1448 dixit:
1801 1405 1889 1459 ipse

216 1488 362 1531 melius
409 1488 487 1530 scit
532 1485 734 1541 quomodo
780 1485 916 1539 ipsum
950 1483 1127 1536 genuisti
1166 1486 1283 1538 pater
1330 1494 1379 1522 ex
1417 1479 1502 1521 filia
1532 1479 1598 1520 hic
1642 1481 1724 1531 est,
1769 1488 1887 1531 quem

218 1559 412 1603 abscondi
456 1572 507 1601 ne
546 1558 820 1609 occideretur,
868 1559 913 1598 ut
949 1555 1176 1596 nutriretur
1217 1552 1388 1608 exposui
1426 1554 1467 1593 et
1507 1549 1691 1602 ornatui,
1733 1547 1798 1589 hic
1829 1549 1892 1589 est

219 1646 339 1688 quem
371 1635 443 1673 tua
473 1630 608 1672 libedo
641 1629 741 1670 mihi
774 1627 883 1680 fecit,
917 1640 1036 1681 quem
1069 1626 1158 1668 hew
1191 1625 1329 1680 accepi
1360 1624 1402 1665 in
1433 1622 1650 1673 maritum;
1689 1623 1787 1661 tunc
1817 1631 1891 1660 rex

219 1704 407 1760 protinus
440 1701 589 1744 cecidit
621 1699 811 1753 angustia
842 1698 988 1753 plenus
1020 1697 1072 1739 ad
1111 1697 1235 1752 pedes
1278 1695 1361 1738 filie
1401 1699 1441 1737 et
1478 1694 1565 1736 filii.
1618 1691 1801 1746 Cumque
1840 1689 1892 1732 ad

221 1789 264 1818 se
296 1774 472 1817 redisset
504 1773 580 1814 ait:
621 1771 653 1813 O
692 1769 797 1824 filia,
830 1770 873 1811 in
905 1783 969 1811 me
1005 1769 1137 1811 seviat
1168 1781 1274 1824 pena
1314 1767 1384 1822 qui
1422 1766 1481 1808 fui
1514 1767 1654 1807 auctor
1684 1763 1728 1804 in
1760 1760 1894 1816 culpa,

222 1849 284 1889 est
313 1858 475 1887 mecum
507 1843 723 1897 religiosus
756 1845 797 1884 et
826 1841 1007 1896 prudens
1040 1840 1231 1882 dominus
1264 1839 1500 1894 episcopus,
1540 1836 1702 1877 mittam
1741 1846 1815 1889 pro
1848 1845 1894 1874 eo

221 1921 268 1960 ut
299 1917 438 1959 audiat
469 1915 624 1957 offensa
655 1917 695 1956 et
725 1913 952 1956 remedium
985 1915 1167 1967 apponat
1187 1910 1438 1966 penitencie3
1470 1911 1718 1961 vocatusque
1740 1904 1896 1960 episco-

223 2003 300 2045 pus
332 1989 412 2030 iste
444 1988 468 2028 3
501 1999 675 2041 persone
707 1988 946 2027 corruerant
986 1984 1036 2026 ad
1075 1982 1200 2038 pedes
1242 1982 1328 2036 ejus
1366 1994 1442 2023 nec
1479 1980 1593 2036 prius
1633 1978 1898 2020 surrexerant

224 2061 353 2103 donec
383 2059 569 2114 ipsarum
602 2056 721 2112 plene
744 2057 882 2098 omnia
903 2058 1142 2097 narrassent
1164 2057 1203 2096 et
1234 2053 1388 2108 inquit:
1423 2051 1455 2094 Ο
1480 2055 1608 2107 pater,
1634 2048 1759 2105 prebe
1780 2046 1897 2089 nobis

224 2130 510 2187 peccatoribus
542 2129 604 2170 tui
626 2127 748 2170 offic-ii
769 2127 1030 2169 medicinam.
1074 2126 1147 2167 Ait
1178 2124 1336 2180 presul:
1369 2136 1497 2178 prope
1529 2126 1592 2165 est
1621 2121 1697 2162 hoc
1728 2120 1898 2162 devotus

225 2202 445 2255 heremita,
487 2200 538 2242 ad
571 2213 690 2255 quem
729 2199 897 2253 injungo
937 2202 982 2240 ut
1018 2198 1141 2250 eatis,
1181 2196 1295 2250 cujus
1328 2194 1496 2237 consilio
1530 2191 1819 2248 acquiescatis3
1860 2193 1900 2232 et

230 2273 385 2329 egressi
432 2272 572 2314 statim
614 2271 663 2312 ad
710 2270 953 2312 heremitam
1002 2272 1214 2321 venerunt,
1264 2266 1332 2320 qui
1380 2266 1437 2307 eis
1483 2265 1622 2307 omnia
1653 2260 1900 2306 occurrendo

227 2344 463 2388 nuncciavit
485 2346 525 2385 et
543 2342 844 2397 obstupuerunt
866 2345 905 2383 et
926 2340 1158 2397 penitencie
1178 2339 1354 2380 formam
1387 2336 1437 2378 ab
1470 2350 1515 2378 eo
1541 2336 1718 2389 exigent.
1753 2333 1900 2376 Tribus

227 2418 311 2460 illis
357 2429 437 2458 non
484 2414 640 2456 indutis
686 2413 806 2455 lineis
855 2412 927 2454 sed
968 2412 1133 2453 nudatis
1174 2409 1348 2465 pedibus
1391 2411 1609 2463 septennas
1650 2405 1901 2461 penitencias

227 2489 390 2543 injuxit.
438 2485 560 2527 Anno
593 2485 737 2527 ultimo
772 2484 823 2526 ad
846 2484 1085 2526 heremitam
1121 2483 1400 2523 convenerunt
1429 2479 1619 2532 letanter,
1653 2477 1760 2532 quod
1787 2476 1904 2533 peni-

229 2559 362 2602 tencie
392 2561 555 2612 tempus
587 2556 876 2611 impleverunt,
910 2559 950 2597 et
967 2554 1062 2596 dum
1096 2553 1243 2595 mulier
1275 2556 1360 2594 tam
1392 2563 1483 2592 cum
1516 2553 1634 2605 patre
1667 2562 1786 2603 quam
1819 2547 1902 2588 filio

230 2631 503 2686 perrexerunt
534 2627 703 2682 pariter,
736 2630 834 2668 tunc
866 2626 1049 2668 obviavit
1080 2625 1138 2666 eis
1171 2623 1288 2665 miles
1319 2623 1362 2664 in
1395 2621 1576 2674 deserto,
1610 2620 1680 2675 qui
1708 2614 1920 2674 querebat

231 2701 371 2756 quales
406 2703 543 2743 essent
574 2701 615 2740 et
646 2697 754 2739 unde
786 2697 1013 2739 tenderemt
1066 2695 1131 2737 Illi
1170 2693 1473 2750 responderunt
1508 2706 1551 2734 se
1591 2704 1680 2733 esse
1718 2689 1903 2731 homines

231 2770 539 2827 penitenciales,
574 2768 642 2823 qui
674 2768 723 2810 de
747 2768 833 2809 viro
856 2769 922 2810 dei
953 2781 1027 2823 pro
1051 2766 1220 2808 consilio
1248 2779 1318 2807 sue
1341 2764 1485 2806 salutis
1506 2763 1626 2805 irent.
1670 2762 1743 2803 Ait
1762 2761 1902 2803 miles:

232 2843 330 2885 licet
362 2842 416 2884 sit
446 2841 506 2883 ita
536 2839 684 2882 nobilis
718 2840 894 2892 sangwis
934 2838 1113 2880 ostendit
1151 2836 1326 2890 effigiem
1369 2835 1482 2877 vobis
1521 2846 1679 2876 mecum
1711 2833 1752 2874 in
1786 2832 1905 2874 domo

237 2927 328 2955 mea
365 2925 544 2955 manere.
610 2910 811 2952 Convenit
851 2910 1017 2952 brevem
1056 2909 1198 2950 horam
1237 2906 1401 2960 Jejunio
1448 2905 1631 2959 fatigatis
1673 2917 1747 2959 pro
1784 2903 1905 2956 longo

235 2984 383 3026 itinere
415 2983 534 3025 modo
558 2982 702 3024 suffici.
746 2981 823 3023 Hic
854 2981 967 3036 ipsos
998 2981 1040 3021 in
1064 2980 1227 3021 domum
1261 2977 1491 3020 introduxit
1522 2981 1562 3018 et
1583 2975 1782 3017 retiravit.
1829 2973 1908 3015 Die
