1949 3162
964 59 1049 99 472

165 166 270 217 Quid
303 165 488 219 sequitur
520 165 689 219 postea?
721 165 840 207 Certe
864 164 1025 220 Moyses
1058 165 1082 206 i.
1108 178 1140 205 e.
1167 164 1339 218 quilibet
1369 163 1514 217 fideliS,
1548 165 1617 219 qui
1646 164 1852 207 desiderat

160 238 331 291 januam
364 236 481 289 regni
513 236 675 278 celestis
709 237 879 289 intrare,
914 239 1077 291 oportet
1108 240 1152 278 ut
1178 236 1310 288 legem
1345 236 1578 290 desponset,
1606 236 1728 289 juxta
1750 235 1852 277 illud

168 308 335 350 Matth.:
369 306 445 356 Qui
479 307 703 350 crediderit
734 311 774 350 et
806 307 1037 362 baptisatus
1069 308 1205 360 fuerit,
1239 307 1375 348 salvus
1408 307 1498 348 erit.

818 537 920 579 CAP.
949 537 1042 578 1⁶22.
1071 538 1202 588 (114.)

120 637 141 670 5
168 625 241 669 De
278 623 492 669 adulteris
527 624 789 669 mulieribus
836 630 874 669 et
919 626 1207 669 excecacz‘one
1245 626 1531 684 quorundam
1562 624 1854 684 prelatorum.

286 732 404 774 Miles
429 732 596 786 quidam
629 733 826 788 perrexit,
861 737 905 774 ut
928 733 1089 774 vineam
1114 746 1229 774 suam
1254 733 1539 774 vindemiaret.
1582 731 1696 774 Uxor
1719 738 1853 774 autem

170 804 279 857 ejus,
319 807 470 859 putans
512 804 648 859 ipsum
688 804 847 845 diucius
888 808 1163 856 moraturum,
1213 804 1414 845 amasium
1454 803 1616 856 habuit,
1661 817 1735 858 pro
1777 816 1855 857 quo

169 875 297 927 misit,
330 878 375 917 ut
407 875 487 917 cito
520 876 691 917 veniret.
739 875 814 925 Qui
848 889 938 917 cum
975 876 1166 923 venisset,
1200 889 1405 916 cameram
1439 875 1622 917 intravit.
1679 874 1732 916 Et
1764 887 1854 916 cum

171 946 290 988 ambo
323 946 365 988 in
399 949 531 988 stratu
565 951 721 999 essent,
763 947 876 988 venit
915 947 1052 999 miles,
1095 946 1252 988 scilicet
1284 947 1479 999 maritus,
1519 959 1633 987 ramo
1666 946 1783 987 vinee
1815 946 1856 987 in

103 1027 144 1060 10
171 1018 286 1060 oculo
319 1031 538 1073 percussus
572 1021 612 1059 et
635 1018 783 1059 ostium
819 1019 1009 1072 percutit.
1059 1018 1115 1059 At
1138 1018 1208 1059 illa
1229 1017 1502 1059 tremebunda
1534 1018 1708 1072 aperuit,
1742 1017 1857 1072 prius

170 1093 309 1131 tamen
344 1089 544 1131 amasium
581 1088 806 1130 abscondit.
851 1088 968 1130 Miles
992 1103 1087 1142 ergo
1111 1090 1270 1130 intrans
1293 1089 1455 1130 oculum
1479 1088 1610 1130 doluit
1632 1092 1672 1130 et
1691 1088 1857 1142 lectum,

171 1165 217 1202 ut
248 1161 498 1215 quiesceret,
539 1173 687 1215 parare
713 1160 851 1214 jussit.
907 1160 1021 1202 Tunc
1055 1174 1177 1213 uxor,
1218 1160 1367 1202 timens
1400 1174 1451 1201 ne
1484 1160 1683 1202 amasium
1718 1161 1758 1201 in
1792 1173 1858 1201 ca-

172 1245 286 1274 mera
316 1231 551 1273 latitantem
585 1231 725 1272 videre
758 1236 917 1286 posset,
952 1232 1101 1273 marito
1134 1232 1212 1273 ait:
1255 1232 1360 1281 Quid
1393 1232 1564 1273 festinas
1599 1232 1647 1273 ad
1679 1231 1859 1273 lectum?

171 1303 249 1345 Dic
282 1303 428 1356 michi,
463 1302 560 1356 quid
593 1302 668 1344 tibi
703 1303 877 1344 accidit?
916 1303 988 1344 1110
1027 1317 1121 1356 ergo
1156 1303 1357 1344 referente
1389 1303 1480 1358 ipsa
1511 1303 1745 1358 respondit:
1785 1302 1859 1344 Di-

104 1382 145 1415 15
172 1375 291 1416 mitte
315 1388 392 1426 me,
426 1374 572 1428 inquit,
606 1374 784 1426 domine,
818 1378 861 1415 ut
883 1387 1029 1415 sanum
1053 1374 1215 1415 oculum
1239 1378 1327 1416 arte
1349 1374 1583 1416 medicinali
1607 1373 1859 1427 confirmem,

172 1460 222 1488 ne
254 1446 324 1487 illo
357 1446 531 1487 forsitan
564 1445 706 1487 morbo
740 1445 914 1487 alterum
949 1445 1138 1487 similiter
1171 1446 1351 1487 amittas.
1405 1445 1520 1495 Quod
1553 1445 1622 1486 ille
1653 1445 1860 1487 sustinens

173 1531 218 1558 os
250 1530 368 1558 suum
410 1516 481 1558 illa
523 1516 639 1570 quasi
680 1530 754 1571 pro
794 1517 1000 1558 medicina
1032 1531 1155 1572 super
1188 1517 1325 1559 mariti
1359 1517 1520 1558 oculum
1554 1530 1698 1558 sanum
1733 1529 1860 1571 appo-

173 1589 256 1630 suit
302 1593 341 1629 et
387 1602 511 1629 manu
560 1588 714 1629 amasio
763 1589 937 1629 innuens
968 1588 1038 1629 ille
1080 1589 1262 1630 recessit.
1326 1587 1411 1638 Quo
1450 1588 1557 1630 facto
1606 1588 1712 1629 dixit
1757 1601 1861 1629 uxor

175 1659 346 1701 marito:
389 1658 512 1700 Modo
545 1672 689 1701 secura
723 1673 834 1707 sum,
877 1659 984 1713 quod
1019 1659 1172 1700 nullum
1209 1659 1361 1701 malum
1395 1659 1511 1701 oculo
1545 1673 1644 1700 sano
1678 1658 1859 1709 eveniet;

104 1739 148 1772 20
169 1731 258 1785 jam
289 1731 442 1772 lectum
476 1730 650 1772 ascende
683 1734 724 1772 et
755 1731 935 1784 quiesce!

294 1801 531 1854 Carissimi,
571 1801 690 1843 miles
730 1802 808 1843 iste
850 1805 911 1843 est
951 1801 1133 1856 prelatus
1168 1802 1357 1855 ecclesie,
1402 1802 1471 1856 qui
1512 1801 1636 1844 habet
1675 1805 1860 1843 sanctam

176 1873 391 1916 ecclesiam
424 1873 630 1914 custodire
664 1876 703 1913 et
734 1886 829 1914 oves
862 1873 941 1914 sibi
974 1873 1147 1914 traditas
1179 1887 1333 1927 regere.
1395 1873 1507 1915 Uxor
1539 1873 1770 1915 adulterata
1801 1877 1863 1915 est

176 1946 333 1998 anima,
375 1959 452 1999 que
491 1945 628 1999 sepius
668 1957 741 1999 per
780 1948 993 1999 peccatum
1035 1944 1196 1986 diabolo
1237 1945 1418 1987 adheret.
1475 1944 1594 1986 Miles
1634 1944 1862 2000 percutitur

179 2017 318 2070 oculo,
368 2016 560 2070 quociens
610 2015 791 2070 prelatus
839 2015 1078 2057 muneribus
1127 2022 1364 2065 excecatur,
1413 2017 1508 2071 quia
1555 2016 1751 2071 scriptum
1801 2020 1863 2058 est

108 2094 152 2128 25
179 2088 344 2143 Sapien.
369 2101 433 2128 VI:
468 2086 638 2128 Munera
670 2091 866 2128 excecant
898 2086 1035 2128 oculos
1060 2087 1259 2140 judicum.
1306 2087 1373 2129 Sic
1396 2088 1503 2142 quod
1527 2100 1693 2129 necesse
1715 2087 1864 2130 habeat

179 2173 384 2202 cameram
419 2159 523 2200 bone
556 2158 638 2199 vite
671 2158 827 2199 intrare
866 2162 905 2200 et
938 2171 1100 2200 omnem
1136 2159 1358 2200 avariciam
1392 2164 1432 2200 et
1463 2159 1731 2214 cupiditatem
1765 2172 1788 2200 a
1820 2172 1863 2200 se

179 2234 371 2273 excutere
404 2243 478 2285 per
509 2229 799 2284 penitenciam.
861 2229 975 2271 Tunc
1007 2230 1203 2271 audacter
1235 2230 1356 2271 debet
1391 2228 1510 2284 [105]
1547 2231 1694 2271 ostium
1728 2230 1862 2272 cordis

180 2302 242 2343 sui
274 2305 501 2356 percutere,
535 2304 574 2342 et
605 2304 702 2342 tunc
735 2314 839 2341 uxor
861 2301 886 2342 i.
912 2315 945 2342 e.
969 2301 1107 2342 anima
1139 2301 1285 2356 aperit,
1320 2305 1364 2343 ut
1395 2301 1569 2354 gloriam
1592 2301 1657 2342 dei
1678 2301 1862 2356 recipiet.

182 2372 263 2415 Sed
294 2372 393 2425 heu,
435 2385 531 2427 sepe
570 2385 643 2426 per
676 2371 860 2413 carnales
894 2371 1128 2414 affectiones
1162 2376 1202 2413 et
1232 2372 1376 2414 mundi
1409 2373 1689 2414 blandiciones
1722 2371 1863 2414 oculus

110 2451 156 2485 30
180 2458 319 2498 sanus,
353 2443 509 2485 scilicet
530 2443 677 2495 cordiS,
708 2456 798 2484 cum
823 2457 901 2497 quo
925 2443 1167 2485 deberemus
1190 2443 1309 2485 deum
1334 2443 1618 2498 contemplari,
1643 2442 1864 2485 offuscatur

182 2530 256 2571 per
287 2515 428 2557 mundi
463 2515 665 2556 vanitates
698 2518 738 2556 et
769 2515 904 2555 carnis
937 2515 1169 2569 voluptates
1201 2515 1242 2555 in
1275 2518 1456 2567 tantum,
1497 2515 1603 2569 quod
1636 2515 1862 2570 periculum
1908 2537 1913 2539 -

184 2587 247 2628 sui
279 2587 410 2642 ipsius
443 2590 483 2628 et
515 2585 772 2627 subditorum
810 2584 922 2639 [non]
958 2587 1111 2641 poterit
1151 2586 1365 2627 advertere
1404 2590 1444 2627 et
1481 2600 1555 2641 per
1587 2585 1861 2640 penitenciam

185 2658 415 2700 emendare.
464 2656 637 2698 Studeat
669 2669 764 2709 ergo
798 2658 1091 2712 unusquisque,
1125 2658 1182 2699 sic
1215 2657 1353 2698 oculos
1385 2657 1534 2698 mentis
1568 2657 1617 2697 ad
1650 2656 1768 2698 deum
1802 2657 1864 2698 di-

183 2729 330 2782 rigere,
364 2732 408 2769 ut
441 2727 593 2782 poterit
625 2741 744 2768 omne
778 2728 964 2770 velamen
997 2729 1154 2784 peccati
1187 2728 1405 2783 expellere.
