1919 3157
855 90 932 131 511

55 190 260 246 affliyitur
289 194 431 234 anima
463 194 562 235 tua?
592 195 741 236 Puella
773 197 853 237 ait:
889 195 925 237 0
958 198 1188 248 carissima,
1221 199 1342 240 modo
1374 201 1418 240 in
1449 200 1632 242 cubiculo
1655 202 1732 242 isto

53 261 135 302 duo
165 262 323 304 nobilia
353 266 522 305 nomina
551 268 776 320 perierunt.
827 266 901 307 Ait
921 269 1086 308 nutriat:
1119 267 1318 319 Domina,
1354 284 1482 325 quare
1502 271 1576 312 hoc
1602 271 1734 312 dicis?

54 331 112 373 At
141 332 239 373 illa.-
281 332 390 386 Quia
429 344 523 376 antc
561 339 866 378 matrimonium
897 353 1029 379 meum
1058 342 1236 394 pessimo
1268 341 1414 382 scelere
1444 356 1531 382 sum
1564 342 1730 384 violata.

53 401 210 445 Nutria-
241 419 332 445 cum
363 405 433 446 hec
465 408 646 448 audisset
678 416 713 449 et
744 410 930 460 vidisset,
969 424 1108 450 amens
1141 413 1265 465 quasi
1281 412 1406 465 sacta
1439 414 1519 453 ait:
1552 412 1607 454 Et
1639 415 1733 468 quis

52 474 239 516 diabolus
271 483 386 517 tanta
420 478 598 519 audacia
630 479 791 520 thorum
822 481 961 535 reqine
992 496 1116 521 ausus
1149 490 1205 523 est
1235 482 1417 523 violare?
1465 483 1538 524 Ait
1565 484 1730 538 puella.-

52 543 248 601 Impietas
274 546 383 600 fecit
431 548 506 589 hoc
541 559 766 604 peccatum.
826 548 946 604 [120]
987 551 1147 592 Nutrix
1189 554 1269 593 ait:
1318 552 1400 594 Cur
1444 569 1526 595 non
1570 555 1731 596 indicas

48 616 190 671 patri?
221 617 370 658 Puella
402 620 482 659 ait:
525 619 605 661 Ubi
635 629 690 662 est
720 621 866 676 pater?
906 621 959 664 Si
987 622 1207 677 intelliqas,
1240 624 1392 678 peribit
1421 640 1566 666 nomen
1597 628 1731 681 patris

50 687 94 727 in
126 701 210 736 me‚·
242 690 385 730 mortis
419 690 520 730 mibi
549 692 772 732 remedium
797 693 948 747 placet.
998 693 1158 734 Nutrix
1189 695 1350 736 audivit
1381 709 1469 736 eam
1499 699 1641 737 mortis
1665 711 1730 738 re-

48 759 229 799 medium
266 773 453 815 querere,
495 761 645 803 blando
685 776 773 803 eam
804 765 1002 805 sermonis
1035 764 1196 819 eloquio
1232 768 1456 816 revocavit,
1499 775 1544 808 ut
1573 783 1599 808 a
1628 782 1730 823 pro-

46 831 181 884 posito
212 844 285 872 suo
324 832 535 873 recederet.
601 832 716 874 Inter
754 833 824 874 hec
861 836 1016 890 impius
1052 844 1191 890 pater,
1239 851 1329 877 cum
1368 837 1561 879 simulata
1602 847 1731 880 mente

49 901 274 943 ostenderet
304 902 458 944 civibus
488 905 606 958 pium
632 913 809 959 patrem,
843 907 949 947 inter
970 907 1114 947 domus
1144 909 1322 962 parietes
1353 910 1548 950 maritum
1578 924 1619 950 se
1648 924 1731 951 esse

37 970 130 1023 filie
161 971 322 1024 letatur,
356 982 391 1015 et
422 983 466 1015 ut
496 989 654 1030 semper
684 977 825 1030 impiis
845 976 936 1029 filie
965 977 1094 1018 thoris
1112 978 1344 1031 frueretur,
1380 981 1436 1020 ad
1466 980 1727 1035 expellendos

40 1044 256 1097 petitores,
300 1046 374 1100 qui
411 1060 499 1086 eam
536 1047 579 1086 in
612 1045 823 1102 conjuqem
852 1048 1060 1103 petebant,
1103 1063 1253 1090 novum
1281 1065 1410 1104 =qenus
1441 1053 1628 1106 nequicie
1660 1067 1727 1093 co-

43 1114 214 1168 qitavit5
253 1117 502 1170 questionem
533 1131 627 1158 vero
657 1119 934 1174 proponebat,
976 1121 1137 1160 dicens:
1177 1119 1229 1162 Si
1259 1123 1351 1176 quis
1389 1124 1611 1177 questionis
1643 1138 1728 1164 mee

45 1184 293 1227 solucionem
323 1188 536 1238 invenerit,
561 1188 700 1240 filiam
732 1204 862 1230 meam
893 1191 937 1231 in
968 1206 1138 1232 uxorem
1169 1191 1349 1242 habebit,
1385 1200 1421 1233 et
1450 1195 1489 1234 si
1517 1194 1721 1248 defecerit,

46 1255 325 1298 decollabitur.
378 1258 565 1299 Plurimi
593 1260 776 1315 undique
805 1275 917 1316 reyes
941 1271 1113 1317 propter
1132 1262 1414 1304 incredibilem
1435 1274 1471 1305 et
1490 1266 1726 1306 inauditam

42 1326 178 1382 puelle
207 1330 382 1383 speciem
411 1338 618 1381 venerunt,
657 1333 696 1372 si
725 1333 816 1386 quis
836 1332 954 1386 forte
983 1334 1207 1388 prudentia.
1239 1333 1469 1376 litterarum
1501 1338 1724 1391 questionis

43 1397 291 1440 solucionem
321 1401 552 1442 invenisset.
603 1401 736 1453 Quasi
765 1403 871 1444 nibil
901 1405 1084 1455 dixisset,
1119 1405 1399 1447 decollabatur
1429 1415 1463 1448 et
1495 1416 1619 1462 caput
1640 1407 1724 1461 ejus

43 1482 174 1523 supra
202 1479 368 1525 portam
398 1473 735 1527 suspendebatur,
770 1482 814 1516 ut
844 1476 1100 1517 advenientes
1131 1477 1354 1532 imaqtnem
1378 1479 1521 1519 mortis
1542 1479 1727 1521 viderent

1756 489 1778 524 5

1756 843 1799 878 10

1754 1199 1797 1234 15

45 1548 82 1581 et
102 1540 378 1593 turbarentur,
411 1557 462 1584 ne
493 1544 549 1583 ad
580 1544 680 1585 tales
702 1546 960 1587 condiciones
992 1547 1237 1589 accederent.
1286 1548 1378 1590 Hoc
1399 1557 1526 1591 totum
1545 1549 1721 1604 fecerat,
1749 1553 1794 1588 20

42 1619 88 1653 ut
122 1613 291 1668 ipsemet
327 1628 418 1654 cum
437 1614 536 1667 filia
566 1629 643 1655 sua
680 1624 843 1671 poterat
878 1618 923 1658 in
955 1617 1157 1660 adulterio
1187 1633 1440 1674 permanere.
1499 1618 1598 1661 Cum
1628 1635 1722 1663 vero

43 1682 143 1723 tales
175 1684 432 1726 crudelitates
474 1695 673 1729 exerceret
704 1688 953 1739 Antiochus,
994 1690 1236 1745 interposito
1268 1690 1382 1732 brevi
1411 1699 1590 1747 tempore
1620 1693 1722 1734 ado-

43 1752 191 1795 lescens
223 1756 395 1810 quidam
421 1756 558 1812 Tyrus
585 1760 725 1814 patrie
746 1774 817 1800 sue
844 1761 1039 1815 princeps
1063 1760 1242 1816 locuples
1274 1762 1405 1813 valde,
1441 1762 1722 1818 Appollonius

40 1827 224 1877 nomine,
265 1826 362 1868 bene
400 1827 622 1880 litteratus,
662 1831 866 1885 naviyans
898 1830 1166 1873 Antiochiam
1202 1834 1393 1885 intravit,
1433 1835 1723 1890 inqressusque

41 1896 98 1937 ad
126 1911 261 1952 reyem
299 1900 380 1940 ait:
421 1899 530 1951 Ave,
571 1902 671 1942 rex!
707 1901 764 1943 Et
801 1902 894 1943 ille:
937 1901 1060 1944 Salvi
1088 1905 1171 1945 sint
1209 1906 1385 1960 nupturi
1417 1914 1608 1960 parentes
1639 1907 1725 1947 tui!
1746 1910 1791 1945 25

40 1967 116 2008 Ait
144 1967 333 2021 juvenis.-
372 1970 475 2012 Peto
507 1971 646 2024 filiam
683 1980 795 2014 tuam
835 1974 879 2014 in
910 1988 1091 2015 uoeorem.
1151 1975 1262 2027 Rex,
1304 1984 1350 2017 ut
1387 1977 1568 2028 audivit,
1611 1978 1722 2032 quod

40 2039 186 2080 audire
215 2040 390 2092 nolebat,
425 2050 468 2083 at
497 2044 719 2098 respiciens
740 2042 934 2096 juvenem
966 2053 1001 2086 et
1032 2047 1111 2087 ait:
1150 2046 1276 2088 Nosti
1303 2049 1546 2103 nuptiarum
1577 2049 1718 2090 condi·-

40 2110 222 2151 cionem?
258 2111 336 2153 Ait
355 2111 543 2164 juvenis:
584 2113 700 2155 Novi
729 2122 765 2156 et
795 2116 852 2156 ad
880 2124 1045 2171 portam
1083 2117 1182 2158 vidi.
1239 2117 1487 2172 Indiynatus
1523 2133 1596 2160 rea:
1634 2121 1719 2161 ait:

40 2179 159 2222 Audi
188 2196 282 2237 erqo
316 2185 590 2238 questionem!
627 2184 787 2228 Scelere
824 2186 965 2238 vehor,
1006 2195 1194 2229 materna
1231 2203 1354 2230 carne
1390 2204 1550 2241 vescor,
1593 2204 1718 2245 quero

26 2249 210 2305 fratrem
230 2268 364 2294 meum
394 2257 538 2296 matris
559 2270 644 2297 mee
672 2258 822 2309 virum,
856 2273 928 2299 nec
958 2260 1135 2300 invenio.
1183 2259 1298 2300 Puer
1319 2269 1486 2316 accepta
1511 2263 1720 2316 questione
1743 2269 1789 2303 30

36 2322 272 2378 paullulum
301 2327 466 2367 recessit
495 2342 521 2366 a
551 2341 657 2382 reqe,
692 2336 727 2370 et
758 2343 849 2369 cum
879 2331 1091 2371 scientiam
1124 2339 1319 2385 quereret,
1353 2332 1426 2373 deo
1446 2332 1621 2386 favente
1650 2347 1717 2374 so-

39 2392 239 2436 lucionem
271 2397 494 2451 questionis
526 2399 693 2450 invenit,
728 2407 764 2441 et
792 2414 959 2441 reursus
991 2401 1047 2442 ad
1069 2415 1204 2456 reqem
1235 2404 1316 2444 ait:
1349 2403 1467 2444 Bone
1496 2418 1582 2454 rex,
1615 2419 1716 2459 pro-

35 2467 216 2520 posuisti
244 2468 505 2521 questionem,
540 2470 643 2510 audi
672 2484 767 2525 erqo
789 2471 1062 2513 solucionem!
1089 2472 1204 2514 Nam
1235 2474 1346 2528 quod
1366 2475 1532 2516 dixisti:
1559 2473 1718 2517 Scelere

0 2538 5 2549 '
36 2535 171 2585 vehor,
202 2551 286 2579 non
317 2552 357 2579 es
387 2541 577 2581 mentitus
587 2555 600 2588 ;
632 2547 668 2581 te
690 2542 797 2582 enim
817 2543 954 2597 ipsum
974 2544 1157 2584 intuere!
1185 2544 1379 2585 Materna
1401 2560 1524 2586 carne
1554 2560 1716 2595 vescor,·

27 2605 166 2660 filiam
196 2615 310 2649 tuam
338 2611 506 2664 respice.
565 2610 653 2652 Rex
684 2626 775 2652 cum
805 2613 966 2654 audivit
1001 2614 1249 2656 solucionem
1280 2617 1502 2670 questionis
1523 2615 1716 2669 juvenem
1740 2622 1786 2658 35

36 2676 216 2730 solvisse,
250 2680 408 2732 timens,
431 2695 482 2722 ne
500 2689 711 2736 peccatum
731 2697 850 2723 suum
869 2684 1088 2738 patefieret,
1118 2686 1225 2727 irato
1246 2687 1360 2728 vultu
1383 2702 1472 2728 eum
1493 2689 1715 2742 respiciens

37 2747 166 2790 dia-it:
206 2748 349 2805 Lonqe
388 2765 426 2792 es
449 2750 615 2804 juvenis
647 2768 674 2793 a
705 2755 933 2808 questione,
977 2755 1107 2796 nichil
1140 2771 1280 2798 verum
1311 2758 1474 2809 dimisti,
1517 2758 1718 2800 decollari

38 2819 202 2872 quidem
237 2824 535 2876 promerueris,
576 2823 648 2864 sed
686 2838 772 2865 ecce
809 2824 973 2866 babebis
1005 2828 1165 2868 dierum
1196 2829 1367 2883 triqinta
1402 2830 1610 2883 spacium,·
1649 2843 1713 2871 re-

37 2891 172 2943 coqita
202 2899 350 2943 tecum,
389 2901 586 2935 revertere
617 2895 672 2935 ad
703 2903 855 2936 terram
886 2898 1025 2937 tuam!
1060 2897 1116 2939 Et
1144 2899 1183 2939 si
1211 2899 1458 2940 solucionem
1489 2901 1713 2954 questionis

35 2959 252 3014 inveneris,
260 2963 400 3015 filiam
416 2978 548 3005 meam
568 2966 614 3006 in
630 2967 939 3008 matrimonium
960 2970 1137 3023 accipies
1148 2984 1162 3017 ,·
1183 2971 1399 3021 sinautem,
1423 2970 1715 3012 decollaberis!
1735 2978 1782 3013 40
