1954 3137
244 1004 310 1045 87.

244 1147 310 1189 88.

244 1290 310 1331 89.

243 1433 311 1474 90.

243 1504 311 1545 91.

244 1646 312 1688 92.

245 1789 312 1831 93.

245 1931 312 1972 94.

1054 47 1109 88 62

303 184 312 193 .
361 150 586 193 Gracianus
618 152 807 205 regnavit
838 152 950 194 dives
972 152 1090 194 valde
1114 152 1183 207 qui
1206 152 1355 194 multas
1378 152 1550 195 virtutes
1572 152 1760 196 habebat.
1809 153 1916 205 (Den

361 236 500 265 armen
533 222 598 264 die
629 222 888 275 herrschaft.)
936 222 1007 264 lat.
1034 224 1128 264 131.

303 325 312 334 .
361 293 612 335 Theodosius
645 295 833 347 regnavit
862 294 903 335 in
927 294 1092 336 civitate
1114 307 1286 336 romana
1307 295 1421 337 dives
1443 294 1562 337 valde
1584 295 1653 350 qui
1675 295 1775 337 duas
1795 294 1913 338 filias.

362 364 511 416 (Schon
543 364 627 406 und
657 364 863 417 hasslich.)
907 364 978 406 lat.
1003 365 1070 406 77.

360 435 565 477 Honorius
597 436 787 489 regnavit
818 436 931 478 dives
965 435 1082 478 valde
1114 436 1183 491 qui
1216 436 1379 478 unicum
1402 436 1529 478 filium
1552 436 1740 479 habebat.
1789 436 1916 487 (Sohn

360 507 430 549 des
460 507 617 549 feindes
650 507 837 558 tochter.)
892 520 985 562 app.
1010 507 1078 548 55.

360 577 530 631 Legitur
561 579 610 620 de
642 578 819 633 quodam
853 577 1053 620 heremita
1084 581 1224 620 sancto
1258 578 1327 632 qui
1359 591 1450 620 cum
1484 578 1609 620 semel
1640 579 1682 620 in
1714 578 1816 621 cella
1843 591 1918 621 sua

361 648 533 691 sederet.
583 649 731 703 (Engel
761 649 845 690 und
878 650 1053 701 eremit.)
1102 649 1171 692 lat.
1197 650 1264 691 80.

303 752 311 761 .
361 719 543 770 Quedam
566 721 735 763 domina
757 724 845 763 erat
865 720 1014 763 nobilis
1038 734 1115 775 que
1136 720 1376 776 pacIebatur
1398 720 1548 762 multas
1570 720 1753 774 injurias.
1800 719 1916 772 (Stab

358 791 442 833 und
473 791 642 843 tasche.)
691 791 761 833 lat.
787 792 854 834 25.

358 862 462 904 Erat
508 863 674 917 quidam
721 863 948 918 imperator
996 863 1064 917 qui
1112 863 1257 905 statuit
1299 875 1373 918 pro
1412 862 1501 917 lege
1539 862 1647 918 quod
1687 863 1917 918 quicunque

359 934 493 976 sciret.
543 934 730 988 (Abibas,
763 934 819 986 5.)
867 934 937 976 lat.
966 935 1031 976 17.

357 1004 497 1047 Zenon
538 1006 726 1059 regnavit
765 1006 807 1047 in
848 1006 962 1059 cujus
1000 1005 1175 1061 imperio
1208 1009 1297 1048 erat
1328 1006 1493 1060 quidam
1521 1006 1684 1060 juvenis
1717 1008 1860 1061 captus
1893 1018 1917 1047 a

358 1076 518 1131 piratis.
567 1076 936 1128 (Raubertoohter.)
984 1076 1055 1118 lat.
1079 1076 1118 1118 5.

358 1147 543 1190 Habetur
580 1148 623 1189 in
663 1148 840 1203 quodam
881 1147 985 1190 libro
1025 1147 1075 1191 de
1113 1147 1314 1203 colloquio
1346 1148 1454 1203 petri
1487 1148 1537 1190 ad
1568 1147 1739 1190 ihesum.
1795 1147 1922 1200 (Fsms

358 1220 540 1269 narren.)
588 1219 659 1260 lat.
688 1220 782 1261 164.

358 1289 617 1332 Consuetudo
673 1293 762 1332 erat
816 1290 927 1346 apud
977 1290 1182 1332 Romanos
1234 1290 1344 1345 quod
1393 1290 1618 1333 viatoribus
1670 1288 1914 1345 triumphus.
1942 1322 1945 1325 .

360 1361 589 1416 (Triumph,
623 1360 951 1415 beschreibung.)
999 1375 1094 1417 app.
1119 1361 1188 1403 56.

357 1432 497 1475 Refert
518 1431 683 1488 plynius
699 1433 808 1488 quod
825 1432 963 1488 aquila
978 1433 1021 1474 in
1038 1432 1167 1474 altum
1184 1432 1297 1475 volat
1312 1432 1515 1475 nideficat.
1551 1432 1731 1485 (Achat.)
1763 1431 1833 1475 lat.
1847 1432 1916 1474 37.

361 1502 500 1558 Gayus
540 1505 728 1557 regnavit
767 1504 836 1559 qui
874 1503 1003 1546 filiam
1042 1504 1219 1547 habebat
1258 1518 1336 1559 que
1367 1508 1450 1546 tam
1483 1504 1603 1559 agilis
1635 1508 1723 1547 erat
1752 1503 1794 1545 in
1826 1516 1917 1545 cur-

358 1575 497 1617 rendo.
548 1574 793 1630 (Spielball.)
841 1575 911 1618 lat.
937 1577 1005 1618 60.

360 1645 534 1696 Quidam
566 1660 639 1689 rex
673 1651 761 1689 erat
790 1647 939 1689 nobilis
971 1647 1090 1690 valde
1121 1647 1164 1689 in
1196 1647 1310 1701 cujus
1342 1660 1468 1701 regno
1500 1650 1618 1690 erant
1648 1647 1728 1689 duo
1749 1646 1914 1689 milites.

361 1717 555 1769 (Aussatz
589 1731 662 1760 aus
693 1718 819 1770 neid.)
865 1718 936 1761 lat.
964 1719 1058 1760 151.

359 1787 462 1831 Erat
499 1788 665 1843 quidam
704 1789 821 1832 miles
866 1803 990 1832 senex
1021 1790 1064 1832 in
1096 1790 1263 1832 civitate
1294 1789 1479 1832 Romana
1510 1790 1579 1844 qui
1610 1789 1788 1832 habebat
1818 1802 1918 1832 uxo-

360 1873 448 1902 rem
473 1860 680 1914 juvenem.
728 1860 841 1913 (Vier
871 1861 989 1915 ringe
1021 1861 1104 1903 und
1135 1861 1270 1913 brief.)
1319 1875 1413 1917 app.
1438 1862 1506 1903 29.

362 1930 541 1973 Gallicus
573 1931 616 1972 in
644 1931 809 1974 civitate
831 1945 1002 1974 romana
1022 1932 1211 1986 regnavit
1231 1933 1412 1988 prudens
1435 1932 1553 1975 valde
1575 1935 1615 1975 et
1636 1945 1760 1987 super
1781 1931 1919 1974 omnia

353 2002 502 2056 justus.
551 2001 688 2054 (Fisch
718 2003 976 2055 umkehren.)
1023 2017 1150 2057 germ.
1176 2004 1243 2046 62.

678 2178 761 2214 XV.
799 2177 888 2214 God.
908 2179 1076 2215 Wirceb.
1102 2179 1153 2214 M.
1179 2179 1243 2215 ch.
1261 2178 1325 2225 89,
1351 2179 1484 2223 quart.

751 2249 805 2284 Bl.
825 2251 1017 2285 1—166b.
1054 2250 1135 2286 XV.
1155 2250 1207 2296 jh.
1247 2251 1313 2285 106
1336 2260 1415 2294 cap.

361 2344 422 2386 Bl.
449 2346 469 2386 1
483 2368 536 2373 ——
551 2346 629 2386 161
644 2346 666 2387 ὂ
698 2348 809 2399 text,
851 2346 1127 2388 162—166b
1161 2346 1367 2402 alphabet.
1390 2346 1574 2399 register.
1629 2345 1752 2388 Dann
1781 2345 1918 2399 folgen

246 2415 428 2459 einzelne
450 2415 711 2469 geschichten
733 2429 805 2458 aus
828 2415 1062 2459 Gervasius.
1093 2441 1146 2445 ——
1179 2417 1460 2460 Deckentitel:
1495 2415 1620 2459 Gesta
1639 2416 1917 2458 Romanorum

246 2499 337 2529 cum
368 2487 542 2529 misticis
574 2486 936 2542 applicacionibus.
963 2511 1016 2516 -—
1049 2488 1256 2544 Incipiunt
1287 2487 1413 2531 Gesta
1443 2487 1732 2530 Romanorum.
1778 2486 1917 2529 Primo

279 2570 315 2610 1.

278 2710 315 2751 2.

278 2853 315 2893 3.

363 2567 533 2612 Gestum
566 2569 616 2612 de
646 2569 982 2612 reconciliacione
1013 2570 1079 2614 dei
1111 2574 1150 2613 et
1179 2571 1368 2613 hominis.
1416 2570 1600 2612 Adonias
1621 2570 1810 2624 regnavit
1829 2567 1917 2612 rex.

363 2639 549 2692 (Justitia
581 2664 633 2669 —
665 2641 781 2695 pax.)
827 2640 898 2682 lat.
923 2640 992 2683 55.

362 2710 424 2753 De
454 2724 593 2766 pugna
624 2711 689 2753 dei
721 2715 761 2754 et
793 2711 968 2766 dyaboli.
1017 2712 1201 2754 Adonias
1233 2713 1421 2766 regnavit
1451 2712 1565 2754 dives
1599 2711 1716 2754 valde
1742 2712 1811 2766 qui
1833 2714 1917 2754 tor-

364 2785 570 2824 namenta.
620 2782 811 2834 (Tochter
842 2782 971 2834 haut.)
1021 2783 1241 2835 (Turnier.)
1287 2784 1358 2826 lat.
1384 2784 1478 2825 113.

363 2851 425 2894 De
455 2853 738 2895 misericordia
769 2854 877 2895 circa
908 2853 1167 2897 adulterium.
1221 2855 1430 2897 Adrianus
1460 2854 1649 2907 regnavit
1678 2854 1721 2896 in
1752 2853 1917 2896 civitate

364 2936 465 2965 rom.
514 2924 919 2979 (Kerkergesprach.)
966 2924 1036 2968 lat.
1062 2926 1129 2968 86.
