1919 3157
810 54 894 94 443

20 157 226 213 querendo
258 158 450 212 pecunias
482 172 590 210 suas,
623 164 662 200 et
694 159 804 200 venit
836 158 884 199 ad
918 159 1122 200 civitatem
1157 164 1197 201 et
1227 160 1276 200 ad
1300 160 1463 201 domum
1496 160 1681 215 hospitis,

21 228 90 283 qui
132 232 318 269 truncum
364 229 530 270 invenit.
598 230 698 270 Cum
748 230 999 270 mencionem
1042 229 1090 271 de
1132 234 1275 271 trunco
1319 231 1476 285 perdito
1518 231 1681 282 faceret,

21 299 189 342 audiens
229 299 375 353 hospes
417 299 639 347 intellexit,
679 300 785 354 quod
825 301 997 354 pecunia
1036 301 1120 353 ejus
1154 301 1229 341 fuit
1261 305 1298 342 et
1337 302 1549 353 cogitavit:
1588 300 1680 342 Jam

22 369 222 426 probabo,
261 370 294 411 si
328 369 514 410 voluntas
548 371 610 411 dei
643 371 784 422 fuerit,
826 375 868 411 ut
902 372 1113 425 pecuniam
1149 371 1182 412 ei
1217 372 1395 413 reddam.
1451 372 1563 413 Fecit
1597 371 1682 413 fieri

20 440 167 495 hospes
198 445 281 482 tres
312 440 498 494 pastillos
530 441 579 481 de
614 455 735 495 pane:
777 442 953 495 primum
994 441 1180 495 implevit
1209 442 1257 482 de
1290 446 1420 493 terra,
1462 442 1681 484 secundum
1708 448 1730 482 5

21 511 179 554 ossibus
219 515 492 558 mortuorum,
532 512 702 552 tercium
743 525 833 552 cum
879 513 1070 566 pecunia,
1114 525 1234 565 quam
1269 512 1423 554 invenit
1455 514 1493 554 in
1527 518 1682 555 trunco.

20 580 107 625 Hoc
146 582 252 624 facto
292 581 397 622 dixit
442 582 577 623 fabro:
629 582 824 623 Volumus
872 582 1082 624 csunedere
1125 587 1206 624 tres
1249 583 1374 624 bonos
1414 584 1598 638 pastillos
1636 585 1684 626 de

20 652 186 707 optimis
219 652 423 705 carnibus,
457 666 557 706 quas
591 653 738 703 habeo;
772 666 1066 707 quemcumque
1099 652 1268 705 elegeris
1301 654 1589 696 sufficient-iam
1614 655 1684 696 ha-

21 721 146 765 bebis.
199 722 330 765 Faber
362 737 456 764 vero
489 737 612 764 unum
648 728 739 778 post
772 724 894 765 alium
928 724 1097 775 levavit,
1138 725 1344 778 pastillum
1380 725 1542 780 plenum
1576 730 1686 767 terra

19 793 151 846 magis
182 794 475 848 ponderantem
511 795 664 836 invenit
695 800 734 836 et
757 795 868 836 illum
903 794 1036 847 elegit,
1070 799 1109 836 et
1140 796 1198 837 ait
1229 796 1398 850 hospiti:
1433 795 1474 837 Si
1508 796 1598 850 plus
1623 797 1684 838 in·
1713 802 1754 836 10

23 863 155 917 digeo,
188 863 303 906 illum
336 865 558 906 secundum
591 865 706 918 eligo.
755 865 914 907 Ponens
946 879 1111 906 manum
1145 880 1266 921 super
1289 867 1496 921 pastillum
1520 867 1684 922 plenum

19 934 70 977 de
107 935 265 977 ossibus
304 940 571 978 mortuorum.
627 937 813 978 'l'ercium
855 936 1062 991 pastillum
1096 937 1169 978 tibi
1203 937 1365 979 habeas.
1421 937 1580 993 Hospes
1611 939 1686 980 hoc

20 1005 162 1048 videns
194 1006 235 1048 in
267 1006 388 1049 corde
420 1021 492 1049 suo
524 1008 702 1050 dicebat:
737 1007 830 1049 Jam
863 1007 970 1049 clare
1002 1007 1132 1061 video,
1167 1009 1272 1063 quod
1307 1009 1493 1050 voluntas
1517 1009 1582 1051 dei
1604 1023 1685 1050 non

19 1080 100 1130 est,
142 1076 247 1130 quod
286 1077 353 1119 ille
391 1077 516 1119 miser
554 1079 769 1134 pecuniam
810 1078 968 1120 habeat.
1028 1077 1174 1120 Statim
1209 1093 1409 1135 pauperes
1442 1093 1487 1122 ac
1518 1080 1684 1134 debiles,

21 1160 136 1190 cecos
168 1153 209 1190 et
238 1148 404 1190 claudos
442 1150 623 1201 vocavit,
664 1154 704 1192 et
742 1150 783 1190 in
824 1150 1035 1204 presencia
1074 1150 1178 1191 fabri
1212 1151 1420 1206 pastillum
1456 1152 1616 1206 aperuit
1647 1156 1686 1194 et
1713 1156 1755 1190 15

21 1219 96 1261 ait:
128 1218 247 1272 Ecce,
280 1220 417 1271 miser,
448 1222 661 1275 pecuniam
686 1226 811 1274 tuam,
835 1234 954 1273 (piam
981 1221 1167 1263 manibus
1189 1223 1270 1263 tuis
1292 1222 1456 1274 tradidi,
1479 1226 1522 1263 tu
1546 1223 1685 1278 pocius

20 1289 207 1346 pastillos
249 1290 298 1332 de
338 1297 448 1332 terra
489 1296 529 1333 et
566 1292 615 1333 de
657 1292 815 1333 ossibus
847 1295 1101 1334 mortuorum
1140 1292 1319 1346 elegisti,
1359 1297 1399 1335 et
1431 1293 1552 1347 bene,
1591 1295 1686 1349 quia

20 1360 95 1403 deo
125 1374 206 1403 non
240 1361 405 1416 placuit,
439 1367 483 1403 ut
513 1364 727 1417 pecuniam
760 1362 872 1403 illam
904 1363 1132 1405 rehaberes.
1185 1363 1343 1419 Hospes
1375 1365 1514 1407 statim
1547 1379 1685 1408 coram

21 1432 105 1474 suis
137 1432 263 1474 oculis
295 1437 423 1474 totam
456 1435 670 1488 pecuniam
703 1434 808 1476 inter
841 1447 1042 1489 pauperes
1080 1434 1238 1487 divisit3
1281 1439 1321 1477 et
1358 1435 1417 1478 sic
1447 1436 1562 1479 faber
1593 1451 1684 1480 cum

1 1503 255 1562 ,confusione
286 1517 435 1557 magna
465 1505 645 1546 recessit.
1711 1513 1756 1547 20

136 1573 367 1627 Carissimi,
407 1575 520 1616 faber
560 1576 636 1618 iste
675 1579 811 1631 potest
850 1575 929 1617 dici
962 1575 1132 1629 quilibet
1162 1575 1282 1618 homo
1324 1578 1574 1632 mundanus,
1616 1580 1684 1634 qui

22 1645 161 1700 pocius
199 1646 344 1687 nititur
385 1646 534 1687 mundo
581 1647 754 1699 servire,
804 1659 923 1700 quarn
963 1648 1137 1688 creatori
1176 1651 1328 1689 nostro.
1380 1648 1457 1691 Per
1495 1653 1683 1692 truncum

19 1715 142 1758 istum
166 1717 345 1771 undique
367 1716 549 1759 clausum
574 1731 642 1759 cor
664 1718 953 1771 cujuscumque
976 1718 1088 1759 avari
1111 1718 1366 1773 intelligitur,
1394 1720 1500 1774 quod
1523 1734 1686 1777 semper

21 1790 83 1829 est
112 1786 293 1829 clausum
327 1788 459 1842 quoad
490 1788 675 1839 celestia3
716 1789 891 1843 pecunia
926 1788 1082 1830 inclusa
1114 1793 1209 1831 sunt
1239 1790 1412 1844 quedam
1446 1805 1570 1846 opera
1602 1806 1685 1834 me-

20 1857 182 1911 ritoria,
223 1872 300 1913 que
340 1858 557 1912 aliquando
596 1860 719 1901 miser
758 1859 876 1900 homo
922 1860 1154 1913 committit,
1197 1874 1245 1902 ex
1285 1862 1432 1904 timore
1472 1862 1535 1904 (lei
1575 1877 1684 1905 com·
1711 1870 1754 1904 25

20 1928 182 1983 pulsus3
222 1943 356 1982 mare,
397 1930 502 1983 quod
541 1929 631 1972 fluit
668 1934 708 1972 et
746 1930 899 1983 refluit,
940 1935 1002 1973 est
1038 1931 1213 1972 mundus
1252 1932 1348 1985 iste,
1387 1933 1455 1987 qui
1495 1935 1605 1989 rapit
1636 1935 1684 1977 de

21 1999 140 2042 corde
172 2001 306 2054 avari,
339 2000 525 2055 quitquid
558 2001 653 2043 boni
685 2002 966 2054 commiserat,
1004 2015 1085 2043 non
1116 2005 1252 2043 tamen
1286 2003 1478 2056 virtutes,
1511 2018 1611 2059 quas
1642 2006 1683 2047 in

21 2069 224 2126 baptismo
256 2072 423 2126 recepit,
456 2072 527 2113 sed
559 2072 686 2114 eciam
720 2073 845 2114 bonas
877 2073 1149 2126 cogitaciones
1181 2073 1326 2115 cordis.
1360 2074 1483 2116 Math.
1510 2088 1572 2117 v1:
1608 2075 1683 2118 Ubi

21 2145 83 2184 est
112 2141 326 2184 thesaurus
358 2146 465 2194 tuus,
499 2143 554 2184 ibi
587 2148 649 2184 est
679 2148 719 2184 et
740 2157 809 2185 cor
840 2148 967 2184 tuum.
1002 2143 1175 2199 Hospes,
1209 2145 1277 2198 qui
1299 2148 1488 2187 truncum
1515 2146 1683 2200 invenit,

21 2216 83 2254 est
123 2213 251 2254 bonus
284 2213 465 2268 prelatus
503 2213 565 2255 vel
598 2214 804 2256 confessor
842 2215 1064 2268 discretus,
1105 2215 1173 2269 qui
1211 2219 1374 2257 tenetur
1405 2217 1513 2258 eirca
1544 2230 1685 2272 pecca·
1709 2225 1754 2258 30

21 2285 149 2324 torem
182 2283 440 2337 diligenciam
474 2284 623 2326 habere
655 2289 695 2327 et
725 2299 865 2327 eorum
898 2286 1022 2328 corda
1052 2290 1092 2327 et
1123 2286 1230 2327 faeta
1261 2288 1434 2328 scrutari
1457 2291 1498 2329 et
1518 2288 1685 2330 investi-

21 2365 131 2407 gare,
164 2354 365 2408 quomodo
398 2359 592 2409 poterunt
616 2355 666 2396 ad
686 2356 795 2397 viam
818 2357 1075 2398 rectitudinis
1108 2356 1221 2407 duci,
1255 2357 1361 2399 unde
1384 2357 1502 2399 homo
1525 2363 1686 2401 tenetur

22 2424 136 2478 sequi
158 2425 280 2478 viam,
313 2438 386 2480 per
408 2439 528 2479 quam
553 2426 704 2480 poterit
725 2426 897 2468 salutem
921 2428 1118 2480 invenire,
1141 2427 1296 2469 scilicet
1318 2429 1367 2469 ad
1390 2429 1683 2472 confessionem

21 2506 184 2537 currere
222 2499 263 2537 et
299 2496 339 2537 in
379 2496 498 2537 domo
538 2495 706 2538 ecclesie
742 2497 962 2552 hospitari,
1002 2498 1088 2551 ejus
1127 2499 1331 2553 preceptis
1368 2500 1552 2551 obedire3
1595 2499 1683 2554 [89]

21 2567 118 2608 tunc
147 2566 354 2608 confessor
385 2566 505 2608 debet
536 2567 594 2608 eis
625 2571 706 2608 tres
741 2569 925 2622 pastillos
966 2569 1202 2622 ostendere,
1244 2574 1288 2610 ut
1325 2584 1450 2611 unum
1483 2571 1605 2624 eligat
1635 2571 1685 2613 de
1708 2579 1753 2613 35

22 2635 131 2689 istis,
178 2649 252 2691 per
298 2650 416 2690 quem
460 2637 611 2678 famem
659 2640 813 2692 peccati
860 2640 1119 2692 exstinguere
1166 2641 1305 2694 possit.
1366 2640 1529 2683 Primus
1576 2642 1683 2683 enim

24 2706 211 2761 pastillus
243 2711 332 2749 erat
362 2707 506 2763 plenus
539 2712 660 2761 terra,
693 2714 733 2750 et
763 2710 952 2763 designat
981 2710 1199 2762 mundum;
1238 2724 1356 2765 quem
1389 2712 1423 2752 si
1455 2712 1684 2754 mundanus

22 2775 143 2819 homo
182 2777 368 2831 elegerit,
408 2779 449 2820 in
481 2779 565 2820 vita
595 2779 673 2820 ista
705 2780 829 2821 nichil
861 2780 971 2822 aliud
1002 2781 1201 2834 inveniet,
1242 2782 1320 2823 nisi
1355 2787 1503 2824 terram
1540 2797 1682 2838 puram

23 2846 51 2889 i.
73 2861 107 2890 e.
140 2848 398 2904 sepulchrum
432 2850 499 2891 vix
531 2853 687 2904 septem
711 2851 834 2905 pedes
865 2851 1091 2904 continens,
1123 2852 1218 2906 quia
1249 2866 1380 2905 omne,
1413 2853 1520 2907 quod
1551 2858 1613 2895 est
1642 2854 1683 2895 in

24 2919 194 2973 mundo,
236 2924 307 2962 aut
345 2925 407 2963 est
443 2920 636 2977 superbia
672 2921 753 2963 vite
786 2926 857 2963 aut
886 2923 1219 2978 concupiscencia
1250 2923 1455 2965 oculorum
1489 2928 1559 2966 aut
1588 2937 1683 2967 con·
1707 2931 1753 2966 40
