1954 3137
199 2407 267 2448 66.

199 2554 268 2595 67.

201 2700 270 2741 68.

203 2847 271 2887 69.

1002 64 1059 107 26

305 170 369 213 De
402 170 571 212 domina
603 173 644 212 et
665 169 797 212 milite
820 173 861 212 et
880 168 1042 212 falcone
1063 173 1104 212 et
1124 168 1247 212 rebus
1268 169 1582 225 temporalibus.
1630 168 1878 225 Pompeyus.

307 241 483 293 (Falke.)
532 240 604 282 lat.
630 241 699 282 84.

247 346 255 354 .
303 312 367 354 De
399 311 532 354 tribus
567 310 688 352 sociis
722 314 763 352 et
782 323 864 352 uno
888 322 995 365 pane
1018 313 1093 352 ete.
1139 309 1261 366 Olym
1284 313 1404 353 erant
1424 314 1508 352 tres
1531 310 1643 352 socii.
1690 309 1881 362 (Traum-

304 381 438 430 brod.)
487 381 558 423 lat.
586 381 682 422 106.

247 485 255 493 .
305 452 367 494 De
401 465 527 506 puero
560 450 781 493 nutriendo
815 454 856 493 et
885 450 984 506 lupo
1018 454 1059 493 et
1089 455 1269 506 pastore.
1322 450 1473 493 Lucius
1506 450 1708 503 regnavit.
1756 449 1883 500 (Kind

307 525 571 573 anvertraut3
606 521 733 572 wolf.)
780 535 909 574 germ.
935 523 1002 563 34.

248 626 256 634 .
304 592 368 634 De
399 592 572 634 muliere
605 591 839 634 adulterata
867 595 908 635 et
927 592 1051 635 beata
1073 592 1246 645 virgine.
1287 591 1498 633 Adrianus
1520 590 1723 644 regnavit.
1766 590 1884 643 (Ker-

306 662 617 717 kergespraeh.)
669 661 740 703 lat.
766 663 834 704 86.

307 733 370 775 De
410 736 586 787 quatuor
625 732 704 773 viis
745 736 786 775 et
825 733 912 775 vita
942 733 1135 775 hominis.
1191 733 1336 775 Tulius
1367 732 1411 774 in
1444 732 1612 774 civitate
1642 744 1747 774 rom.
1769 744 1883 785 regn.

308 803 460 854 (Kreuz
495 803 572 845 mit
602 803 877 854 insohriften.)
924 803 996 846 lat.
1023 803 1090 845 65.

309 874 372 916 De
405 874 524 927 nigro
558 886 662 926 equo
696 878 737 916 et
767 887 868 916 eane
901 878 942 916 et
972 874 1134 917 falcone
1167 877 1208 916 et
1239 886 1378 916 cornu.
1429 872 1660 928 Symaohus
1681 873 1884 926 regnavit.

308 944 552 996 (Schwarz.)
599 944 671 985 lat.
697 945 764 986 35.

251 1049 259 1058 .
308 1015 371 1057 De
410 1014 497 1056 filia
535 1014 644 1068 regis
685 1028 760 1069 pro
801 1027 883 1069 qua
920 1013 1040 1057 miles
1080 1015 1281 1070 pugnavit
1317 1018 1392 1057 eto.
1458 1012 1651 1056 Severius
1682 1013 1886 1068 regnavit.

310 1085 488 1138 (Waffen
520 1085 790 1138 aufh'angen.)
838 1085 910 1127 lat.
935 1086 1003 1127 66.

250 1190 259 1198 .
308 1156 371 1198 De
403 1156 550 1210 milite,
583 1155 775 1209 dracone,
808 1155 927 1198 leone
960 1160 1001 1198 et
1021 1156 1140 1198 mari.
1186 1156 1424 1198 Anthonius
1446 1155 1649 1209 regnavit.
1695 1155 1888 1209 (Wiiste.)

312 1241 335 1269 a
350 1241 363 1268 J
379 1241 407 1268 ).
433 1229 471 1268 o‘.

307 1241 381 1345 DleI
418 1302 571 1345 aneilla
617 1315 696 1356 que
743 1305 912 1344 cantum
961 1301 1099 1344 avium
1147 1302 1367 1345 intellexit.
1430 1302 1642 1345 Adrianus
1684 1302 1888 1356 regnavit.

310 1373 504 1425 (Hahne.)
551 1373 623 1415 lat.
649 1373 717 1414 68.

308 1450 371 1491 De
404 1449 666 1504 carpentario
701 1452 742 1491 et
773 1449 947 1491 camisia
979 1453 1020 1492 et
1050 1463 1180 1492 uxore
1213 1463 1288 1492 sua
1319 1454 1445 1492 casta.
1500 1448 1653 1492 Passus
1685 1449 1888 1503 regnavit.

311 1519 759 1571 (Keusohheitshemd.)
807 1519 879 1561 lat.
904 1521 972 1561 69.

231 1630 261 1639 Α.
310 1596 374 1638 De
414 1596 630 1649 sagittario
663 1598 704 1637 et
737 1595 975 1650 philomena
1008 1601 1048 1638 et
1079 1596 1129 1639 de
1162 1600 1238 1638 sta.
1262 1596 1462 1639 trinitate.
1518 1595 1770 1649 Sagittarius
1802 1595 1892 1651 qui-

312 1667 420 1708 dam.
471 1666 589 1717 (Drei
621 1666 892 1717 weisheiten.)
940 1667 1011 1709 lat.
1040 1668 1135 1708 167.

254 1777 263 1785 .
310 1743 374 1785 De
413 1742 500 1784 filia
538 1742 648 1795 regis
690 1755 768 1795 que
807 1743 941 1785 noluit
979 1744 1113 1785 virum
1156 1743 1305 1785 ducere
1338 1746 1413 1785 etc.
1467 1741 1572 1785 Erat
1605 1742 1775 1798 quidam
1806 1756 1894 1786 rex.

314 1813 431 1864 (Drei
462 1813 638 1866 fragen.)
686 1812 758 1854 lat.
784 1814 853 1855 70.

256 1924 264 1932 .
312 1890 376 1932 De
407 1889 492 1930 filio
526 1889 594 1943 qui
629 1892 714 1930 tres
748 1889 903 1931 amicos
935 1890 978 1931 in
1010 1890 1165 1932 mundo
1198 1890 1431 1945 acquisivit.
1481 1889 1659 1940 Quidam
1691 1903 1765 1932 rex
1793 1893 1894 1933 erat.

312 1959 704 2014 (Freundesprobe.)
751 1959 822 2001 lat..
851 1961 946 2002 129.

255 2069 263 2078 .
313 2037 376 2078 De
408 2036 603 2077 thesauro
637 2040 678 2077 et
712 2039 856 2077 trunco
891 2040 931 2077 et
954 2036 1070 2079 fabro
1095 2037 1164 2091 qui
1185 2036 1328 2092 rapuit
1348 2040 1554 2079 truncum.
1601 2037 1707 2080 Erat
1728 2037 1898 2092 quidam

316 2119 479 2148 avarus.
528 2105 696 2157 (Sehatz
732 2107 788 2147 im
822 2107 1003 2158 haume.)
1050 2107 1121 2149 lat.
1151 2108 1244 2148 109.

315 2183 379 2225 De
411 2183 527 2236 aquis
561 2186 602 2224 et
634 2182 768 2224 tribus
801 2183 1003 2237 pastellis.
1054 2183 1188 2235 (Ende
1219 2197 1299 2226 von
1332 2197 1421 2239 cap.
1447 2184 1534 2236 63.)

258 2292 266 2301 .
315 2259 378 2301 De
419 2259 778 2301 buoeinationibus
819 2262 860 2300 et
897 2259 1019 2301 unica
1050 2264 1196 2302 morte.
1253 2260 1429 2310 Quidam
1461 2274 1537 2303 rex
1569 2263 1671 2303 erat.
1727 2259 1898 2311 (Todes-

315 2330 552 2384 trompete.)
599 2329 671 2371 lat.
700 2330 796 2370 143.

315 2405 379 2447 De
419 2405 491 2446 illo
531 2405 599 2458 qui
640 2405 748 2446 eruit
784 2405 863 2447 sibi
897 2405 1036 2448 oeulos
1069 2413 1115 2450 ut
1146 2411 1313 2450 centum
1347 2406 1501 2449 solidos
1532 2405 1717 2449 haberet.
1770 2406 1898 2457 Quin-

316 2476 431 2517 tillus
464 2476 667 2528 regnavit.
718 2477 821 2526 (100
846 2477 1079 2529 grosohen.)
1126 2477 1197 2520 lat.
1224 2479 1291 2520 73.

317 2552 381 2594 De
420 2565 544 2593 aureo
583 2565 706 2606 pomo
749 2555 789 2594 et
822 2553 948 2594 stulto
981 2557 1022 2595 et
1052 2553 1133 2596 fine
1165 2554 1358 2596 hominis.
1411 2553 1663 2596 Aurelianus
1694 2553 1897 2607 regnavit.
1928 2580 1935 2583 »

319 2622 642 2677 (Narrenapfel.)
690 2622 761 2664 lat.
787 2623 854 2664 74.

319 2699 381 2740 De
421 2698 580 2740 duobus
620 2698 793 2741 medicis
834 2713 1007 2753 quorum
1046 2714 1153 2743 unus
1193 2700 1320 2743 alium
1353 2700 1446 2743 odio
1477 2699 1668 2742 habebat.
1722 2699 1899 2750 Quidam

319 2783 391 2811 rex
428 2773 526 2811 erat.
579 2769 886 2823 (Ziegenauge.)
933 2771 1004 2812 lat.
1030 2773 1097 2813 76.

319 2845 382 2887 De
423 2846 619 2900 passione
654 2846 783 2888 eristi.
839 2847 1023 2897 Quedam
1056 2849 1203 2891 civitas
1235 2851 1337 2890 erat.
1395 2846 1575 2898 (Draohe
1606 2844 1736 2889 durch
1765 2846 1900 2890 lowen

323 2916 537 2968 entsernt.)
587 2930 682 2972 app.
706 2918 745 2958 4.
