1919 3131
53 167 121 209 31.

51 308 119 350 32.

49 451 117 492 33.

47 592 115 634 34.

45 733 112 776 35.

43 876 110 918 36.

41 1019 109 1061 37.

40 1161 108 1203 38.

39 1303 106 1345 39.

36 1446 106 1488 40.

36 1589 105 1631 41.

33 1731 102 1774 42.

32 1875 100 1917 43.

30 2017 99 2059 44.

29 2159 97 2202 45.

28 2301 95 2344 46.

25 2443 94 2486 47.

25 2585 93 2628 48.

23 2726 91 2770 49.

863 71 918 112 75

169 167 231 210 De
269 169 517 225 imperatore
556 177 597 215 et
628 173 710 216 filio
745 177 813 230 qui
846 177 1047 232 virginem
1082 180 1308 225 defloravit.
1365 185 1503 228 Refert
1536 187 1725 231 valerius

169 238 418 291 (Zaleucus.)
463 242 532 285 lat.
557 244 624 286 50.

167 309 229 352 De
261 311 508 366 probaeione
540 315 737 359 bonorum
771 323 811 361 et
833 319 1045 363 malorum.
1095 322 1293 367 Ezechias
1317 329 1516 381 regnavit.
1557 329 1724 373 (Baum-

167 380 295 436 erbe.)
338 396 464 436 germ.
491 386 558 427 81.

165 451 227 494 De
267 458 420 508 yonata
460 456 527 509 qui
561 457 703 501 habuit
735 461 814 503 tria
847 461 1037 505 clinodia.
1090 464 1241 509 Darius
1275 468 1314 509 in
1348 469 1524 513 civitate.
1577 471 1722 516 (Jona-

165 522 290 568 thas.)
335 524 404 566 lat.
434 527 525 568 1⁶2⁰.

163 592 226 635 De
258 594 385 637 nimia
418 600 731 655 presumpcione
763 606 837 644 etc.
887 603 1142 650 Dominicius
1177 609 1402 664 imperator
1430 626 1541 667 regn.
1590 614 1721 661 (Jovi-

162 665 342 712 nianus.)
388 667 457 709 lat.
482 671 550 710 5¹).

161 734 224 778 De
255 735 338 778 filio
368 739 577 783 forstuarii
607 745 681 785 eto.
723 743 965 789 Hambribal
988 750 1176 802 regnavit
1198 752 1337 795 multis
1360 754 1490 796 annis.
1532 755 1721 813 (Redde.)

159 806 229 849 lat.
254 808 321 850 ⁶20.

159 876 221 920 De
266 879 373 922 dulci
421 882 600 925 melodia
647 888 687 926 et
727 886 944 941 piscatore.
1008 890 1208 947 Tyberius
1246 894 1288 935 in
1329 896 1495 939 civitate
1534 912 1716 943 romana.

157 948 334 1003 (Goldne
366 952 517 1007 angel.)
562 954 632 997 lat.
658 956 724 998 85.

157 1019 220 1062 De
252 1021 502 1077 imperatore
534 1027 647 1080 cujus
680 1027 803 1070 tiliam
829 1030 948 1073 duxit
971 1031 1172 1077 Socrates.
1220 1037 1457 1082 Alexander
1478 1040 1714 1097 imperator.

155 1090 365 1146 (Socrates
398 1094 634 1152 heirathet.)
682 1099 751 1142 lat.
777 1102 843 1142 61.

155 1162 218 1205 De
258 1163 477 1208 florentina
515 1181 592 1222 que
631 1170 768 1224 signat
800 1173 992 1216 animam.
1050 1175 1188 1233 Gayus
1220 1179 1263 1220 in
1295 1180 1474 1225 civitate.
1529 1182 1715 1238 (Floren-

155 1233 276 1290 tina.)
320 1236 392 1279 lat.
416 1238 483 1280 62.

155 1304 218 1348 De
250 1312 442 1364 serpente
473 1323 677 1367 campana
708 1318 748 1356 et
772 1315 941 1369 judicio.
996 1318 1250 1363 Theodosius
1280 1325 1481 1377 regnavit.
1535 1327 1715 1382 (Riigen-

155 1376 332 1433 glocke.)
378 1379 447 1422 lat.
476 1382 569 1424 105.

153 1447 217 1491 De
248 1449 365 1492 leone
395 1451 514 1495 leena
545 1458 585 1496 et
615 1454 821 1511 leopardo.
871 1457 1043 1513 Legitur
1069 1462 1175 1516 quod
1199 1464 1364 1518 quidam
1387 1480 1474 1509 rex.
1521 1467 1715 1527 (Lowin.)

152 1519 223 1562 lat.
252 1521 344 1564 181.

153 1589 215 1633 De
262 1596 351 1634 orto
399 1607 518 1648 quem
567 1609 666 1653 aper
705 1598 920 1643 destruxit.
985 1603 1202 1658 Tyrannus
1241 1607 1284 1649 in
1323 1608 1488 1652 civitate
1527 1625 1711 1656 romana.

151 1661 280 1716 (Eber
311 1664 415 1707 ohne
447 1665 578 1722 herz.)
623 1668 693 1711 lat.
720 1671 787 1712 83.

149 1732 213 1776 De
244 1735 403 1789 virgine
436 1750 512 1792 que
545 1741 756 1784 camisiam
788 1743 953 1786 fecerat.
1006 1746 1212 1791 Antonius
1244 1750 1287 1792 in
1319 1751 1496 1796 civitate.
1544 1753 1710 1811 (Hemd,

150 1804 237 1848 drei
269 1806 383 1862 zoll.)
432 1808 502 1851 lat.
529 1811 596 1852 64.

148 1875 210 1919 De
242 1878 372 1922 milite
406 1885 446 1923 et
475 1881 634 1925 falcone
667 1887 707 1926 et
738 1883 916 1929 domina.
963 1886 1198 1946 Pompeyus
1230 1892 1272 1934 in
1302 1893 1481 1937 civitate.
1530 1895 1579 1951 (F
1584 1895 1709 1953 alke.)

146 1946 217 1990 lat.
242 1949 310 1990 84.

146 2017 209 2061 De
241 2019 373 2063 tribus
404 2023 525 2066 sociis
558 2028 598 2068 et
629 2039 708 2067 uno
740 2040 858 2082 pane.
909 2028 1016 2072 Olim
1047 2031 1215 2075 fuerunt
1245 2037 1330 2077 tres
1355 2038 1466 2079 socii.
1515 2038 1705 2093 (Traum-

145 2090 280 2145 brod.)
324 2092 394 2135 lat.
424 2095 516 2137 106.

145 2160 208 2204 De
239 2176 366 2218 puero
398 2170 564 2220 pastore
596 2171 635 2210 et
665 2168 775 2226 lupo.
823 2170 982 2215 Lueeus
1005 2176 1194 2228 regnavit
1216 2177 1285 2232 qui
1307 2179 1464 2223 statuit.
1509 2179 1704 2239 (Gnade.)

142 2246 270 2286 germ.
293 2235 361 2276 34.

143 2302 206 2346 De
237 2305 409 2349 muliere
440 2308 671 2354 adulterata
692 2314 733 2354 et
753 2311 848 2355 filio.
897 2315 1106 2359 Adrianus
1129 2320 1318 2372 regnavit
1338 2334 1463 2364 rome.
1504 2322 1700 2378 (Kerker-

141 2376 374 2431 gespraoh.)
418 2378 488 2422 lat.
513 2381 580 2423 89.

141 2445 204 2488 De
235 2448 366 2490 tribus
398 2450 476 2492 viis
509 2455 550 2493 et
580 2452 665 2495 vita
696 2453 886 2498 hominis.
940 2457 1110 2502 Melirus
1148 2463 1349 2516 regnavit.
1401 2462 1545 2519 (Sonst
1580 2464 1699 2522 vier.)

141 2517 294 2571 (Kreuz
326 2521 403 2563 mit
434 2522 709 2578 inschriften.)
753 2525 824 2568 lat.
849 2528 916 2570 65.

141 2587 205 2631 De
235 2591 353 2644 nigro
385 2605 485 2635 cane
517 2598 558 2636 et
587 2594 745 2638 falcone
778 2601 818 2640 et
849 2611 987 2642 cornu.
1036 2600 1264 2658 Symaohus
1296 2606 1494 2659 regnavit.
1543 2605 1698 2662 (Lemi-

139 2659 259 2715 oius.)
303 2660 549 2719 (Schwarz.)
594 2679 721 2720 germ.
746 2668 813 2710 35.

137 2729 200 2773 De
231 2731 317 2775 filia
348 2735 455 2789 regis
487 2750 561 2792 pro
595 2750 676 2792 qua
706 2738 824 2782 miles
849 2743 1062 2796 pugnavit.
1107 2743 1249 2788 Seoius
1271 2748 1470 2800 regnavit.
1518 2748 1696 2804 (Waffen

139 2802 406 2860 aufhangen.)
450 2805 521 2849 lat.
545 2809 613 2850 66.

135 2871 199 2915 De
236 2875 367 2918 milite
403 2876 521 2921 leone
557 2879 734 2923 dracone
765 2885 806 2924 et
835 2884 953 2926 mari.
1007 2886 1214 2930 Antonius
1245 2889 1445 2943 regnavit.
1500 2889 1694 2948 (Wiiste.)

137 2940 230 2999 app.
255 2946 293 2987 3.
