1954 3137
190 176 255 216 (37.

190 318 257 358 (38.

190 459 256 500 (39.

191 600 257 641 70.

997 66 1051 109 56

306 173 438 225 (Ohne
468 173 745 223 iiberschrift.)
792 173 948 225 Regina
980 172 1155 227 quedam
1189 172 1375 227 concepit
1406 185 1454 214 ex
1487 170 1686 214 adulterio
1717 170 1859 214 filium.

306 244 532 295 (Zweierlei
563 244 688 296 tuch.)
735 244 806 287 lat.
832 246 898 286 26.

309 316 370 358 De
391 318 580 370 serpente
601 315 727 369 ligato
750 319 791 358 et
813 316 899 357 viro
923 318 997 358 etc.
1040 313 1210 367 Legitur
1232 314 1281 356 de
1304 313 1477 368 quodam
1501 314 1600 355 viro.
1644 313 1862 369 (Schlange

305 387 449 438 lesen.)
495 385 565 428 lat.
594 387 688 428 174.

307 458 369 500 De
401 457 564 499 homine
596 457 779 511 gibboso,
812 455 1025 498 monoculo
1049 459 1122 498 etc.
1171 455 1345 505 Quidam
1367 456 1556 497 dominus
1579 459 1678 498 erat.
1727 455 1860 508 (Zoll.)

305 528 374 570 lat.
404 529 496 569 157.

306 599 367 641 De
399 599 617 641 inimicitia
649 599 821 640 duorum
851 599 1024 640 fratrum
1059 602 1133 640 etc.
1184 597 1352 652 Legitur
1374 598 1415 639 in
1438 598 1563 651 gestis
1585 611 1860 640 romanorum.

307 669 559 721 (Feindliche
591 670 772 721 briider.)
819 669 890 711 lat.
917 670 983 711 39.

249 774 257 783 .
305 741 368 783 De
399 741 682 796 redemptione
713 741 874 794 generis
906 741 1087 782 humani.
1137 740 1312 782 Cosdras
1339 740 1562 795 imperator
1593 742 1860 796 pugnaturus.

308 811 512 863 (Codrus.)
559 812 629 854 lat.
654 812 722 853 41.

308 882 370 925 De
410 883 745 938 peregrinacione
787 882 962 924 hominis
1003 886 1077 924 etc.
1142 881 1244 924 Erat
1282 882 1448 936 quidam
1487 882 1607 924 homo
1645 882 1861 924 transiens.

307 954 513 1006 (Bi-iicke.)
560 968 686 1007 germ.
712 954 779 995 53.

307 1025 370 1067 De
401 1039 496 1078 rege
529 1026 598 1080 qui
630 1025 772 1067 habuit
803 1028 887 1067 tres
919 1024 1023 1066 filios
1056 1028 1132 1067 etc.
1180 1024 1354 1075 Quidam
1377 1038 1449 1067 rex
1472 1024 1615 1066 habuit
1639 1028 1722 1066 tres
1744 1022 1862 1066 filios.

309 1095 587 1148 (Glassteine.)
636 1110 729 1152 app.
752 1097 816 1137 14.

306 1167 368 1210 De
392 1168 690 1223 dampnacione
722 1168 889 1209 humani
921 1167 1082 1220 generis
1107 1171 1181 1209 etc.
1230 1167 1370 1209 Refert
1392 1166 1648 1209 Valerianus.
1698 1165 1866 1219 (Mutter

307 1238 474 1290 stillen.)
525 1252 618 1294 app.
647 1239 711 1280 19.

305 1309 367 1351 De
400 1309 563 1365 ethiope
596 1310 665 1365 qui
696 1309 809 1364 ligna
840 1310 882 1351 in
915 1309 1019 1352 silva
1049 1310 1224 1364 collegit.
1275 1309 1444 1363 Legitur
1474 1309 1517 1351 in
1548 1309 1653 1351 vitas
1684 1312 1862 1365 patrum.

307 1380 422 1433 (Drei
454 1384 634 1432 narren.)
682 1381 752 1422 lat.
781 1382 875 1422 165.

307 1451 369 1494 De
408 1451 539 1494 milite
578 1452 646 1507 qui
686 1452 896 1494 civitatem
936 1453 1138 1507 quandam
1181 1456 1255 1494 etc.
1319 1451 1553 1507 Pompeyus
1591 1452 1746 1494 statuit.
1803 1451 1865 1504 (In

308 1522 453 1566 waffen
484 1523 719 1577 begraben.)
765 1523 837 1565 lat.
865 1524 958 1565 134.

251 1628 261 1638 .
309 1594 370 1637 De
392 1595 689 1648 ingratitudine
712 1598 751 1637 et
772 1595 1055 1637 misericordia
1077 1594 1215 1637 oblita.
1249 1594 1458 1638 Hcmicius
1474 1595 1673 1648 regnavit.
1708 1594 1864 1650 (Sydo.)

309 1666 514 1720 (Ingratus
545 1667 629 1708 und
661 1665 826 1718 Guido.)
875 1667 945 1708 lat.
972 1667 1065 1707 119.

309 1737 371 1779 De
402 1741 630 1779 mercatore
662 1738 730 1792 qui
763 1738 1017 1793 ymperatori
1045 1737 1230 1779 vendidit
1253 1741 1327 1779 etc.
1377 1737 1644 1779 Domicianus
1667 1737 1865 1791 regnavit.

312 1809 429 1861 (Drei
460 1809 698 1851 weisheiten
731 1810 986 1861 verkaufen.)
1034 1809 1103 1850 lat.
1132 1810 1225 1850 103.

309 1880 371 1922 De
413 1880 588 1934 quodam
635 1880 766 1923 milite
812 1881 978 1922 nomine
1024 1879 1208 1935 placidus
1251 1884 1324 1922 etc.
1387 1879 1489 1921 Erat
1529 1880 1695 1934 quidam
1735 1879 1866 1922 miles.

312 1950 548 2003 (Placidus.)
595 1951 666 1993 lat.
694 1953 788 1993 110.

311 2023 373 2065 De
415 2023 665 2078 imperatore
705 2023 774 2077 qui
813 2022 937 2064 filiam
984 2036 1099 2064 suam
1142 2025 1216 2065 etc.
1276 2022 1462 2065 Valerius
1509 2023 1698 2076 regnavit
1741 2035 1866 2064 rome.

312 2093 520 2146 (Stricke.)
568 2107 661 2149 app.
690 2095 754 2135 16.

518 2215 631 2250 XIII.
670 2214 759 2250 Cod.
787 2214 1032 2259 Guelferbyt.
1057 2214 1221 2259 August.
1246 2214 1312 2262 14,
1338 2215 1382 2262 5,
1413 2216 1545 2260 quart.

699 2281 752 2316 Bl.
771 2281 981 2315 355—361.
1024 2280 1104 2315 XV.
1125 2281 1177 2326 jh.
1217 2282 1261 2316 22
1287 2292 1364 2326 cap.

314 2364 427 2406 Oben
461 2378 525 2406 am
558 2365 703 2407 rande:
742 2365 949 2420 Incipiunt
979 2365 1044 2406 hic
1075 2369 1191 2419 gesta
1222 2366 1510 2408 Romanorum.
1565 2365 1707 2419 Danu,
1745 2365 1869 2407 leicht

198 2435 527 2478 durchstrichen:
567 2435 789 2489 Gregorius
832 2436 1048 2492 episcopus
1086 2451 1297 2479 servorum
1331 2438 1390 2489 (d.
1409 2438 1435 2479 i.
1460 2437 1624 2489 servus)
1657 2449 1868 2479 servorum

199 2507 264 2549 dei
293 2506 604 2548 Venerabilibus
636 2507 831 2549 fratribus
865 2507 1170 2564 archiepiscopo
1193 2509 1386 2564 pragensi
1408 2509 1575 2563 ejusque
1597 2507 1865 2562 suffraganeo.
1912 2560 1919 2564 ἱ

200 2577 391 2620 Offenbar
422 2577 574 2619 blosser
606 2592 771 2632 auszug.

232 2662 268 2702 1.

231 2804 269 2844 2.

231 2875 270 2915 3.

315 2660 547 2702 Dorotheus
584 2661 811 2716 imperator
849 2663 994 2704 statuit
1032 2676 1104 2717 pro
1146 2663 1247 2716 lege.
1303 2662 1444 2715 (Vater
1482 2661 1579 2704 oder
1609 2665 1762 2704 mutter
1791 2661 1868 2703 fol-

316 2732 423 2784 gen.)
470 2731 540 2773 lat.
567 2733 631 2773 14.

317 2802 519 2855 Regnavit
551 2802 717 2857 quidam
748 2803 913 2846 nomine
945 2804 1146 2859 polonius.
1197 2803 1298 2856 (Der
1327 2804 1506 2856 faulste.)
1557 2803 1627 2845 lat.
1652 2804 1719 2845 91.

319 2872 538 2927 Gregorius
571 2887 643 2915 rex
677 2874 726 2916 de
758 2874 892 2929 prima
919 2888 1047 2917 uxore
1069 2875 1210 2928 genuit
1230 2874 1370 2916 filium.
1419 2874 1561 2926 (Vater
1580 2874 1728 2928 heilen,
1759 2877 1867 2916 mut-

317 2948 379 2986 ter
409 2944 550 2997 nicht.)
597 2944 666 2987 lat.
696 2946 787 2986 112.
