1929 3157
80 200 149 241 35.

79 341 149 382 36.

79 482 147 523 37.

79 624 147 664 38.

899 95 951 135 97

198 199 261 241 De
302 198 460 240 duobus
499 199 621 239 sociis
662 199 769 252 quod
810 212 915 240 unus
956 204 1045 241 crat
1085 199 1250 254 sapiens
1293 197 1397 239 alter
1438 200 1575 238 autem
1608 196 1772 238 stultus.

199 268 375 320 (Weiser
407 269 510 322 folgt
543 269 634 310 dem
670 272 852 321 narren.)
900 269 970 311 lat.
996 271 1064 311 (37.

197 339 330 388 (Ohne
370 340 648 390 iiberschrift.)
713 340 889 390 Quidam
931 355 1004 383 rex
1047 339 1193 382 statuit
1231 351 1305 393 pro
1344 338 1433 391 lege
1468 341 1511 379 ut
1543 338 1776 391 quicunque

196 411 302 452 mori
335 411 515 452 deberet.
566 411 956 467 (Pedestrompete.)
1005 410 1076 451 lat.
1107 410 1199 451 143.

196 481 259 524 De
307 481 465 523 duobus
505 482 619 523 canis
659 482 891 523 contrariis.
955 481 1131 531 Quidam
1171 479 1350 522 habebat
1388 480 1490 521 duos
1530 478 1773 534 leporarius.

197 551 453 603 (Feindliehe
486 552 637 604 hunde,
671 553 797 603 wolf.)
842 553 912 594 lat.
943 553 1035 593 133.

196 622 259 665 De
290 623 525 665 humilitate
559 628 599 665 et
631 623 846 678 speciebus
881 623 980 677 ejus.
1030 623 1171 664 Refert
1193 625 1306 677 tytus
1330 634 1451 676 yrcus
1476 619 1582 674 quod
1605 620 1777 662 inventa

197 694 288 736 fuit.
338 694 539 746 (Goldner
570 694 709 746 tisch.)
757 693 901 736 Bricht
933 694 987 735 im
1024 693 1201 747 aufange
1235 692 1298 734 ab.
1350 694 1462 746 (app.
1496 692 1574 742 12.)

489 869 654 905 XXVII.
692 868 784 905 0011.
810 869 1069 905 Pomersfeld.
1096 868 1206 913 2793,
1233 867 1368 911 quart.

651 941 704 975 Bl.
727 941 867 975 1—64.
910 941 1010 975 1394.
1050 940 1094 973 93
1121 949 1201 983 cap.

196 1037 257 1079 Bl.
277 1038 382 1089 6-1α,
415 1050 476 1092 sp.
497 1037 543 1078 2:
575 1036 763 1091 Explicit
794 1036 898 1078 liber
930 1036 1009 1077 iste
1043 1049 1115 1090 per
1148 1047 1295 1075 manus
1319 1032 1532 1086 cujusdam
1557 1031 1659 1073 socii
1692 1030 1776 1073 Sub

76 1121 185 1150 anno
216 1108 522 1149 incarnacionis
555 1107 713 1148 domini
741 1107 962 1149 Millesimo
993 1105 1300 1148 Trecentesimo
1324 1103 1603 1156 Nonagesimo
1628 1106 1776 1157 quarto

76 1178 120 1220 in
152 1178 218 1221 die
251 1183 392 1221 sancte
426 1178 651 1221 Scolastice
685 1178 858 1232 virginis
893 1182 969 1220 etc.

111 1264 146 1302 1.

107 1403 146 1444 2.

107 1545 146 1586 3.

106 1688 146 1728 4.

85 2679 150 2721 12.

86 2820 151 2862 13.

49 2943 52 2947 .
86 2891 151 2932 14.

194 1261 429 1304 Dorotheus
467 1262 695 1317 imperator
734 1265 920 1303 statuens
962 1274 1037 1316 pro
1078 1260 1169 1313 lege
1210 1258 1319 1313 quod
1360 1256 1448 1298 filii.
1503 1255 1648 1309 (Vater
1680 1255 1779 1298 oder

152 1348 157 1353 ·
195 1336 350 1375 mutter
381 1332 551 1386 folgen.)
599 1332 671 1374 lat.
700 1333 765 1374 14.

196 1401 430 1456 Gorgonius
470 1403 661 1456 regnavit
701 1404 742 1445 in
782 1403 950 1446 civitate
989 1414 1172 1443 romana.
1238 1399 1384 1452 (Vater
1427 1397 1583 1451 heilen‚
1624 1401 1779 1440 mutter

194 1472 344 1528 nicht.)
389 1474 460 1516 lat.
490 1475 584 1515 112.

194 1544 381 1587 Adonias
433 1545 624 1599 regnavit
675 1549 822 1600 potens
872 1543 991 1586 valde
1044 1542 1115 1597 qui
1166 1543 1467 1584 torneamenta.
1532 1537 1777 1593 (Turnier.)

195 1615 267 1657 lat.
299 1618 392 1658 113.

195 1686 394 1729 Polimius
426 1688 469 1729 in
492 1687 660 1730 civitate
693 1686 900 1729 babilonie
933 1685 1124 1739 regnavit
1146 1683 1217 1738 qui
1238 1688 1322 1725 tres
1344 1682 1451 1724 filios
1473 1680 1630 1723 habuit.
1674 1679 1778 1733 (Der

194 1756 378 1810 faulste.)
426 1757 498 1800 lat.
523 1760 592 1800 91.

195 1828 259 1871 De
297 1829 505 1884 superbia.
561 1829 801 1871 Alexander
840 1828 1031 1881 regnavit
1069 1826 1141 1881 qui
1180 1824 1410 1866 dominium
1450 1823 1583 1865 tocius
1620 1821 1777 1864 mundi.

198 1898 429 1954 (Basilisk.)
476 1900 548 1942 lat.
577 1901 672 1942 139.

195 1971 258 2014 De
290 1971 561 2014 confessione.
609 1970 787 2020 Quidam
819 1970 938 2012 miles
964 1969 1043 2011 suit
1066 1968 1136 2023 qui
1159 1971 1342 2010 castrum
1363 1966 1483 2008 forte.
1533 1963 1778 2018 <Storchin.)

197 2042 269 2084 lat.
295 2043 363 2084 82.

139 2146 148 2154 .
195 2112 259 2155 De
299 2112 452 2166 gracia.
507 2112 718 2154 Adrianus
758 2111 949 2166 regnavit
987 2124 1102 2152 rome
1140 2109 1256 2151 (lives
1290 2107 1422 2150 valde.
1480 2103 1778 2161 (Sarkophag.)

196 2183 268 2225 lat.
298 2184 363 2225 16.

196 2253 260 2296 De
281 2254 494 2296 ebrietate.
536 2253 599 2296 De
622 2254 801 2309 quodam
823 2253 1012 2308 principe
1034 2252 1105 2307 qui
1127 2264 1210 2293 non
1234 2250 1369 2306 potuit
1391 2249 1598 2291 resistere.
1641 2247 1780 2301 (Wein

197 2325 422 2378 vergiftet.)
471 2325 542 2367 lat.
568 2326 636 2366 88.

197 2395 261 2438 De
292 2396 384 2438 fide.
433 2395 521 2438 Rex
555 2395 722 2450 quidam
756 2395 902 2437 habuit
932 2398 1016 2436 tres
1048 2393 1167 2435 filios.
1216 2391 1336 2447 (Drei
1368 2388 1518 2445 ringe.)
1565 2390 1637 2431 lat.
1663 2389 1731 2430 89.

198 2465 261 2508 De
286 2467 458 2521 judicio.
507 2466 661 2508 Narrat
691 2465 898 2509 Eusebius
930 2465 973 2506 in
1006 2464 1195 2506 cronicis.
1246 2460 1492 2517 (Coriolan.)
1538 2461 1609 2503 lat.
1639 2460 1733 2501 137.

142 2570 150 2579 .
199 2537 261 2580 De
293 2538 500 2593 passione.
549 2538 653 2580 Item
686 2538 736 2580 de
767 2536 919 2590 gracia.
968 2534 1154 2585 Quedam
1182 2533 1335 2576 nobilis
1366 2533 1504 2575 vidua.
1552 2530 1673 2586 (Stab
1695 2530 1781 2572 und

199 2606 374 2662 tasche.)
420 2608 491 2650 lat.
517 2609 585 2650 25.

198 2678 262 2721 De
283 2679 570 2721 tribulacione.
612 2679 817 2721 Narratur
840 2677 948 2732 quod
972 2676 1140 2731 quidam
1162 2676 1402 2731 imperator.
1437 2671 1779 2728 (Kaisertochter,

200 2748 446 2803 seneschal.)
489 2763 619 2803 germ.
649 2752 713 2790 11.

199 2820 262 2862 De
295 2824 475 2876 peccato.
523 2820 628 2862 Erat
660 2819 828 2873 quidam
861 2819 1101 2873 imperator.
1151 2813 1412 2872 (Schindeu.)
1457 2814 1529 2856 lat.
1554 2814 1624 2855 29.

199 2890 263 2932 De
310 2894 477 2946 peccato
525 2894 566 2932 et
605 2890 776 2945 judicio.
846 2888 1020 2939 Quidam
1073 2889 1302 2943 imperator
1355 2888 1444 2928 erat
1495 2884 1566 2938 qui
1618 2883 1777 2926 statuit.

200 2959 456 3016 (Triumph.)
502 2961 574 3002 lat.
598 2962 667 3002 30.

146 3042 369 3078 Oesterley.
393 3042 484 3070 Gesta
506 3042 717 3069 Romanorum.
1432 3031 1450 3064 ’ἶ
