1919 3157
924 54 1003 96 381

127 147 291 191 Accidit
321 151 460 204 semel,
493 154 598 207 quod
631 156 806 199 maritus
837 158 887 200 ad
920 161 1264 214 peregrinandum
1300 169 1495 222 perrexit,
1528 169 1599 211 illa
1632 185 1725 214 vero
1758 174 1797 216 in

126 219 351 263 continenti
386 224 544 265 vocavit
575 227 775 269 amasium
811 242 941 271 suum.
990 230 1169 274 Domina
1193 234 1262 276 illa
1285 238 1489 289 quandam
1514 241 1701 284 ancillam
1727 243 1797 286 ha-

125 287 259 343 bebat,
292 305 368 345 que
401 298 543 335 cantus
577 297 713 339 avium
747 299 967 353 intellexit3
1001 315 1091 344 cum
1126 317 1221 346 vero
1255 309 1434 350 amasius
1469 312 1646 366 veniret,
1680 320 1798 358 erant

122 363 221 403 tunc
260 364 456 418 temporis
496 370 579 406 tres
618 368 715 420 galli
756 370 795 411 in
836 372 960 413 curia.
1010 372 1143 416 Media
1184 382 1300 419 nocte
1341 392 1430 421 cum
1471 384 1650 426 amasius
1675 386 1797 438 juxta

121 429 329 474 dominam
364 434 583 489 jacuisset,
628 440 783 493 primus
823 441 955 494 gallus
995 448 1160 487 cantare
1199 449 1319 503 cepit.
1376 449 1555 495 Domina
1596 468 1685 497 cum
1720 457 1795 500 hoc
1821 466 1842 499 5

120 501 314 556 audisset,
347 505 404 547 ait
437 507 604 549 ancille:
639 508 713 551 Dic
748 512 883 564 michi,
916 515 1142 570 carissima,
1176 519 1272 572 quid
1306 520 1404 562 dicit
1427 523 1559 575 gallus
1582 526 1621 567 in
1645 529 1794 570 cantu?

116 570 192 614 Illa
222 576 454 629 respondit:
488 577 630 620 Gallus
662 581 761 623 dicit
792 583 832 624 in
866 589 987 626 cantu
1019 599 1113 640 su0,
1148 590 1254 642 quod
1288 596 1330 633 tu
1362 592 1463 634 facis
1496 595 1688 649 injuriam
1721 599 1789 640 do·

116 643 227 685 mino
266 649 348 687 tuo.
403 647 476 689 Ait
514 649 699 692 domina:
740 652 960 697 Occidatur
1005 657 1137 710 gallus
1177 659 1273 702 iste!
1330 662 1383 704 Et
1422 665 1478 705 sic
1519 666 1670 710 factum
1715 674 1787 712 est.

115 712 317 770 Tempore
349 716 485 760 debito
518 726 612 775 post
644 722 715 764 hec
739 725 940 767 secundus
968 727 1099 780 gallus
1121 732 1321 784 cantavit3
1354 735 1412 776 ait
1434 735 1601 780 domina
1621 740 1787 783 ancille:

114 782 217 834 Quid
258 786 357 829 dicit
395 789 528 842 gallus
568 792 608 833 in
648 799 769 836 cantu
808 796 907 838 suo?
953 798 1025 839 Ait
1063 800 1231 843 ancilla:
1272 802 1414 847 Socius
1454 820 1570 849 meus
1603 816 1786 854 mortuus
1816 821 1859 855 10

113 860 175 897 est
206 870 279 912 pro
312 859 498 914 veritate,
532 866 571 904 et
603 876 676 917 ego
710 870 878 920 paratus
910 882 998 910 sum
1034 872 1137 912 mori
1170 886 1243 927 pro
1276 875 1362 928 ejus
1389 877 1572 920 veritate.
1620 881 1694 923 Ait
1715 883 1786 924 do-

111 926 243 969 mina:
291 928 511 973 Oct-idatur
542 933 694 986 gallus!
741 936 796 978 Et
833 938 891 980 sic
931 939 1082 983 factum
1116 947 1189 984 est.
1234 943 1334 988 Post
1364 946 1437 989 hec
1468 951 1620 993 tercius
1652 953 1784 1006 gallus

108 1000 303 1041 cantavit.
350 1000 527 1044 Domina
567 1017 659 1046 cum
701 1007 902 1063 audisset,
942 1011 1048 1054 dixit
1085 1014 1250 1057 ancille:
1298 1016 1401 1067 Quid
1441 1019 1541 1062 dicit
1578 1022 1710 1076 gallus
1742 1025 1785 1067 in

107 1074 231 1112 cantu
263 1071 362 1113 suo?
409 1072 484 1115 Illa
518 1077 749 1131 respondit:

318 1147 425 1192 Audi,
451 1149 544 1193 vide,
571 1153 661 1195 tace,
689 1153 717 1186 si
744 1153 798 1187 vis
826 1154 947 1190 vivere
974 1157 1009 1191 in
1033 1159 1140 1202 pace!
1810 1173 1853 1207 15

105 1210 178 1253 Ait
208 1211 395 1256 domina:
428 1215 518 1257 Non
552 1218 760 1261 occidatur
791 1220 923 1273 gallus
956 1224 1052 1266 iste!
1101 1225 1157 1268 Et
1187 1228 1246 1270 sic
1277 1229 1431 1272 factum
1465 1237 1538 1274 est.

219 1284 501 1329 Mor-alisatio.
564 1287 798 1345 Carissimi,
839 1293 1064 1348 imperator
1095 1297 1172 1339 iste
1204 1302 1266 1340 est
1296 1304 1414 1355 pater
1445 1303 1627 1358 celestis,
1661 1305 1778 1348 miles

103 1351 311 1409 Christus,
352 1370 456 1399 uxor
488 1359 574 1412 ejus
607 1361 745 1403 anima
784 1376 856 1418 per
888 1364 1139 1420 baptismum
1174 1369 1433 1425 desponsata.
1482 1374 1553 1417 Ille
1587 1377 1655 1431 qui
1687 1391 1776 1420 eam

100 1424 259 1468 seducit
290 1430 352 1469 est
382 1428 582 1483 diaboluS,
617 1432 685 1485 qui
718 1447 791 1488 per
823 1436 964 1477 mundi
995 1437 1179 1481 fallacias
1212 1441 1396 1498 decepit,
1429 1445 1549 1500 unde,
1583 1449 1775 1502 quociens

98 1501 266 1550 peccato
298 1500 590 1554 consentimus,
626 1500 697 1556 [55
709 1502 748 1558 h]
785 1505 1063 1551 adulteramus
1095 1509 1271 1554 Christo.
1319 1514 1483 1558 Ancilla
1505 1521 1567 1559 est
1587 1523 1658 1560 tua
1680 1533 1775 1562 con—
1802 1529 1846 1563 20

97 1566 287 1622 sciencia,
321 1583 398 1624 que
430 1575 572 1613 contra
595 1579 806 1628 peccatum
831 1584 1073 1634 murmurat,
1105 1583 1296 1625 continue
1318 1584 1523 1629 hominem
1549 1589 1599 1630 ad
1623 1589 1773 1634 bonum

96 1638 294 1681 stimulat.
341 1639 505 1684 Primus
537 1644 691 1697 gallus,
725 1647 794 1700 qui
827 1651 1028 1705 cantavit,
1063 1656 1170 1695 certe
1202 1653 1390 1698 Christus
1424 1661 1506 1712 est,
1538 1660 1607 1714 qui
1639 1662 1772 1718 primo

94 1712 239 1751 contra
268 1716 482 1766 peccatum
517 1715 734 1769 arguebat;
769 1720 878 1772 quod
910 1722 1095 1765 videntes
1127 1723 1249 1767 Judei
1280 1727 1417 1782 ipsum
1451 1731 1699 1786 occiderunt,
1733 1737 1773 1776 et

94 1780 286 1824 similiter
316 1796 390 1825 nos
422 1785 557 1840 ipsum
590 1788 826 1843 occidimus,
861 1797 1055 1846 quantum
1080 1794 1122 1836 in
1145 1796 1262 1838 nobis
1286 1802 1360 1852 est,
1394 1801 1589 1854 quamdiu
1612 1803 1653 1844 in
1675 1817 1770 1858 pec-

92 1852 195 1894 catis
227 1852 490 1898 delectamur.
539 1856 617 1899 Per
649 1861 873 1904 secundum
904 1864 1058 1917 gallum
1091 1866 1285 1910 debemus
1311 1871 1502 1913 martires
1524 1872 1766 1927 intelligere.
1795 1884 1840 1918 25

92 1920 160 1965 Sic
198 1928 316 1967 erant
355 1929 396 1968 et
433 1926 504 1969 alii
541 1928 680 1984 multi,
721 1932 788 1985 qui
830 1933 938 1976 viam
979 1940 1020 1978 et
1050 1937 1278 1981 doctrinam
1312 1941 1398 1994 ejus
1430 1943 1766 1999 predicaverunt;

89 1992 181 2036 ideo
212 2008 286 2050 pro
318 1995 471 2040 Christi
503 2000 669 2043 nomine
701 2006 741 2044 et
772 2004 946 2048 veritate
976 2009 1110 2050 necati
1142 2013 1249 2051 sunt.
1294 2010 1373 2061 Per
1404 2014 1576 2056 tercium
1598 2016 1765 2072 gallum,

89 2065 159 2118 qui
190 2065 316 2109 dixit:
359 2068 491 2122 Audi,
524 2070 616 2113 vide
649 2076 723 2114 etc.
756 2078 895 2129 potest
926 2077 1101 2132 intelligi
1133 2080 1388 2137 predicator,
1423 2085 1492 2138 qui
1524 2086 1645 2129 debet
1676 2101 1765 2130 esse

87 2135 286 2180 sollicitus
317 2140 531 2182 veritatem
564 2144 887 2200 pronunciando,
921 2149 991 2190 sed
1022 2149 1165 2192 diebus
1188 2152 1278 2194 istis
1300 2167 1381 2195 non
1405 2156 1528 2198 audet
1549 2158 1763 2201 veritatem

87 2205 234 2250 dicere.
284 2208 531 2253 Studeamus
571 2226 666 2267 ergo
705 2217 838 2270 magis
871 2217 991 2261 deum
1023 2221 1189 2276 timere,
1228 2225 1444 2268 veritatem
1476 2230 1762 2285 pronunciare,
1788 2239 1834 2274 30

86 2281 128 2320 et
157 2278 216 2321 sic
247 2280 298 2322 ad
330 2280 540 2324 Christum
572 2284 641 2338 qui
673 2289 735 2328 est
766 2289 918 2332 veritas
950 2291 1174 2335 veniemus.

758 2516 859 2560 off.
885 2520 953 2562 69.
988 2522 1091 2574 (61.)

760 2604 835 2649 De
871 2609 1079 2653 castitate.

196 2701 339 2746 Gallus
371 2707 561 2759 regnavit
591 2709 770 2763 prudens
803 2712 934 2768 valde,
968 2715 1037 2769 qui
1060 2718 1265 2771 quondam
1288 2719 1491 2775 palacium
1516 2727 1753 2769 construere

78 2771 251 2816 volebat.
299 2773 402 2818 Erat
432 2780 529 2820 tunc
560 2779 601 2820 in
623 2780 796 2837 imperio
819 2785 985 2838 quidam
1007 2790 1291 2843 carpentarius
1313 2792 1474 2834 subtilis
1496 2793 1626 2849 valde,
1658 2808 1749 2839 cum
1777 2806 1821 2840 35

76 2855 155 2897 quo
186 2845 413 2901 imperator
443 2862 518 2904 pro
550 2853 823 2896 construendo
855 2855 1014 2910 palacio
1046 2861 1249 2903 convenit.
1298 2862 1412 2905 Tunc
1433 2867 1631 2921 temporis
1662 2873 1752 2911 erat

169 2924 190 2959 9
215 2927 385 2972 cantavit]
412 2935 497 2976 oriq.
516 2934 648 2967 cantat.
