1949 3162
97 849 139 883 10

98 1207 140 1240 15

99 2274 144 2308 30

102 2630 147 2663 35

964 98 1049 139 354

166 208 255 245 erat
300 217 380 259 pax
430 205 537 245 inter
584 204 705 245 deum
754 208 794 245 et
833 203 1052 244 hominem.
1106 201 1283 244 Justicia
1330 204 1493 246 dicebat
1544 203 1845 249 Misericordie:

164 274 352 328 Regnare
383 274 488 327 volo,
523 275 619 328 quia
650 274 840 316 dominus
865 272 1057 315 Salomon
1091 273 1337 316 immortalis
1371 279 1433 316 est
1466 277 1506 314 et
1531 273 1669 326 justus
1702 276 1743 314 et
1764 285 1847 314 non

167 347 244 388 erit
287 346 510 400 periturus.
570 345 688 388 Unde
726 347 794 399 jus
836 358 972 386 meum
1013 344 1169 386 nullam
1212 346 1558 401 prescripcionem
1599 344 1774 387 includit
1809 347 1850 386 et

166 418 417 459 diuturnitas
449 418 648 472 temporis
685 431 766 458 non
801 420 1006 469 attenuat,
1049 416 1120 458 sed
1162 417 1303 471 pocius
1344 417 1572 459 confirmat.
1620 415 1849 471 Respondit

164 488 467 530 Misericordia:
517 488 669 530 Verum
708 492 789 539 est,
834 487 939 541 quod
980 487 1227 528 immortalis
1267 502 1309 529 es
1349 492 1389 530 et
1430 492 1652 543 perpetua,
1693 487 1764 528 sed
1804 487 1847 528 in

164 561 301 602 futuro
334 573 416 601 non
448 559 581 601 modo.
630 559 718 612 Ego
753 559 843 599 volo
877 571 950 613 pro
984 572 1031 599 ea
1062 559 1337 610 intercedere,
1374 557 1496 612 [4022]
1533 559 1630 612 quia
1661 558 1848 613 peniten-

165 633 270 673 ciam
305 632 393 685 jam
433 631 538 684 agit,
579 634 619 672 et
657 631 763 672 sicut
804 634 849 671 tu
887 643 928 671 es
969 629 1055 671 filia
1095 630 1226 685 patris
1260 630 1338 671 mei
1371 629 1569 682 Justicia,
1611 629 1670 670 sic
1702 632 1742 671 et
1774 641 1847 681 ego

166 716 254 744 sum
288 702 373 744 filia
405 703 490 756 ejus
524 701 827 753 Misericordia„
869 704 909 742 et
940 700 1031 742 ideo
1065 702 1175 743 racio
1208 702 1355 754 dictat,
1396 704 1441 742 ut
1474 713 1539 742 me
1571 700 1712 741 audiat
1743 699 1850 741 sicut

165 778 206 816 et
236 778 288 815 te.
339 773 492 815 Videns
526 786 621 826 ergo
652 772 761 814 filius
795 773 960 827 sapiens
993 772 1114 813 istam
1149 772 1397 814 discordiam
1430 772 1537 813 inter
1560 783 1722 813 sorores
1743 770 1850 812 dixit

166 844 358 887 Justicie:
391 844 567 886 Paratus
591 857 681 885 sum
705 843 780 885 tibi
803 843 1056 896 satisfacere,
1090 848 1135 885 ut
1158 843 1371 898 prevaleat
1393 844 1528 885 oracio
1551 841 1846 884 Misericordie.

165 916 238 958 Ait
268 915 465 958 Justicia:
499 915 623 957 Michi
657 915 804 970 placet,
839 914 910 956 sed
943 914 1089 956 vellem
1123 915 1227 956 scire
1262 914 1477 969 quomodo.
1518 914 1591 955 Ait
1621 912 1750 954 filius:
1784 911 1848 954 In-

165 988 327 1029 carnari
360 987 451 1028 volo
491 990 531 1028 et
562 990 753 1027 naturam
788 986 1009 1027 humanam
1049 1000 1271 1028 assumere.
1320 985 1532 1040 Numquid
1563 984 1640 1026 hoc
1671 982 1849 1025 sufficit?

164 1058 219 1100 Et
250 1058 356 1100 dixit
386 1057 471 1099 filia
502 1057 698 1099 Justicia:
731 1057 835 1098 Non.
884 1057 1002 1099 Dixit
1033 1057 1161 1099 filius:
1204 1057 1455 1098 Circumcidi
1487 1056 1593 1109 volo,
1625 1056 1775 1097 samem
1809 1058 1851 1097 et

165 1131 274 1171 sitim
300 1130 400 1184 pati,
424 1129 634 1183 temptari,
657 1129 829 1180 tristari,
852 1128 1008 1170 tedium
1034 1129 1134 1183 pati,
1161 1128 1432 1181 sanguineum
1456 1128 1647 1170 sudorem
1670 1126 1848 1179 stillare3

166 1201 366 1255 numquid
398 1200 473 1242 hec
503 1200 579 1242 tibi
611 1199 846 1241 sufficiunt?
878 1199 933 1241 Et
965 1200 1179 1255 respondit
1210 1199 1294 1253 illa,
1329 1199 1436 1254 quod
1458 1212 1553 1240 non.
1600 1198 1721 1240 Dixit
1740 1197 1849 1240 filius

166 1272 359 1315 Justicie:
393 1271 494 1314 Volo
528 1271 711 1325 colaphis
744 1271 833 1312 cedi
865 1275 906 1312 et
937 1271 1098 1326 alaphis
1130 1270 1345 1324 flagellari,
1379 1270 1471 1312 volo
1497 1270 1684 1325 conspui,
1716 1268 1850 1311 deridi

167 1348 208 1386 et
240 1343 468 1397 derelinqui
501 1346 541 1384 et
573 1342 729 1396 despici
762 1346 837 1384 etc.
886 1342 1095 1396 Numquid
1126 1342 1201 1383 hec
1232 1342 1308 1384 tibi
1341 1341 1577 1384 sufficiunt?
1623 1340 1852 1396 Respondit

166 1415 356 1468 Justicia,
391 1414 499 1469 quod
531 1428 626 1455 non.
675 1413 846 1455 Crucem
882 1413 972 1454 volo
1005 1417 1172 1468 portare
1205 1418 1245 1455 et
1275 1413 1466 1455 manibus
1499 1416 1539 1454 et
1561 1411 1735 1467 pedibus
1756 1425 1851 1467 per-

166 1487 296 1528 forari
335 1491 375 1528 et
412 1486 546 1538 ligari.
595 1485 806 1538 Numquid
846 1484 919 1526 hec
957 1485 1033 1527 tihi
1074 1483 1311 1526 sufficiunt?
1357 1483 1413 1526 Et
1443 1483 1533 1525 illa:
1566 1482 1672 1525 Non.
1720 1483 1850 1525 Aceto

96 1571 104 1578 ·
168 1558 303 1613 potari
336 1557 446 1609 volo,
488 1560 619 1597 totum
653 1556 896 1609 sanguinem
937 1555 1147 1597 exhauriri
1189 1558 1229 1597 et
1267 1556 1309 1596 in
1343 1568 1463 1597 cruce
1496 1555 1622 1608 mori,
1662 1557 1851 1596 mortuus

167 1629 310 1670 lancea
342 1628 545 1683 perforari
575 1628 706 1679 latus,
741 1627 888 1668 deinde
922 1641 944 1668 a
976 1627 1150 1668 mortuis
1181 1639 1417 1679 resurgere,
1450 1626 1582 1668 celum
1615 1625 1850 1679 ascendere,

167 1700 302 1741 locum
335 1713 485 1754 sponse
518 1712 607 1740 mee
639 1712 877 1753 preparare.
929 1697 1141 1753 Numquid
1179 1698 1254 1740 hec
1285 1698 1359 1740 tibi
1393 1696 1627 1740 sufficiunt?
1672 1697 1728 1740 Et
1757 1697 1850 1739 illa:

169 1771 201 1814 O
234 1772 339 1813 bone
369 1771 510 1822 frater,
543 1773 590 1811 ut
620 1769 738 1811 video
772 1774 812 1811 et
833 1769 1057 1811 secundum
1082 1769 1190 1823 quod
1213 1769 1349 1822 audio,
1382 1769 1473 1824 plus
1496 1769 1634 1823 diligis
1657 1782 1849 1824 sponsam

169 1847 303 1895 tuam,
346 1855 468 1896 quam
509 1841 701 1895 teipsum.
749 1840 844 1882 Jam
885 1854 963 1894 que
1004 1841 1147 1882 dixisti
1189 1840 1410 1882 sufficiunt.
1461 1841 1575 1882 Tunc
1605 1840 1715 1883 filius
1747 1840 1854 1883 dixit

170 1914 220 1956 ad
252 1913 601 1955 Misericordiam:
637 1911 680 1953 Si
713 1913 851 1954 omnia
882 1912 963 1954 ista
995 1925 1074 1965 que
1107 1912 1192 1953 dixi
1226 1916 1266 1954 et
1299 1925 1376 1966 que
1407 1912 1450 1953 in
1473 1912 1597 1954 corde
1618 1925 1709 1954 meo
1732 1911 1852 1967 posui

168 1986 302 2027 fecero
335 1989 376 2026 et
407 1997 560 2038 sponsa
591 1997 684 2024 mea
716 1984 797 2025 ista
828 1984 1145 2039 contempserit,
1184 1983 1385 2037 numquid
1418 1983 1569 2025 iterum
1601 1997 1676 2039 pro
1709 1997 1757 2025 ea
1787 1996 1853 2025 me

168 2054 480 2112 interpellabis‘?
531 2054 586 2096 Et
617 2054 707 2095 illa:
757 2055 849 2096 Non
887 2056 967 2096 nisi
1006 2056 1136 2108 egerit
1168 2054 1472 2110 penitenciam„
1507 2053 1585 2104 Qui
1617 2055 1694 2097 ait:
1727 2053 1854 2096 Michi

169 2128 273 2170 bene
298 2128 443 2182 placet.
493 2125 694 2175 Quociens
716 2126 838 2168 homo
862 2127 1107 2181 peccaverit,
1141 2127 1176 2168 si
1198 2125 1473 2181 penitenciam
1497 2125 1688 2180 posthoc
1710 2126 1853 2179 egerit,

170 2198 496 2241 misericordiam
538 2210 660 2251 super
707 2211 800 2238 eum
841 2197 1012 2239 habebo,
1070 2197 1161 2239 Hiis
1203 2197 1323 2239 dictis
1362 2196 1460 2238 fecit
1499 2209 1660 2239 sorores
1701 2196 1854 2250 vocari,

171 2270 327 2311 scilicet
348 2269 580 2321 Justiciam,
614 2267 856 2321 Veritatem,
890 2268 1218 2310 Misericordiam
1252 2272 1292 2309 et
1311 2267 1461 2309 Pacem
1494 2271 1536 2309 et
1556 2267 1738 2310 osculate
1759 2271 1856 2310 sunt

171 2341 413 2383 adinvicem.
462 2339 576 2381 Tunc
607 2338 715 2381 filius
748 2341 888 2381 omnia
919 2340 1125 2395 promissa
1157 2339 1402 2394 adimplevit
1433 2342 1473 2381 et
1503 2352 1676 2393 regnum
1705 2337 1855 2382 celeste

171 2413 207 2454 ei
240 2412 364 2453 dedit.
414 2411 530 2452 Unde
553 2410 789 2452 Bernardus
824 2411 881 2452 ait
914 2411 1032 2453 valde
1065 2410 1334 2465 solempniter
1365 2411 1498 2464 ipsam
1522 2410 1708 2452 excitans
1731 2423 1856 2465 spon-

171 2497 257 2524 sam
298 2483 347 2524 ad
381 2482 724 2524 considerandum
757 2482 939 2535 graciam
972 2482 1049 2524 sibi
1073 2496 1096 2523 a
1118 2482 1283 2523 domino
1305 2481 1550 2536 impensam.
1591 2480 1704 2523 Dicit
1725 2481 1854 2523 enim:

172 2553 276 2595 Vide
309 2568 330 2594 o
364 2566 516 2608 sponsa
547 2552 589 2593 in
621 2565 740 2594 cruce
773 2567 970 2608 sponsum
1001 2556 1117 2594 tuum
1152 2553 1286 2608 capite
1314 2552 1558 2594 inclinatum
1581 2552 1634 2594 ad
1655 2552 1855 2606 osculum,
1901 2560 1906 2564 “

172 2638 369 2666 manuum
411 2624 694 2665 extensionem
735 2624 785 2665 ad
819 2624 1055 2679 amplexus,
1096 2624 1239 2665 lateris
1273 2624 1533 2679 apercionem
1567 2623 1617 2664 ad
1650 2622 1855 2677 affectum,

173 2696 303 2736 tocius
336 2695 519 2750 corporis
552 2695 856 2749 exposicionem
881 2695 931 2736 ad
953 2699 1248 2750 contemptum.
1296 2694 1445 2736 Hausit
1466 2694 1593 2746 igitur
1614 2694 1664 2736 de
1687 2693 1856 2749 proprio

174 2766 372 2818 sanguine
405 2779 492 2818 suo,
525 2769 565 2807 et
597 2765 745 2806 obtulit
776 2766 885 2820 patri
918 2780 990 2808 suo
1023 2780 1172 2807 munus
1205 2780 1279 2821 pro
1312 2765 1552 2806 dulcissima
1583 2778 1736 2820 sponsa
1767 2778 1854 2807 sua.

179 2836 370 2891 Suscepit
402 2850 498 2890 ergo
532 2840 650 2891 pater
682 2836 843 2878 celestis
875 2837 1110 2891 preclarum
1141 2850 1290 2878 munus
1313 2836 1363 2878 de
1384 2849 1510 2878 manu
1530 2835 1619 2890 filii,
1652 2849 1726 2891 per
1749 2835 1858 2890 quod

175 2907 324 2948 salvati
355 2920 496 2949 sumus
529 2907 580 2948 ad
611 2907 739 2949 vitam
772 2910 969 2949 eternam.
1017 2908 1084 2949 Ad
1117 2921 1239 2962 quam
1273 2911 1347 2949 etc.

270 2988 288 3022 7
315 2988 401 3032 agit]
429 2994 514 3034 oriq.
540 2988 600 3022 ait.
