1919 3157
853 63 930 104 391

56 169 248 210 inveniet.
302 168 355 210 Et
397 169 514 222 pauci
554 173 662 220 sunt,
703 169 770 222 qui
804 169 852 209 de
885 169 961 209 isto
995 168 1118 209 exilio
1150 169 1342 218 cogitant.
1395 169 1607 209 Faciamus
1641 182 1735 220 ergo

55 239 162 280 sicut
193 239 289 281 fecit
320 238 388 281 ille
422 253 514 289 rex;
547 239 642 280 dum
677 253 817 280 sumus
850 239 890 279 in
925 244 1064 280 nostra
1096 244 1299 293 potestate
1332 240 1371 280 iu
1407 239 1479 280 hac
1512 240 1608 292 vita,
1642 243 1735 280 aute

55 323 130 351 nos
171 310 383 352 mittamus
423 323 548 365 opera
580 310 873 361 misericordie,
905 310 1150 352 elemosinas
1183 310 1331 363 largas,
1375 315 1613 365 perpetrare
1646 324 1735 351 ora-

57 381 194 423 ciones
227 385 268 423 et
293 381 452 434 jejunia
483 381 631 431 faeere,
666 387 710 423 ut
740 385 832 436 post
864 381 967 422 hanc
1001 381 1125 422 vitam
1157 380 1392 436 paradisum
1419 382 1644 435 poterimus
1674 381 1736 422 in-

56 456 167 494 trare
200 455 240 494 et
271 451 359 493 sine
392 450 514 493 dubio
539 452 594 494 ibi
619 452 872 494 inveniemus
897 465 1022 507 opera
1043 456 1184 493 nostra
1205 452 1431 503 meritoria,
1466 465 1542 505 que
1565 452 1735 493 fecimus
1761 459 1782 491 5

56 522 98 564 in
130 522 206 564 hae
241 523 338 575 vita,
372 527 412 564 et
443 523 500 563 sic·
533 523 796 576 regnabimus
819 522 874 564 ibi
897 535 987 564 curn
1016 522 1160 575 gloria.
1195 522 1258 563 Ad
1283 536 1402 576 quam
1428 536 1501 564 nos
1525 523 1733 577 perducat.

731 751 833 793 CAP.
859 752 926 792 75.
954 752 1057 802 (67.)

493 839 566 883 De
603 854 712 884 σανα
751 839 910 883 mundi
944 853 1037 883 mm
1073 839 1296 883 sectanda.

172 945 279 989 Olim
323 951 412 989 erat
451 947 616 1001 quidam
657 960 750 1000 rex,
791 947 860 1001 qui
902 950 985 987 tres
1024 945 1128 987 filias
1163 945 1354 1001 pulchras
1396 945 1594 998 habebat,
1637 960 1738 1000 quas

55 1017 187 1060 tribus
227 1017 398 1060 ducibus
439 1018 660 1059 maritavit.
710 1017 862 1059 Omnes
904 1017 961 1059 illi
995 1022 1078 1060 tres
1111 1018 1234 1059 duces
1275 1017 1415 1059 eodem
1450 1030 1554 1058 anno
1587 1017 1739 1058 mortui
1767 1025 1807 1058 10

54 1094 162 1131 sunt.
210 1088 296 1131 Rex
338 1088 412 1130 hoo
454 1089 624 1130 audiens
665 1088 827 1131 volebat
864 1088 970 1131 filias
1002 1103 1096 1130 suas
1129 1090 1276 1131 iterato
1310 1089 1518 1129 maritare.
1566 1087 1740 1129 Vocavit

53 1160 230 1215 primam
264 1159 389 1202 liliam
424 1165 464 1202 et
495 1160 572 1201 ait:
607 1159 845 1213 Carissima,
880 1160 942 1201 vir
974 1164 1067 1202 tuus
1100 1165 1286 1202 mortuus
1321 1164 1393 1212 est,
1428 1158 1532 1201 dabo
1555 1162 1595 1200 te
1618 1158 1738 1200 alteri

54 1231 154 1272 viro.
203 1231 262 1272 At
292 1230 381 1272 illa:
425 1230 546 1272 Nullo
578 1231 700 1272 modo
733 1231 809 1273 hoe
842 1231 1117 1286 attemptabO,
1151 1236 1191 1274 et
1222 1231 1295 1272 hec
1327 1234 1389 1273 est
1418 1230 1528 1271 racio
1562 1243 1671 1271 mea:
1704 1228 1740 1271 si

54 1301 243 1344 deberem
277 1301 451 1344 alterum
487 1302 618 1343 virum
653 1302 853 1357 accipere,
887 1307 1096 1357 oporteret
1128 1306 1173 1344 ut
1204 1315 1296 1344 eum
1330 1306 1490 1343 tantum
1523 1300 1737 1354 diligerem

54 1373 166 1415 sicut
193 1373 371 1429 primum
405 1373 559 1427 virum,
601 1377 671 1415 aut
701 1373 793 1428 plus
827 1377 897 1415 aut
929 1374 1064 1415 minus
1106 1374 1340 1427 diligerem3
1383 1371 1458 1414 hoe
1490 1385 1570 1413 non
1602 1375 1739 1426 potest
1767 1381 1808 1415 15

55 1449 178 1497 stare,
211 1445 308 1499 quia
340 1445 498 1500 primus
533 1445 810 1498 virginitatem
846 1445 1036 1498 habebat,
1070 1458 1165 1498 ergo
1197 1457 1277 1486 non
1301 1447 1462 1485 tantum
1495 1443 1622 1485 debeo
1645 1456 1736 1485 eum

55 1515 247 1570 diligere3
286 1516 321 1558 si
355 1529 449 1558 vero
483 1515 595 1571 plus,
629 1515 703 1557 hoe
737 1520 845 1558 esset
887 1517 1019 1570 majus
1051 1516 1228 1566 malum,
1270 1515 1303 1557 si
1336 1528 1431 1556 vero
1465 1515 1623 1567 minus,
1656 1527 1737 1556 non

55 1591 163 1630 esset
193 1587 300 1629 bona
331 1586 494 1629 dileetio
527 1587 636 1628 inter
665 1601 759 1638 nos;
795 1600 921 1642 quare
952 1587 1173 1641 concludo,
1207 1587 1314 1641 quod
1346 1585 1458 1627 nullo
1490 1586 1610 1627 modo
1644 1585 1736 1627 volo

56 1658 180 1701 alium
215 1659 346 1700 virum
382 1658 580 1713 accipere.
628 1657 713 1700 Rex
755 1658 830 1700 hoc
872 1659 1044 1701 audiens
1086 1659 1248 1700 vocavit
1285 1657 1505 1700 secundam
1538 1656 1664 1699 filiam
1697 1662 1738 1700 et

57 1730 134 1772 ait:
183 1728 431 1782 Carissima,
473 1729 536 1770 vir
567 1733 662 1771 tuus
695 1729 910 1771 defunctus
944 1735 1029 1784 est,
1069 1729 1268 1785 copulabo
1307 1733 1347 1771 te
1380 1728 1498 1770 alteri
1532 1729 1631 1770 viro.
1680 1730 1737 1770 At
1761 1738 1805 1771 20

55 1800 146 1843 illa:
180 1800 370 1854 Domine,
403 1799 514 1842 nullo
546 1801 666 1842 modo
700 1800 775 1842 hoo
807 1801 1075 1856 attemptabo,
1110 1802 1206 1855 quia
1238 1801 1271 1842 si
1304 1800 1435 1842 virum
1471 1800 1597 1842 alium
1631 1800 1736 1842 aeci-

54 1885 209 1928 perem,
257 1872 482 1927 reciperem
531 1885 622 1913 eum
672 1875 742 1913 aut
788 1876 956 1926 propter
1002 1872 1172 1914 divicias
1220 1875 1291 1913 aut
1334 1871 1617 1913 fortitudinem
1666 1875 1736 1913 aut

55 1943 423 1999 pulchritudinem;
456 1955 538 1984 non
570 1945 740 1997 propter
771 1942 956 1995 divicias,
990 1944 1086 1997 quia
1113 1943 1325 1993 habund03
1358 1956 1438 1984 non
1464 1947 1632 1998 propter
1652 1942 1734 1984 for-

54 2014 287 2067 titudinem,
321 2014 417 2068 quia
449 2014 601 2055 amieos
632 2013 762 2055 habeo
796 2014 864 2068 qui
899 2027 963 2056 me
986 2014 1226 2065 defendent3
1260 2027 1340 2060 non
1364 2018 1534 2069 propter
1555 2013 1734 2069 pulchri—

55 2085 256 2139 tudinem,
290 2086 386 2140 quia
417 2083 541 2126 michi
576 2084 791 2126 videbatur
824 2085 932 2138 quod
966 2085 1026 2127 vir
1059 2099 1174 2128 meus
1208 2085 1390 2126 omnium
1415 2089 1503 2126 erat
1525 2084 1734 2139 pulchrior
1760 2095 1804 2129 25

54 2157 95 2198 in
127 2157 319 2198 universo
353 2155 524 2207 mund0;
566 2169 691 2210 quare
724 2155 944 2209 concludo,
987 2157 1094 2211 quod
1134 2156 1246 2198 nullo
1279 2155 1400 2197 modo
1442 2156 1571 2197 virum
1607 2155 1732 2196 alium

54 2228 240 2283 accipere
262 2226 366 2268 volo.
400 2226 487 2268 Rex
510 2226 584 2268 hoo
606 2226 777 2268 audiens
801 2227 962 2269 vocavit
983 2228 1152 2270 terciam
1176 2226 1304 2268 filiam
1329 2231 1369 2269 et
1389 2227 1467 2269 ait:
1493 2225 1731 2278 Carissima,

54 2299 117 2340 vir
154 2302 249 2340 tuus
291 2302 477 2339 mortuus
516 2302 597 2351 est,
640 2297 730 2339 volo
763 2303 804 2340 te
837 2299 955 2340 alteri
997 2299 1083 2340 viro
1123 2297 1320 2353 copulari.
1369 2297 1442 2339 Ait
1479 2297 1569 2338 illa:
1610 2296 1732 2338 Nullo

54 2369 175 2411 modo
206 2369 282 2411 hoe
315 2372 563 2424 attemptare
594 2368 708 2422 volo,
751 2370 848 2424 quia
880 2369 914 2411 si
952 2369 1078 2411 alium
1111 2369 1242 2410 virum
1277 2369 1526 2423 acciperem,
1566 2368 1636 2409 ille
1670 2381 1732 2409 me

53 2441 255 2496 reciperet
287 2444 357 2482 aut
378 2443 546 2495 propter
569 2439 916 2494 pulchritudinem
941 2443 1012 2482 aut
1033 2440 1223 2491 divicias3
1255 2452 1337 2480 non
1363 2444 1528 2494 propter
1551 2438 1731 2494 pulchri·
1758 2449 1803 2482 30

54 2511 259 2564 tudinem,
293 2511 389 2565 quia
420 2524 501 2552 non
534 2523 623 2551 sum
657 2510 847 2565 pulchra,
889 2524 984 2564 ergo
1018 2515 1187 2566 propter
1219 2510 1389 2551 divicias
1421 2524 1486 2552 me
1518 2510 1731 2573 reciperet7

55 2587 95 2624 et
126 2582 159 2624 si
182 2586 352 2637 propter
374 2581 558 2633 divicias,
591 2594 799 2635 nunquam
824 2586 963 2636 posset
983 2595 1072 2624 esse
1093 2595 1214 2623 verus
1235 2594 1362 2634 amor,
1396 2582 1490 2635 quia
1514 2581 1732 2622 destruetis

56 2653 216 2695 diviciis
251 2667 365 2695 amor
397 2653 613 2703 transiret;
647 2652 844 2694 concludo
879 2666 989 2706 ergo,
1023 2652 1130 2707 quod
1162 2652 1273 2694 nullo
1298 2652 1417 2694 modo
1451 2652 1574 2694 alium
1599 2652 1731 2693 virum

56 2725 242 2779 accipere
273 2724 379 2766 volo.
427 2724 527 2766 Item
552 2724 737 2766 doctores
761 2737 875 2766 sacre
898 2724 1101 2779 scripture
1123 2723 1277 2776 dieunt,
1311 2723 1417 2777 quod
1442 2724 1502 2764 vir
1524 2728 1565 2764 et
1585 2722 1732 2765 mulier

57 2795 98 2836 in
131 2795 394 2837 matrimonio
427 2795 631 2849 conjuncti
665 2799 760 2836 sunt
791 2808 914 2836 unum
949 2795 990 2836 in
1023 2808 1193 2850 corpore
1225 2792 1314 2848 [61]
1347 2799 1387 2836 et
1409 2795 1486 2835 duo
1509 2794 1551 2835 in
1573 2794 1730 2845 anima3
1757 2803 1801 2837 35

58 2878 153 2919 ergo
185 2879 334 2922 corpus
373 2866 451 2908 viri
483 2866 563 2908 mei
604 2869 665 2907 est
702 2879 849 2920 corpus
881 2879 1017 2907 meum
1051 2869 1091 2907 et
1122 2879 1143 2907 e
1175 2879 1391 2913 converso;
1431 2865 1481 2907 ad
1514 2865 1589 2907 hoo
1620 2866 1731 2907 omni

147 2948 169 2981 5
194 2947 430 2992 inveniemus]
457 2953 541 2993 oriy.
560 2946 772 2981 invenimus.
