1949 3162
988 89 1074 130 494

190 207 405 251 basiliscus
439 215 563 258 super
595 212 758 242 murum
791 196 992 248 civitatis,
1030 194 1145 247 cujus
1178 194 1347 247 aspectu
1379 188 1530 230 milites
1562 184 1801 228 inficiuntur
1833 185 1874 224 et

190 278 437 320 moriuntur.
495 273 568 315 Ait
598 269 855 314 Alexander:
896 266 1024 316 Quale
1065 263 1293 306 remedium
1333 264 1394 303 est
1434 263 1578 302 contra
1606 252 1874 299 basiliscum?

193 348 268 391 Cui
301 348 513 389 dixerunt:
546 343 729 385 Ponatur
762 338 971 395 speculum
1006 336 1210 378 elevatum
1242 334 1350 375 inter
1372 330 1596 374 exercitum
1627 331 1667 370 et
1697 337 1875 376 murum,

193 421 262 463 ubi
295 423 358 461 est
389 416 625 468 basiliscus,
667 418 707 456 et
745 425 836 454 cum
868 410 911 451 in
944 407 1156 464 speculum
1197 403 1448 460 respexerit,
1487 400 1663 443 reflexus
1697 397 1784 452 ejus
1815 395 1877 437 111-

148 498 168 532 5
195 492 301 534 1111111
336 489 386 531 ad
420 502 462 530 se
495 488 630 542 ipsum
663 484 770 526 redit
802 486 842 524 61
874 481 931 523 810
963 479 1174 521 morietur.
1221 476 1277 518 Et
1307 476 1462 517 factum
1495 476 1568 515 est.

314 559 543 611 Carissimi,
576 558 619 598 in
651 556 759 597 huuc
781 553 945 595 modum
980 562 1187 592 summum
1209 547 1435 589 remedium
1467 541 1661 587 elacionis
1693 542 1755 581 est
1785 550 1880 580 con-

197 633 398 677 sideracio
437 629 604 686 proprie
635 625 872 680 fragilitatis
915 627 955 665 et
993 620 1267 672 infirmitatis,
1308 618 1404 672 quia
1443 616 1476 657 si
1516 613 1723 669 queritur,
1756 620 1883 663 quare

198 706 319 747 homo
353 701 558 758 superbit,
592 703 702 740 certe
735 695 1026 751 respondetur,
1060 693 1155 747 quia
1188 690 1368 747 pondere
1399 686 1566 728 virtutis
1598 686 1722 726 caret.
1775 679 1882 722 Con-

199 777 382 819 siderare
429 786 523 826 ergo
571 770 692 812 debet
739 767 1019 821 unusquisque
1067 763 1277 819 propriam
1319 760 1542 802 vanitatem
1582 759 1796 808 tamquam
1841 751 1886 792 in

131 854 174 888 10
201 847 367 904 speculo
408 849 449 887 et
490 854 700 885 recurrere
735 839 784 881 ad
817 837 1027 893 propriam
1061 834 1350 888 fragilitatem,
1393 829 1598 872 defectum
1640 837 1759 868 suum
1792 834 1886 878 pro-

202 919 381 975 spiciens
414 919 455 958 et
486 915 544 956 sic
575 913 800 956 elacionem
832 908 1017 964 repellet.

856 1129 958 1171 off.
986 1128 1083 1168 140.
1117 1125 1250 1177 (132.)

244 1224 317 1269 De
347 1222 537 1283 justicia
588 1225 629 1265 et
675 1219 863 1279 equitate
920 1217 968 1260 in
1017 1215 1107 1260 vita
1150 1211 1349 1272 presenti
1401 1213 1442 1253 et
1473 1206 1641 1267 futura
1689 1214 1860 1262 semper

912 1297 1206 1344 immi-mendis.

144 1421 186 1455 15
328 1413 537 1456 Eraclitus
568 1409 772 1464 regnavit,
811 1408 880 1462 qui
912 1408 1020 1448 inter
1053 1418 1194 1447 omnes
1225 1403 1412 1454 virtutes,
1446 1411 1546 1453 quas
1577 1395 1734 1448 habuit,
1761 1393 1898 1448 justus

210 1487 307 1539 fuit,
348 1498 424 1527 nec
455 1483 667 1539 precibus,
707 1493 782 1523 nec
821 1477 1061 1521 muneribus
1091 1475 1200 1517 flecti
1232 1476 1415 1529 poterat,
1457 1470 1555 1525 quin
1581 1466 1791 1523 justiciam
1824 1476 1898 1519 pro

210 1558 299 1600 loco
333 1560 373 1599 et
395 1560 580 1610 tempore
613 1555 834 1595 exerceret.
881 1548 1042 1591 Accidit
1074 1545 1213 1598 semel,
1247 1544 1354 1600 quod
1379 1542 1507 1596 aliqui
1529 1538 1639 1595 apud
1661 1550 1754 1580 eum
1777 1532 1897 1589 [116]

215 1628 463 1672 accusabant
494 1625 699 1680 quendam
731 1622 905 1664 militem
938 1620 988 1662 de
1020 1624 1152 1660 morte
1184 1617 1353 1660 alterius
1385 1613 1529 1656 militis
1560 1611 1606 1653 in
1636 1610 1718 1651 ista
1747 1607 1901 1649 forma:

216 1700 335 1743 ambo
356 1699 406 1741 ad
424 1697 629 1752 quoddam
648 1694 800 1738 bellum
818 1694 1092 1748 perrexerunt
1109 1694 1149 1732 61
1164 1688 1322 1731 nullum
1338 1686 1491 1728 bellum
1509 1685 1599 1725 erat
1614 1679 1900 1728 commissum3

147 1773 295 1814 201816
327 1770 445 1812 1111168
476 1768 602 1811 rediit
633 1768 721 1809 sine
754 1765 881 1807 altero
916 1768 956 1805 et
987 1762 1078 1804 ideo
1111 1760 1337 1812 dicebatur,
1370 1756 1478 1812 quod
1508 1755 1589 1796 iste
1618 1753 1663 1794 in
1685 1751 1751 1793 via
1775 1749 1900 1791 alium

220 1843 380 1886 occidit.
428 1841 515 1882 Rex
548 1852 640 1881 cum
674 1837 749 1879 hoc
782 1836 977 1887 audisset,
1011 1832 1264 1876 sentenciam
1297 1829 1423 1882 dedit,
1454 1831 1501 1869 ut
1530 1824 1649 1868 miles
1672 1822 1724 1865 ad
1746 1819 1904 1876 suppli-

221 1917 327 1958 cium
362 1914 591 1955 duceretur.
649 1909 751 1952 Cum
785 1911 921 1949 autem
955 1906 1101 1947 ductus
1132 1904 1299 1956 suisset,
1342 1900 1534 1942 viderunt
1573 1896 1699 1939 alium
1730 1891 1904 1935 militem

221 1987 479 2035 venientem,
520 1996 594 2038 pro
629 1994 706 2036 quo
746 1980 815 2022 ille
850 1978 1059 2033 judicatus
1097 1976 1176 2017 fuit
1208 1973 1259 2016 ad
1290 1975 1487 2024 mortem,
1524 1969 1568 2011 in
1606 1966 1718 2009 nullo
1757 1964 1905 2015 lesum,

224 2057 365 2100 ambos
399 2055 449 2097 ad
473 2054 655 2109 judicem
686 2052 953 2094 reduxerunt.
1002 2049 1134 2090 Iratus
1151 2045 1279 2101 judex
1313 2043 1413 2085 dicit
1443 2042 1577 2097 primo
1599 2037 1741 2081 militi:
1773 2034 1906 2077 Jubeo

154 2138 199 2173 25
223 2134 264 2172 te
296 2126 491 2179 interfici,
535 2125 630 2180 quia
670 2124 918 2178 dampnatus
953 2135 1008 2163 es.
1070 2119 1124 2161 Et
1156 2115 1334 2159 secundo
1378 2114 1502 2156 dixit:
1538 2111 1594 2154 Et
1631 2117 1673 2152 te
1703 2106 1908 2159 similiter,

226 2200 322 2256 quia
353 2211 477 2241 causa
507 2196 653 2238 mortis
686 2195 796 2236 illius
829 2208 884 2236 es.
938 2192 993 2234 Et
1031 2191 1157 2233 tercio
1202 2187 1308 2229 dixit
1344 2185 1488 2228 militi:
1528 2182 1674 2226 Eciam
1711 2183 1773 2233 16,
1814 2176 1910 2232 quia

226 2272 377 2315 missus
408 2269 525 2311 fuisti
557 2267 729 2309 militem
764 2265 950 2307 occidere
982 2267 1022 2305 et
1052 2275 1135 2303 non
1167 2258 1314 2302 fecisti.

346 2340 581 2392 Carissimi,
621 2352 694 2380 rex
726 2338 803 2379 iste
845 2340 906 2377 est
945 2335 1065 2387 deus,
1109 2332 1178 2387 qui
1209 2331 1251 2372 111
1285 2328 1474 2371 omnibus
1507 2323 1700 2381 operibus
1732 2321 1817 2364 suis
1850 2321 1913 2361 est

223 2416 375 2469 justus.
423 2412 514 2454 Duo
538 2410 689 2452 milites
723 2412 818 2450 sunt
849 2420 997 2462 corpus
1031 2409 1071 2447 et
1104 2403 1262 2453 anima3
1297 2401 1436 2443 anima
1461 2412 1536 2454 per
1557 2408 1722 2439 carnem
1745 2391 1914 2435 seducta

161 2496 206 2531 30
231 2486 420 2536 moritur,
454 2482 616 2537 quando
641 2483 853 2536 peccatum
886 2476 1061 2519 mortale
1095 2473 1331 2525 committit,
1364 2475 1405 2513 et
1435 2470 1527 2512 ideo
1543 2469 1656 2523 justo
1678 2465 1742 2507 dei
1758 2461 1914 2518 judicio

233 2569 381 2612 corpus
415 2554 465 2596 ad
488 2553 692 2608 supplicia
713 2549 945 2607 penitencie
979 2548 1153 2589 ducitur.
1208 2543 1288 2586 Sed
1319 2555 1410 2584 cum
1433 2539 1649 2594 subjicitur
1669 2532 1914 2592 penitencie,

234 2628 374 2671 anima
404 2626 499 2667 viva
529 2624 738 2666 invenitur
769 2622 904 2678 primo
937 2632 1011 2675 per
1043 2616 1197 2660 Christi
1229 2614 1484 2670 passionem,
1524 2608 1702 2653 secundo
1741 2619 1816 2661 per
1845 2616 1917 2659 pe-

234 2698 481 2749 nitenciam3
521 2695 592 2738 sed
632 2694 751 2736 ambo
790 2695 921 2734 morte
960 2687 1179 2744 temporali
1219 2685 1324 2728 mori
1363 2684 1524 2726 debent.
1579 2679 1748 2722 Tercius
1784 2674 1918 2728 miles,

237 2771 306 2825 qui
340 2783 432 2812 eum
464 2780 545 2809 non
578 2765 747 2816 occidit,
788 2767 850 2806 est
879 2761 1094 2815 negligens
1126 2757 1330 2814 prelatus,
1371 2754 1442 2809 qui
1473 2766 1523 2795 ex
1555 2751 1693 2793 divino
1725 2749 1918 2805 precepto

168 2849 213 2884 35
238 2842 362 2884 habet
392 2842 648 2896 peccatorem
682 2835 910 2890 corripere,
943 2832 1050 2874 vicia
1081 2829 1332 2884 exstirpare,
1365 2826 1538 2867 virtutes
1568 2824 1773 2872 inserere3
1814 2821 1855 2861 et
1884 2815 1921 2859 si

238 2912 311 2954 illa
347 2925 430 2954 non
469 2910 591 2963 facit,
632 2911 807 2949 mortem
840 2909 1025 2947 eternam
1057 2915 1139 2944 non
1177 2899 1335 2952 evadit,
1374 2894 1525 2939 Ezech.
1548 2907 1617 2936 111:
1657 2892 1703 2934 Si
1734 2903 1818 2933 non
1848 2901 1921 2931 an-

240 2982 502 3026 nunciaveris
535 2981 571 3022 ei
602 2991 735 3033 neque
765 2977 926 3019 locutus
957 2974 1104 3027 fueris,
1143 2976 1188 3014 ut
1223 2971 1433 3012 avertatur
1465 2980 1489 3008 a
1519 2965 1588 3008 via
1618 2976 1694 3006 sua
1721 2961 1853 3017 impia
1882 2961 1924 3001 et
