1954 3137
233 160 271 202 9.

208 303 271 344 10.

206 445 270 486 11.

208 586 272 628 12.

207 729 272 770 13.

207 872 272 913 14.

207 1013 272 1055 15.

208 1156 272 1198 16.

207 1304 272 1346 17.

207 1452 272 1494 18.

208 1601 273 1643 19.

206 1749 274 1790 20.

206 1896 274 1939 21.

207 2044 274 2086 22.

207 2193 275 2235 23.

207 2342 275 2383 24.

207 2418 275 2460 25.

208 2566 275 2608 26.

208 2714 276 2756 27.

208 2863 276 2904 28.

1001 55 1082 97 142

318 159 382 202 De
419 160 741 215 desponsacione
779 161 892 204 cristi
925 160 975 202 ad
1007 174 1094 202 nos.
1148 159 1236 203 Rex
1268 161 1433 215 quidam
1466 160 1610 204 habuit
1640 165 1724 204 tres
1754 160 1873 212 filios.

321 231 436 281 (Drei
468 231 614 284 ringe.)
662 231 732 274 lat.
758 233 824 273 89.

319 301 434 352 Quod
466 301 585 344 beata
616 303 730 357 virgo
763 303 965 359 optinebit
996 302 1113 345 nobis
1145 303 1326 357 graciam
1361 307 1435 346 etc.
1490 303 1644 346 Narrat
1674 303 1874 346 eusebius.

321 372 558 425 (Coriolan.)
604 373 675 416 lat.
705 375 796 416 137.

318 444 380 486 De
411 445 612 487 memoria
642 445 846 501 passionis
879 445 1004 487 cristi.
1054 443 1238 495 Quedam
1269 444 1418 488 nobilis
1451 445 1587 487 vidua.
1643 444 1759 498 (Stab
1792 445 1875 488 und

319 515 490 567 tasche.)
537 516 607 558 lat.
633 516 699 558 25.

320 586 382 629 De
413 587 646 630 elemosinis
679 591 719 630 et
750 586 1022 629 oracionibus.
1070 586 1273 629 Narratur
1305 587 1412 642 quod
1445 587 1610 642 quidam
1636 587 1874 643 imperator.

320 657 644 709 (Kaisertochter
675 659 757 700 und
790 657 1032 710 seneschal.)
1080 672 1206 712 germ.
1238 661 1301 700 11.

320 728 382 771 De
408 730 520 784 justo
547 730 697 784 judice.
746 729 849 772 Erat
882 730 1047 784 quidam
1080 731 1305 786 imperator
1328 730 1396 784 qui
1418 730 1574 772 statuit.
1622 728 1876 782 (Schinden.)

319 799 391 842 lat.
416 801 484 842 29.

321 870 383 913 De
416 871 627 927 oppobriis
662 875 702 914 et
734 872 995 927 passionibus
1020 872 1135 915 ihesu
1158 873 1283 915 cristi.
1332 873 1506 924 Quidam
1528 873 1753 929 imperator
1774 875 1874 915 erat.

320 943 568 998 (Triumph.)
614 943 685 985 lat.
710 944 778 985 30.

320 1013 382 1056 De
420 1017 552 1056 morte
583 1014 823 1057 Alexandri.
880 1013 942 1056 De
981 1018 1112 1057 morte
1143 1014 1372 1058 Alexandri
1408 1029 1499 1058 cum
1531 1015 1744 1072 sepultura
1775 1015 1875 1070 ejuS.

320 1084 593 1137 (Alexanders
627 1085 877 1139 begrabnis.)
924 1085 995 1128 lat.
1021 1087 1088 1128 31.

319 1155 381 1198 De
413 1157 612 1198 memoria
642 1157 847 1212 passionis
874 1157 1002 1199 cristi.
1049 1157 1190 1200 Refert
1210 1157 1398 1201 Valerius
1420 1157 1529 1213 quod
1550 1157 1717 1212 quidam
1737 1170 1874 1200 senex.

320 1226 638 1281 (H'angebaum.)
684 1228 755 1270 lat.
779 1229 846 1269 33.

319 1303 382 1347 De
420 1304 559 1347 electis
599 1307 640 1347 et
676 1304 876 1360 reprobis.
940 1305 1124 1361 Pypinus
1164 1307 1354 1360 regnavit
1391 1306 1434 1348 in
1473 1306 1640 1349 civitate
1677 1305 1875 1348 Romana.

322 1374 546 1428 (Stiefkind
577 1376 661 1418 und
693 1376 882 1428 rechtes.)
932 1376 1003 1419 lat.
1031 1378 1126 1419 116.

320 1452 383 1494 De
414 1453 654 1495 resistencia
684 1453 728 1495 in
760 1454 1115 1509 temptacionibus.
1164 1454 1305 1497 Refert
1326 1453 1514 1497 Valerius
1544 1455 1588 1496 in
1608 1453 1714 1497 libro
1735 1453 1875 1496 tercie.

324 1524 500 1577 (Kohle.)
547 1538 674 1578 germ.
702 1526 767 1567 16.

319 1600 382 1643 De
413 1601 552 1644 anima
583 1602 775 1644 humana.
822 1602 962 1645 Refert
982 1602 1221 1646 Alexander
1243 1603 1524 1659 philosophus.
1571 1601 1740 1657 (Virgils
1761 1601 1877 1654 bild.)

321 1686 449 1726 germ.
477 1674 541 1714 18.

322 1748 385 1792 De
418 1749 632 1792 adulterio.
687 1749 791 1793 Erat
822 1751 989 1806 quidam
1020 1751 1248 1807 imperator
1279 1752 1350 1806 qui
1381 1751 1537 1793 statuit.
1588 1750 1716 1804 (Sohn
1748 1750 1880 1794 todtet

323 1824 477 1862 mutter
508 1822 651 1874 nicht.)
698 1821 768 1864 lat.
798 1823 891 1864 100.

320 1896 384 1939 De
414 1897 703 1942 incarnacione
734 1899 861 1941 cristi.
917 1899 962 1941 In
993 1900 1129 1942 medio
1161 1900 1288 1943 Rome
1320 1899 1363 1941 in
1395 1899 1572 1954 quodam
1603 1899 1704 1942 loco.
1761 1899 1879 1952 (Cur-

322 1969 436 2020 tius.)
483 1968 554 2011 lat.
578 1971 648 2011 43.

323 2044 439 2095 Quod
477 2060 559 2087 non
597 2047 792 2089 debemus
825 2048 963 2089 omnia
992 2047 1254 2102 investigare.
1307 2047 1412 2090 Erat
1442 2047 1609 2102 quidam
1639 2048 1876 2103 imperator.

324 2116 659 2172 (Kaisertochter,
693 2118 874 2174 pallast.)
921 2131 1048 2172 germ.
1073 2120 1140 2161 22.

324 2192 386 2236 De
414 2198 588 2249 quatuor
609 2195 833 2238 heremitis.
880 2195 1051 2250 Legitur
1072 2197 1115 2238 in
1137 2197 1243 2239 vitas
1265 2199 1444 2252 patrum.
1493 2194 1673 2249 (Grosste
1693 2195 1877 2250 tugend.)

324 2278 347 2306 a
410 2267 482 2307 .l.

323 2279 405 2384 Dpep
417 2343 627 2396 magistris
659 2343 844 2398 paganis.
893 2343 1065 2394 Quidam
1098 2358 1173 2387 rex
1196 2344 1359 2387 nobilis.
1408 2343 1666 2396 (Schiessen.)
1712 2343 1784 2385 lat.
1806 2342 1876 2384 45.

323 2418 497 2469 Quidam
537 2420 603 2462 fur
643 2420 694 2462 ad
725 2421 934 2475 cujusdam
969 2421 1136 2464 domum
1168 2422 1307 2464 divitis
1341 2421 1520 2464 veniens.
1575 2419 1877 2474 (Mondstrahl.)

322 2489 393 2531 lat.
420 2491 515 2532 136.
1892 2493 1896 2495 ’

325 2565 440 2616 Quod
470 2568 634 2610 mulieri
665 2581 746 2610 non
769 2572 830 2610 est
852 2569 1113 2612 credendum.
1162 2569 1337 2620 Quidam
1358 2569 1477 2611 miles
1500 2568 1704 2623 quendam
1725 2580 1875 2622 regem.

326 2637 449 2689 (Halb
482 2639 689 2692 geritten.)
735 2638 806 2681 lat.
833 2640 927 2681 124.

324 2714 386 2756 De
419 2714 575 2757 duobus
606 2715 804 2758 fratribus
827 2716 1042 2770 religiosis.
1089 2716 1222 2759 Erant
1243 2717 1322 2759 duo
1344 2716 1493 2758 fratres
1515 2715 1713 2758 carnales.
1761 2715 1878 2768 (Drei

324 2784 607 2838 buohstaben.)
653 2800 780 2840 germ.
805 2787 872 2828 26.

324 2862 387 2905 De
417 2863 549 2906 tribus
581 2863 757 2918 regibus.
805 2863 892 2907 Rex
916 2864 1117 2907 danorum
1138 2868 1222 2908 tres
1244 2877 1398 2919 magos.
1447 2863 1568 2915 (Heil.
1587 2863 1675 2906 drei
1695 2863 1875 2918 konige.)

323 2933 393 2977 lat.
416 2935 486 2977 47.
