1919 3157
859 47 942 88 673

62 162 149 191 sua.
202 148 431 204 Imperator
469 164 559 192 cum
602 150 676 192 lioc
716 150 899 193 audisset
938 152 1203 192 contristatus
1243 155 1304 192 est
1336 151 1452 193 valde
1485 155 1524 194 et
1555 152 1661 194 infra
1693 165 1736 194 se

60 218 239 262 dicebat:
272 219 362 262 Heu
396 221 509 273 milii,
543 226 628 263 tota
661 234 753 276 spes
787 235 876 263 mea
909 226 997 263 erat
1030 222 1069 263 in
1103 221 1262 263 seniore
1296 220 1379 263 filia
1413 236 1515 274 inea,
1549 236 1595 264 8ο
1629 221 1735 277 quod

60 289 185 342 dixit,
233 291 339 344 quod
389 291 478 346 plus
524 305 587 333 me
627 292 770 334 dilexit
812 306 933 347 quam
974 307 1016 334 se
1063 292 1215 346 ipsam,
1264 295 1303 333 et
1349 297 1518 347 propter
1564 293 1639 335 hoc
1685 292 1735 334 ad

59 374 250 413 magnam
293 361 533 414 dignitatem
580 363 711 416 ipsam
763 363 960 418 promovi.
1026 362 1201 416 Scripsit
1248 363 1384 403 statim
1434 363 1609 406 secunde
1655 362 1736 406 filie

59 444 136 485 que
159 431 294 473 dixit:
329 432 504 474 Tantum
539 438 576 474 te
609 433 733 486 diligo
768 438 964 487 quantum
999 446 1062 475 me
1094 433 1240 487 ipsam,
1275 433 1379 486 quod
1413 439 1669 477 succurreret
1699 435 1735 477 ei

57 501 100 543 in
122 505 237 543 tanta
260 504 515 545 necessitate.
556 504 612 546 At
644 504 713 545 illa
745 517 835 545 cum
871 504 1065 557 audisset,
1097 504 1182 545 viro
1205 517 1277 544 suo
1301 503 1574 547 denunciabat
1596 511 1634 547 et
1656 506 1735 561 ipsi

57 572 288 614 consiliavit
322 579 365 616 ut
395 574 496 615 nibil
531 574 638 615 aliud
674 575 709 617 ci
743 575 983 617 concederet
1015 575 1094 616 nisi
1128 575 1280 616 victum
1315 578 1354 616 et
1378 576 1570 617 vestitum
1594 590 1734 630 quam-

57 643 126 685 diu
166 644 322 686 viveret
354 645 521 686 honeste
555 659 627 699 pro
661 645 733 686 tali
766 659 881 699 rege,
921 650 960 688 et
993 659 1114 701 super
1148 645 1222 687 hoc
1254 644 1393 687 literas
1427 647 1534 701 patri
1567 660 1640 689 suo
1672 661 1735 690 re-

56 714 233 769 scripsit.
288 715 516 771 Imperator
548 730 637 757 cum
672 716 747 757 hoc
771 716 965 769 audisset,
1000 717 1286 758 constristatus
1319 721 1380 758 est
1412 717 1542 770 valde,
1576 717 1733 760 dicens:

55 784 262 841 Deceptus
295 800 383 828 sum
418 800 491 841 per
514 786 614 827 duas
645 786 762 828 filias.
811 786 902 828 Jam
938 787 1146 842 temptabo
1179 787 1347 829 terciam
1379 801 1456 842 que
1485 788 1584 830 mihi
1609 789 1733 832 dixit:

55 855 232 898 Tantum
266 862 304 899 te
337 857 462 911 diligo
496 862 692 911 quantum
734 857 856 899 vales.
913 857 1074 900 Literas
1114 858 1280 913 scripsit
1316 859 1372 911 ei,
1413 863 1457 901 ut
1497 860 1533 901 ei
1571 873 1735 902 succur-

55 931 163 969 reret
201 928 242 969 in
282 932 398 970 tanta
430 929 696 981 necessitate,
738 933 777 970 et
820 929 1022 982 quomodo
1055 943 1214 971 sorores
1247 942 1317 971 sue
1350 930 1386 971 ei
1418 931 1732 985 respondebant.

54 998 199 1040 Tereia
232 998 315 1040 filia
354 1013 445 1041 cum
488 1000 655 1041 vidisset
696 1000 877 1054 inopiam
921 1001 1050 1055 patris
1083 1001 1166 1053 sui,
1208 1000 1258 1042 ad
1292 1000 1423 1042 virum
1457 1015 1575 1043 suum
1609 1002 1732 1044 dixit:

53 1068 229 1112 Domine
261 1071 315 1111 mi
349 1071 592 1123 reverende,
634 1070 732 1112 mihi
771 1084 961 1113 succurre
994 1071 1035 1112 in
1068 1071 1144 1113 hac
1175 1072 1431 1113 necessitate.
1483 1071 1576 1114 Jam
1617 1076 1734 1128 pater

52 1153 167 1182 meus
199 1141 396 1196 expulsus
429 1147 491 1184 est
524 1142 573 1183 ab
607 1141 833 1184 hereditate
874 1156 959 1184 sua.
1016 1142 1088 1184 Ait
1129 1143 1165 1184 ei
1197 1143 1260 1184 vir
1298 1142 1403 1196 ejus:
1444 1142 1549 1193 Quid
1581 1143 1642 1186 vis
1675 1147 1733 1198 tu,

52 1215 98 1253 ut
129 1212 164 1254 ei
196 1211 373 1254 faciam?
412 1213 469 1254 At.
508 1212 598 1254 illa:
639 1212 877 1254 Exercitum
920 1213 1088 1267 colligas
1122 1217 1162 1256 et
1194 1213 1243 1255 ad
1277 1213 1563 1256 debellandum
1596 1214 1734 1256 inimi-

51 1295 142 1325 cum
176 1296 295 1325 suum
328 1296 475 1338 pergas
509 1296 600 1325 cum
634 1297 693 1326 eo.
751 1283 823 1325 Ait
855 1297 1009 1326 comes:
1042 1284 1304 1326 Voluntatem
1338 1287 1452 1326 tuam
1486 1283 1731 1340 adimplebo.

53 1352 200 1396 Statim
242 1353 406 1407 collegit
445 1368 638 1408 magnum
682 1355 905 1397 exercitum
948 1360 988 1397 et
1027 1355 1260 1411 sumptibus
1300 1355 1383 1397 suis
1422 1355 1602 1410 propriis
1640 1368 1731 1397 cum

50 1424 299 1480 imperatore
340 1426 523 1480 perrexit
562 1425 611 1467 ad
652 1425 815 1468 bellurn.
880 1426 1105 1468 Victoriam
1146 1426 1323 1468 obtinuit
1362 1429 1401 1468 et
1439 1426 1731 1482 imperatorem

50 1495 91 1537 in
125 1496 298 1551 imperio
331 1510 403 1538 suo
436 1497 585 1552 posuit.
643 1497 757 1539 Tunc
799 1497 856 1538 ait
894 1497 1138 1552 imperator:
1179 1497 1402 1540 Benedicta
1432 1497 1545 1551 hora,
1578 1497 1620 1539 in
1652 1510 1732 1552 qua

50 1567 171 1620 genui
212 1566 339 1609 filiam
380 1581 512 1609 meam
548 1568 768 1621 juniorem.
828 1568 963 1623 Ipsam
1003 1568 1138 1610 minus
1177 1568 1268 1610 aliis
1313 1568 1475 1611 filiabus
1521 1568 1647 1610 dilexi
1692 1571 1732 1610 et

51 1637 151 1679 mihi
197 1638 239 1679 in
278 1652 429 1692 magna
467 1640 711 1680 necessitate
760 1640 978 1693 succurrit,
1027 1643 1067 1681 et
1113 1639 1191 1682 alie
1229 1639 1312 1682 filie
1352 1653 1442 1682 mee
1482 1639 1730 1693 defecerunt,

49 1712 219 1764 propter
260 1709 367 1764 quod
405 1713 536 1751 totum
570 1710 790 1765 imperium
830 1710 1061 1765 relinquero
1095 1714 1188 1765 post
1219 1711 1430 1753 decessum
1471 1724 1607 1753 meum
1649 1709 1731 1753 filie

49 1793 138 1822 mee
169 1780 345 1834 juniori,
394 1785 433 1822 et
479 1781 539 1822 sic
583 1781 734 1823 factum
780 1785 852 1823 est.
918 1781 1016 1824 Post
1055 1781 1265 1824 decessum
1307 1782 1437 1838 patris
1476 1780 1560 1824 filia
1592 1781 1731 1836 junior

46 1851 236 1904 regnavit
267 1855 307 1893 et
338 1851 381 1892 in
412 1865 511 1907 pace
545 1852 671 1893 vitam
705 1851 850 1893 finivit.

164 1923 394 1964 Moraltter.
452 1922 692 1976 Karissimi,
735 1923 811 1964 iste
843 1923 1069 1978 imperator
1108 1926 1244 1979 potest
1284 1922 1364 1965 dici
1405 1922 1576 1978 quilibet
1607 1922 1728 1965 homo

46 1992 277 2035 mundanus
311 1994 381 2047 (1111
412 1993 535 2036 habet
564 1998 646 2035 tres
669 1992 786 2035 filias.
835 1992 975 2036 Prima
1003 1994 1100 2048 filia,
1135 2008 1212 2048 que
1245 1994 1363 2036 dicit:
1397 1993 1535 2048 Diligo
1567 1997 1728 2050 patrem

46 2063 138 2119 'plus
161 2063 380 2119 plusquam
414 2078 478 2107 me
510 2065 658 2120 ipsam,
692 2068 802 2106 certe
834 2069 896 2107 est
928 2065 1103 2107 mundus
1136 2065 1227 2119 iste,
1261 2078 1379 2120 quem
1413 2065 1534 2107 homo
1566 2069 1727 2107 tantum

46 2134 193 2188 diligit,
227 2135 334 2189 quod
367 2136 492 2177 vitam
526 2149 642 2178 suam
675 2136 784 2177 circa
810 2136 1018 2178 mundana
1051 2136 1260 2191 expendit,
1294 2136 1365 2178 sed
1398 2136 1561 2190 quando
1594 2140 1657 2178 est
1685 2136 1727 2178 111

45 2206 290 2248 necessitate
331 2207 496 2260 mortis,
538 2210 635 2248 tunc
667 2207 843 2248 mundus
878 2208 945 2249 vix
977 2221 1070 2249 cum
1102 2207 1212 2249 omni
1247 2206 1469 2249 dileccione
1502 2220 1624 2262 quam
1656 2206 1727 2249 ha-

45 2276 134 2319 buit
179 2277 372 2319 concedet
419 2278 455 2319 ei
503 2278 681 2332 quinque
719 2278 871 2320 milites
918 2279 944 2320 i.
977 2292 1010 2320 e.
1052 2278 1231 2333 quinque
1269 2276 1430 2319 tabulas
1472 2277 1522 2319 ad
1560 2277 1726 2319 modum

44 2347 145 2390 ciste
178 2347 229 2389 ad
261 2348 552 2390 involvendum
586 2362 734 2404 corpus
767 2363 885 2391 suum
927 2348 1117 2404 sepulcri.
1176 2348 1363 2391 Secunda
1402 2348 1486 2390 filia
1525 2362 1602 2403 (1118
1635 2352 1726 2390 tan·

44 2421 131 2460 tum
165 2418 299 2472 diligit
330 2423 489 2473 patrem
522 2419 627 2460 sicut
658 2433 700 2461 se
732 2420 866 2475 ipsam
899 2423 960 2462 est
992 2433 1096 2461 uxor
1128 2423 1220 2474 tua,
1260 2419 1334 2461 filii
1365 2419 1425 2461 tui
1463 2423 1502 2462 et
1534 2422 1724 2475 parentes

45 2489 114 2543 qui
152 2489 368 2531 inveniunt
407 2491 640 2531 necessaria
681 2504 892 2545 quousque
932 2491 974 2531 in
1007 2495 1160 2532 terram
1203 2491 1361 2545 positus
1393 2490 1518 2532 fueris
1551 2494 1592 2532 et
1622 2488 1724 2531 nihil

45 2559 168 2601 aliud.
213 2560 357 2602 Tereia
389 2559 473 2601 filia
505 2574 582 2614 que
614 2561 795 2602 dicebat:
830 2561 1006 2603 Tantum
1039 2565 1079 2603 te
1112 2560 1237 2614 diligo
1271 2565 1468 2616 quantum
1502 2560 1627 2614 vales,
1662 2562 1724 2602 est

44 2629 163 2684 deus,
207 2643 325 2684 quem
366 2631 488 2672 nimis
529 2645 674 2686 parum
715 2631 935 2685 diligimus.
994 2630 1073 2673 Sed
1115 2632 1149 2673 si
1187 2632 1237 2673 ad
1275 2645 1367 2674 eum
1410 2631 1640 2674 venerimus
1679 2630 1722 2672 in

43 2701 287 2743 necessitate
333 2715 436 2756 puro
484 2702 604 2743 corde
652 2706 692 2743 et
738 2702 891 2743 munda
932 2706 1068 2744 mente
1107 2702 1195 2744 sine
1234 2702 1357 2744 dubio
1396 2702 1482 2756 ejus
1521 2701 1721 2744 auxilium

44 2770 318 2814 obtinebimus
356 2775 500 2813 contra
530 2785 668 2825 regem
700 2772 843 2827 Egipti
882 2773 908 2814 i.
932 2786 965 2814 e.
999 2776 1141 2814 contra
1172 2772 1379 2815 diabolum
1420 2777 1460 2815 et
1491 2775 1616 2827 ponet
1645 2785 1720 2814 nos

42 2841 86 2884 in
117 2847 302 2884 nostram
333 2842 602 2884 hereditatem
635 2842 720 2885 scil.
753 2843 797 2884 in
829 2856 1000 2896 regnum
1032 2843 1181 2886 celeste
1212 2847 1287 2885 etc.

105 2995 326 3031 Oesterley.
350 2995 440 3022 Gesta
461 2994 533 3021 Rom
538 3003 668 3020 aaaaaaa
1394 2989 1439 3021 43
