1919 3157
868 61 953 103 569

65 155 245 196 videntes
280 162 546 213 pereqrinum
587 165 626 204 ei
655 165 835 207 osculum
870 169 1054 221 tradere,
1095 181 1261 213 vocatus
1293 184 1350 215 est
1382 185 1425 217 ut
1456 180 1637 234 amplius
1667 180 1747 221 ihi-

65 227 155 267 dem
185 243 268 268 non
298 237 432 271 staret.
487 231 623 275 Gm‘do
655 238 712 277 ad
742 253 909 279 umorem
942 244 1110 284 accessit
1142 251 1177 284 et
1209 245 1341 287 locum
1371 249 1415 288 in
1424 249 1592 302 foresta
1607 254 1744 307 petiit,

64 305 110 337 ut
138 297 200 339 ibi
229 308 393 354 poterat
431 318 588 359 semper
624 322 876 361 permanere.
934 311 1015 353 Illa
1047 315 1190 355 ·z·1'(lens
1222 331 1312 357 eum
1340 323 1626 374 pereqrinum,
1666 339 1744 378 pro

65 368 134 409 dei
161 384 301 411 amore
333 380 368 412 et
401 375 482 415 viri
511 379 578 416 sui
608 378 738 420 locum
772 382 811 420 ei
840 386 1089 434 ‹·onstru.cit;
1123 385 1271 427 ibidem
1300 404 1377 443 per
1407 392 1534 433 multa
1559 401 1746 450 tempora

56 443 300 495 permansit.
360 442 457 485 Cam
498 456 631 488 autem
669 451 726 490 ad
767 460 933 494 mortem
965 458 1349 512 appropinquaret,
1377 461 1594 514 famulum
1625 481 1745 507 suum
1769 470 1791 505 5

62 511 263 553 advocari
284 513 393 566 fecit
430 524 467 556 et
506 520 586 559 ait:
637 520 716 573 Ite,
765 525 996 576 carissime,
1033 526 1288 580 festinanter
1326 533 1382 572 ad
1422 536 1671 578 comitissam
1708 546 1745 579 et

60 582 183 623 istum
222 585 392 626 anulum
431 589 470 628 ei
507 591 624 631 trade
664 601 701 632 et
735 594 877 646 dicite,
919 597 958 636 si
987 611 1049 637 ‘me
1080 598 1288 642 desiderat
1316 604 1477 656 videre,
1519 609 1657 648 statim
1687 609 1745 650 ad

59 666 122 694 me
157 656 296 696 veniat
331 658 419 698 sine
458 660 646 703 ulteriori
680 664 889 706 dilatione.
938 666 1131 710 Nuncius
1163 672 1220 712 ad
1251 673 1463 716 dominam
1488 681 1676 731 perreaeit
1707 688 1743 722 et

60 724 231 766 anulum
267 728 306 767 ei
343 731 526 772 ostendit.
596 732 690 775 Viso
722 737 847 776 anulo
879 737 966 778 alta
996 754 1091 781 voce
1122 741 1350 786 clamabat:
1392 746 1472 788 Iste
1503 757 1561 789 est
1591 750 1742 792 anulus

59 795 219 837 domini
253 800 343 839 mei.
401 801 523 855 Aqili
559 819 681 845 cursu
721 808 778 846 ad
802 807 1010 861 forestam
1048 816 1256 867 perrexit,
1297 824 1335 857 et
1364 826 1586 873 antequam
1617 824 1738 876 venit,
1768 828 1812 863 10

62 863 200 908 Guido
244 877 302 910 est
345 871 572 925 defunctus.
638 876 723 917 Illa
768 893 862 920 ‘cero
909 895 1036 936 super
1074 885 1253 926 cadaver
1291 889 1447 930 cecidit.
1505 891 1609 933 Alta
1644 908 1741 936 voce

58 937 283 981 clamabat:
322 941 415 982 Heu
457 945 580 998 mihi,
620 961 713 1003 spes
743 964 833 990 mea
859 953 1014 1006 periit!
1057 954 1114 996 Et
1146 956 1456 1001 lamentationes
1488 970 1524 1003 et
1554 967 1740 1020 suspiria

57 1010 208 1062 emisit,
248 1012 408 1054 dicens:
455 1014 535 1058 Ubi
561 1017 655 1071 jam
691 1028 786 1061 sunt
815 1022 1030 1065 elemosine
1059 1040 1164 1079 mee,
1208 1042 1312 1083 quas
1337 1046 1421 1086 pro
1453 1034 1619 1077 domino
1651 1051 1738 1079 meo

43 1079 233 1134 feceram
278 1087 394 1126 omni
436 1088 528 1128 die?
588 1089 685 1131 Vidi
728 1092 940 1135 dominum
986 1110 1117 1137 meum
1161 1099 1424 1144 elemosinam
1462 1106 1511 1146 de
1547 1107 1738 1150 manibus

53 1153 154 1193 meis
198 1155 384 1210 accipere
429 1166 466 1199 et
511 1174 601 1201 eum
645 1176 729 1202 non
767 1166 1068 1219 coqnoscebam.
1134 1169 1287 1213 Vidisti
1312 1174 1453 1226 filium
1492 1184 1605 1218 tuum
1643 1188 1738 1221 ante
1764 1186 1808 1221 15

54 1223 192 1265 oculos
223 1232 334 1279 tuos,
370 1230 581 1285 palpasti,
623 1234 830 1276 osculatus
858 1237 1010 1291 fuisti,
1050 1255 1125 1282 nec
1164 1243 1269 1284 mihi
1304 1259 1378 1286 nec
1408 1246 1492 1288 sibi
1518 1250 1741 1293 indicasti!

55 1293 169 1347 Quid
192 1295 345 1352 fecisti,
380 1315 401 1342 o
428 1299 582 1355 Guido,
619 1302 783 1347 Gutclo!
821 1307 1014 1364 Amplius
1047 1318 1083 1352 te
1111 1327 1196 1354 non
1227 1315 1398 1357 videbo!
1433 1316 1534 1360 Cum
1553 1324 1735 1365 maximo

51 1367 204 1411 honore
232 1385 382 1426 corpus
404 1374 610 1428 sepulture
631 1377 808 1418 tradidit
829 1387 865 1419 et
884 1389 1053 1422 mortem
1075 1382 1161 1436 ejus
1178 1400 1256 1440 per
1277 1388 1427 1430 'multos
1449 1391 1535 1432 dies
1549 1392 1731 1448 planxit.

167 1443 452 1485 Moralizacz'o.
503 1444 730 1500 Carissimi,
761 1464 839 1505 per
868 1452 992 1492 istum
1021 1454 1193 1496 militem
1225 1458 1342 1499 deum
1367 1461 1596 1518 intelliyere
1617 1465 1733 1508 debe-

49 1526 153 1564 mus,
188 1516 262 1569 qui
289 1515 418 1556 multa
450 1515 555 1557 bella
574 1518 760 1571 fecerat‚·
786 1524 927 1576 primo
960 1525 1004 1564 in
1026 1525 1124 1578 celo,
1159 1530 1326 1582 quando
1348 1532 1536 1575 demones
1558 1537 1730 1592 expulit,
1758 1546 1803 1581 20

48 1584 155 1625 sicut
190 1587 391 1642 scriptum
422 1596 501 1629 est:
540 1589 716 1630 Factum
748 1600 806 1633 est
833 1594 1013 1649 prelium
1043 1612 1241 1653 maqnum
1269 1602 1316 1642 in
1347 1603 1442 1645 celo.
1491 1605 1656 1649 Deinde
1685 1609 1732 1649 in

49 1661 160 1696 terra
169 1672 183 1706 ;
214 1659 366 1712 sepius,
400 1661 566 1714 quando
590 1661 856 1705 Pharaonem
887 1674 924 1707 et
954 1670 1175 1710 exercitum
1206 1670 1292 1723 ejus
1319 1674 1495 1728 projecit
1524 1678 1571 1718 in
1600 1694 1728 1733 mare,

47 1733 85 1766 et
119 1728 167 1767 in
200 1743 444 1782 parasceve,
492 1739 528 1772 et
563 1733 638 1774 hoc
677 1742 805 1776 totum
836 1746 1013 1794 propter
1052 1756 1234 1783 amorem
1272 1746 1409 1799 puelle
1445 1748 1472 1788 i.
1506 1763 1536 1789 e.
1579 1751 1726 1792 anime.

46 1796 210 1840 Deinde
236 1799 411 1856 Tyrium
441 1818 575 1845 secum
606 1806 726 1847 duxit
754 1808 782 1848 i.
806 1822 836 1848 e.
861 1808 1066 1852 hominem
1095 1817 1333 1870 assumpsit,
1366 1825 1412 1859 ut
1441 1819 1623 1871 infideles
1642 1822 1670 1862 i.
1695 1837 1725 1864 e.

44 1869 149 1910 vitia
185 1871 234 1912 de
263 1887 389 1928 reqno
422 1877 610 1931 corporis
642 1878 861 1933 earpelleret
891 1889 928 1922 et
955 1884 1126 1925 virtutes
1152 1885 1376 1940 plantaret.
1435 1888 1476 1930 T
1470 1893 1613 1946 yrium
1642 1894 1669 1934 i.
1695 1909 1724 1935 e.
1754 1902 1799 1936 25

45 1939 221 1996 Moysen
259 1946 487 1998 constituit,
527 1955 573 1988 ut
603 1950 812 2004 populum
847 1966 967 1993 suum
1005 1955 1064 1995 ad
1097 1957 1227 1997 vitam
1260 1961 1519 2017 rectitudinis
1552 1964 1724 2007 duceret.

43 2011 209 2055 Deinde
242 2012 380 2057 Guido
423 2017 472 2058 de
510 2025 621 2060 terra
661 2030 803 2063 sancta
842 2025 972 2077 venit,
1019 2028 1185 2081 quando
1211 2029 1330 2081 filius
1363 2032 1431 2073 dei
1459 2033 1510 2074 de
1541 2035 1623 2076 celo
1655 2037 1726 2078 de-

44 2085 202 2126 scendit
240 2093 278 2127 et
320 2085 497 2142 Tyrium
534 2100 752 2146 vaqantem
789 2095 943 2136 scilicet
978 2104 1106 2138 totum
1140 2114 1271 2154 yenus
1308 2101 1534 2145 humanum
1570 2107 1617 2147 in
1655 2109 1727 2150 via

38 2156 297 2209 perdicionis
332 2159 508 2212 invenit,
549 2164 670 2216 quia,
711 2173 912 2220 quotquot
948 2176 1042 2210 ante
1084 2184 1176 2211 eum
1210 2182 1428 2227 venerunt,
1470 2177 1528 2218 ad
1555 2178 1726 2232 inferna

43 2225 346 2270 descenderunt.
401 2229 615 2274 Dormivit
649 2236 694 2275 in
721 2238 878 2291 qremio
910 2247 1073 2293 nostro,
1115 2244 1283 2297 quando
1314 2253 1501 2288 nostram
1530 2248 1723 2292 humani·
1748 2258 1794 2292 30

42 2303 163 2338 tatem
201 2302 426 2356 assumpsit
462 2303 511 2343 de
544 2305 721 2360 virqinis
751 2315 877 2350 utero.
937 2310 1119 2353 Mustela
1149 2315 1249 2355 eoeiit
1279 2323 1317 2357 et
1345 2326 1522 2359 montem
1551 2322 1726 2364 intravit

41 2375 110 2410 etc.
139 2370 168 2410 i.
199 2384 229 2411 e.
262 2370 475 2414 Johannes
506 2382 544 2415 et
566 2377 769 2432 prophete
799 2380 878 2421 alii
907 2382 956 2422 de
987 2382 1072 2436 ejus
1104 2385 1282 2427 adventu
1311 2389 1637 2445 prophetabant,
1676 2395 1723 2434 in

39 2448 215 2481 montem
250 2443 277 2483 i.
308 2457 338 2484 e.
378 2445 424 2484 in
454 2447 653 2488 mundum
681 2450 964 2505 intraverunt,
1003 2454 1172 2496 verbum
1203 2458 1272 2498 dei
1293 2461 1578 2514 predicando,
1616 2464 1723 2506 sieut

40 2517 211 2552 testatur
241 2514 291 2554 de
319 2514 533 2557 Johanne:
572 2517 679 2560 Ecce
707 2522 822 2563 mitto
853 2524 1047 2578 anyelum
1075 2541 1209 2568 meum
1240 2537 1308 2570 etc.
1363 2531 1468 2573 Post
1497 2533 1568 2574 hec
1597 2535 1721 2577 rediit

40 2583 97 2623 ad
133 2581 360 2638 Christum,
408 2603 500 2628 cum
546 2590 674 2630 clioeit:
723 2591 830 2633 Ecce
875 2609 1009 2649 aqnus
1055 2597 1146 2638 clei!
1202 2598 1385 2643 Christus
1430 2618 1525 2645 vero
1563 2606 1722 2648 invenit
1743 2613 1790 2648 35

40 2653 260 2696 draconem
290 2665 516 2712 mortuum,
557 2661 710 2703 scilicet
741 2662 867 2718 leqem
900 2662 1050 2721 [15022]
1086 2672 1303 2726 antiquam
1334 2675 1615 2716 conculcatam
1641 2692 1720 2732 per

39 2728 308 2779 ceremonias,
351 2736 387 2769 et
417 2745 506 2770 cum
537 2732 583 2772 in
614 2747 662 2773 ea
693 2733 928 2776 thesaurum
957 2739 1126 2792 invenit,
1159 2743 1314 2784 scilicet
1344 2746 1479 2786 decem
1503 2756 1717 2803 precepta,

33 2809 117 2850 ¹que
153 2797 311 2839 homini
346 2800 477 2852 dedit,
520 2817 612 2843 eum
646 2804 792 2859 yladz'o
819 2811 1036 2861 potestatis
1068 2811 1176 2852 diem
1207 2813 1347 2866 latuit,
1389 2831 1514 2871 quam
1543 2818 1627 2859 sibi
1654 2833 1718 2861 re-

39 2867 175 2920 tinuit,
207 2870 314 2910 sicut
342 2873 542 2927 scriptum
572 2882 650 2915 est:
686 2875 902 2918 Judicium
922 2894 1054 2921 meum
1075 2882 1198 2924 alteri
1215 2900 1299 2927 non
1321 2886 1440 2928 dabo.
1488 2888 1575 2929 Per
1593 2891 1718 2932 istum

39 2937 222 2992 gladium
255 2941 450 2983 Plebeum
489 2952 713 2998 tyrannum
742 2949 968 3003 interfecit,
1009 2954 1084 3008 qui
1118 2952 1294 3010 Tyrium
1324 2958 1350 2997 i.
1376 2972 1405 2998 e.
1430 2958 1634 3001 hominem
1664 2961 1715 3002 ab
1740 2971 1787 3006 40
