1919 3157
861 66 938 106 (371

60 168 111 210 ab
133 168 317 210 hostibus
340 169 592 221 immineret,
627 170 734 211 tilius
758 170 924 223 aggredi
948 170 1085 212 hostes
1110 170 1248 223 voluit,
1273 171 1343 212 sed
1369 175 1484 226 pater
1507 170 1738 226 prohibuit;

59 238 166 281 filius
204 243 338 281 autem
382 246 496 295 patre
535 241 838 283 contradicente
877 241 1013 283 hostes
1046 242 1268 294 aggressit,
1303 242 1512 283 victoriam
1549 241 1739 294 obtinuit,

60 314 176 365 pater
215 315 348 352 autem
392 316 525 352 motus
574 311 699 353 lilium
750 312 956 354 abdicavit
1006 312 1167 354 dicens:
1221 312 1327 354 tilius
1376 313 1613 354 inobediens
1666 316 1740 363 est,

60 381 207 423 merito
249 381 474 423 abdicatur.
540 381 618 424 Sed
665 382 772 424 filius
813 386 975 424 contra:
1024 396 1142 425 nemo
1183 383 1303 425 debet
1342 384 1520 425 abdicari
1567 398 1640 439 pro
1680 398 1740 437 eo,

61 465 133 507 pro
164 465 243 506 quo
276 452 396 494 debet
428 454 637 508 premiari,
671 454 740 496 sed
775 468 848 507 ego
880 467 1065 508 pugnans
1099 467 1171 509 pro
1209 467 1252 496 re
1290 454 1454 509 publica
1490 455 1615 497 debeo
1650 468 1741 510 pre-

59 523 176 564 miari
210 528 250 565 et
281 537 360 564 non
395 538 417 565 a
439 528 478 565 te
512 524 693 566 abdicari
726 529 766 566 et
791 524 928 579 posuit
959 524 1189 566 Secundum
1215 525 1373 567 dicens:
1407 525 1564 567 Plinius
1586 530 1741 580 narrat,

59 593 165 648 quod
199 594 364 648 quidam
398 595 526 636 tilium
561 610 677 637 suuni
712 600 881 651 propter
913 595 1123 637 lasciviam
1159 596 1376 650 abdicavit,
1410 597 1480 639 sed
1513 601 1575 639 ter
1600 602 1741 639 contra

58 664 246 706 inimicos
279 679 350 720 rey
383 666 543 721 publice
583 667 744 709 fortiter
785 681 970 722 pugnans
1011 667 1157 709 iterum
1199 681 1222 709 a
1254 672 1371 723 patre
1411 672 1625 723 susceptus
1666 672 1740 720 est,

58 748 154 789 ergo
187 749 260 789 ego
292 750 371 778 non
406 737 531 779 debeo
565 738 759 791 abdicari,
793 738 862 779 sed
897 739 1026 792 majus
1059 739 1256 794 premiari
1288 740 1467 782 maxime
1501 743 1541 781 et
1571 739 1637 782 lex
1660 753 1739 781 non

58 806 242 849 inhibeat
274 808 370 862 quin
404 808 557 863 possim
593 809 721 850 adhoc
753 809 922 850 militari
957 810 990 851 si
1025 809 1159 851 velim.

177 878 466 935 Spiritaaliter
496 879 537 920 in
570 879 658 933 lege
690 880 829 922 divina
853 884 1051 922 statutum
1086 885 1161 934 est,
1195 881 1263 935 qui
1296 882 1542 936 pugnaverit
1574 881 1649 924 hoc
1681 885 1742 923 est

58 952 200 990 contra
218 950 428 1002 mundum,
461 964 624 992 carnem
659 955 699 993 et
720 951 954 1006 dyabolum,
988 955 1028 994 et
1059 965 1128 994 eos
1151 965 1271 1006 quam
1297 952 1492 1008 possibile
1515 957 1577 995 est
1599 952 1743 994 vicerit

59 1021 99 1062 3·
133 1020 304 1074 quiescit
346 1022 383 1063 in
417 1022 576 1075 gras-ia,
615 1023 684 1064 sed
719 1023 813 1077 quia
844 1023 981 1064 minus
1014 1023 1288 1078 periculosum
1323 1028 1385 1066 est
1416 1024 1522 1066 inter
1553 1023 1741 1065 inimicos

58 1091 264 1146 habitare,
298 1105 419 1146 quam
453 1093 559 1147 quod
593 1093 712 1134 homo
746 1093 962 1148 devicerit,
1003 1099 1089 1136 tum
1130 1108 1209 1136 non
1244 1098 1380 1150 potest
1411 1108 1479 1137 eos
1510 1094 1742 1137 interficere

58 1162 120 1204 vel
159 1162 278 1216 ligari
319 1163 480 1218 quando
522 1178 683 1220 semper
722 1165 981 1207 insidiantur.
1054 1165 1096 1207 Si
1137 1165 1356 1220 aliquando
1404 1165 1524 1207 homo
1571 1165 1740 1208 devotus

57 1234 320 1276 considerans
354 1234 429 1277 hoc
462 1235 549 1277 vult
582 1250 764 1291 pugnare
797 1241 939 1278 contra
961 1250 1029 1278 eos
1062 1250 1136 1292 per
1157 1237 1388 1290 ingressum
1411 1237 1637 1291 religionis,
1671 1237 1741 1279 sed

57 1310 174 1366 pater
211 1319 293 1348 non
326 1306 412 1348 vult
443 1320 498 1348 sc,
533 1307 708 1349 mundus
742 1312 782 1349 et
815 1311 1004 1362 parentes
1045 1308 1180 1349 carnis
1220 1308 1507 1350 contradicunt
1539 1308 1740 1351 dicentes:

57 1378 115 1419 ita
145 1377 248 1420 bene
281 1378 435 1433 poteris
467 1377 619 1420 salvari
651 1379 692 1420 in
725 1379 860 1420 seculo
894 1379 1000 1420 sicut
1031 1379 1071 1420 in
1096 1379 1252 1433 ordine,
1286 1379 1356 1422 sed
1388 1378 1461 1420 filii
1488 1393 1569 1421 non
1592 1379 1743 1422 dehent

57 1447 224 1491 obedire
246 1449 485 1504 parentibus
518 1451 560 1491 in
592 1449 685 1502 hiis,
719 1450 907 1504 quamvis
931 1449 1149 1492 turbentur
1171 1464 1253 1504 eos,
1287 1451 1475 1505 quamvis
1499 1450 1742 1492 abdicantur

58 1519 108 1561 ab
141 1520 199 1561 eis
231 1520 406 1563 scientes
439 1521 544 1575 quod
567 1521 722 1563 milicia
754 1526 816 1564 est
838 1522 922 1563 vita
953 1521 1131 1563 hominis
1163 1535 1287 1576 super
1317 1526 1471 1564 terram
1505 1526 1546 1564 et
1577 1521 1742 1564 obedire

57 1595 220 1645 oportet
242 1591 316 1634 deo
349 1592 480 1646 magis
513 1605 634 1647 quam
668 1592 922 1645 hominibus,
956 1592 1124 1635 valuant
1155 1597 1347 1648 parentes
1380 1606 1474 1635 suos
1507 1607 1581 1649 per
1602 1593 1742 1636 inobe-

57 1661 272 1705 dienciam.

733 1857 832 1912 272,
865 1871 969 1913 app.
991 1858 1064 1901 76.

173 1945 260 1988 Rex
300 1950 389 1989 erat
427 1946 748 2000 atheniensium,
791 1948 860 2001 qui
900 1947 1062 2002 quando
1096 1951 1287 2002 parentes
1321 1946 1551 2002 aliquorum
1587 1947 1739 1990 mortui

57 2020 176 2059 erant
205 2017 270 2060 vel
308 2017 401 2071 filii,
442 2021 538 2060 tunc
577 2018 761 2060 viventes
799 2018 1007 2062 faciebant
1046 2019 1104 2061 eis
1143 2018 1411 2060 domunculas
1444 2032 1568 2074 super
1602 2018 1739 2074 sepul-

57 2087 198 2130 chrum
232 2092 486 2131 mortuorum
521 2092 561 2132 et
601 2089 657 2132 ibi
700 2104 796 2131 xxx
821 2090 907 2133 dies
940 2090 1222 2143 morabantur,
1256 2089 1497 2145 plangentes
1527 2094 1567 2132 et
1595 2088 1740 2132 flentes

57 2172 181 2214 super
213 2159 438 2202 defunctos.
500 2160 554 2202 Et
585 2161 618 2202 si
651 2160 799 2216 aliquis
831 2161 1084 2217 impediebat
1115 2174 1183 2203 eos
1215 2160 1331 2202 illum
1366 2161 1614 2204 accusabant
1645 2164 1685 2203 et
1717 2174 1741 2203 a

50 2229 190 2284 judice
235 2231 495 2286 puniebatur.
557 2230 685 2274 Juxta
732 2232 836 2274 hanc
873 2232 1004 2286 legem
1047 2245 1194 2275 seneca
1240 2232 1379 2287 posuit
1417 2232 1541 2274 talem
1583 2245 1738 2274 casum.

57 2300 231 2351 Quidam
266 2301 409 2344 habuit
439 2306 522 2344 tres
554 2301 680 2356 filios,
715 2303 862 2357 quibus
894 2303 1097 2346 defunctis
1128 2303 1221 2345 illos
1253 2303 1372 2345 factis
1405 2302 1664 2345 domunculis
1695 2305 1741 2344 ut

57 2386 183 2428 supra
215 2372 439 2428 deplanxit.
488 2373 715 2416 Venierunt
752 2377 888 2416 autem
923 2375 1096 2429 juvenes
1135 2374 1278 2416 lascivi
1318 2377 1359 2416 et
1396 2373 1506 2416 illius
1546 2374 1739 2428 civitatis,

58 2443 194 2498 ipsum
226 2444 276 2486 de
308 2443 553 2487 domunculo
586 2449 857 2488 extraxerunt
888 2449 928 2488 et
958 2446 1132 2487 invitum
1159 2446 1247 2499 jam
1281 2444 1496 2487 barbatum
1533 2445 1584 2486 ad
1613 2444 1741 2499 quod-

59 2514 153 2556 dam
184 2515 332 2557 sestum
366 2514 611 2557 secularium
645 2516 864 2558 duxerunt.
914 2517 1005 2572 Ipse
1037 2520 1172 2559 autem
1206 2516 1395 2558 turbatus
1427 2516 1483 2558 ibi
1516 2516 1670 2557 mansit
1701 2519 1741 2558 et

58 2589 210 2640 quanto
243 2586 368 2628 cicius
400 2587 535 2640 potuit
565 2587 754 2642 precibus
788 2587 955 2630 obtenta
987 2587 1037 2630 ab
1066 2588 1124 2630 eis
1162 2588 1333 2629 licencia
1370 2588 1413 2629 in
1450 2586 1737 2629 domunculam

59 2669 176 2698 suam
216 2656 430 2699 festinavit
468 2660 508 2699 et
546 2657 662 2700 finita
695 2658 781 2712 jam
823 2658 987 2713 incepta
1023 2657 1323 2700 lamentacione
1362 2657 1529 2699 indutus
1555 2657 1736 2712 judicem

60 2727 163 2769 adiit
200 2731 241 2770 et
280 2741 348 2770 eos
389 2727 611 2770 secundum
645 2728 777 2780 legem
817 2729 1036 2770 accusavit.
1097 2728 1174 2779 Qui
1215 2729 1518 2784 responderunt
1549 2728 1624 2770 hoc
1657 2741 1738 2770 non

58 2797 205 2840 fecisse
236 2812 285 2841 ex
305 2798 482 2852 malicia,
515 2798 585 2841 sed
618 2812 667 2841 ex
700 2800 986 2854 compassione
1018 2803 1058 2841 et
1088 2800 1372 2842 misericordia
1404 2803 1449 2842 ut
1479 2799 1740 2842 consolarent

58 2867 280 2923 lugentem.
344 2869 424 2912 Iste
471 2874 604 2912 autem
655 2871 925 2912 contradixit:
974 2871 1105 2924 magis
1144 2884 1210 2913 me
1249 2871 1425 2913 turbatis
1467 2871 1510 2912 in
1551 2871 1739 2913 convivio

61 2953 183 2994 quam
231 2941 265 2983 si
303 2940 546 2983 mansissem
585 2941 627 2982 in
669 2941 896 2996 sepulchro.
961 2942 1262 2998 Spiritualz'ter.
1304 2941 1382 2984 Per
1420 2941 1625 2984 hominem
1668 2941 1738 2984 ha-
