1919 3157
839 47 925 90 705

46 141 198 200 [165b]
233 145 500 202 Imperatoris
533 150 597 191 lea·
627 151 677 192 de
706 160 809 193 recte
829 152 1062 206 judicando
1093 164 1130 196 et
1158 171 1267 211 pena
1299 172 1386 199 eam
1407 159 1709 215 transyredien-

127 217 229 257 tium
263 216 331 258 29.

39 283 238 327 Julianus
268 288 383 329 miles
408 292 607 345 prescivit
637 293 750 347 quod
767 302 958 348 parentes
989 309 1083 337 suos
1105 297 1316 349 occideret,
1347 297 1502 354 refhfit
1521 307 1558 341 et
1576 308 1710 342 tamen

126 358 366 412 iqnoranter
396 360 536 402 ambos
566 362 611 402 in
645 361 741 404 lecto
774 378 846 405 suo
876 367 1032 420 positos
1061 367 1204 422 yladio
1235 369 1437 410 interemit
1469 368 1534 410 18.

37 425 179 468 Julius
210 426 334 470 Cesar
362 438 583 486 antequam
612 442 837 476 moreretur
867 437 949 476 tria
970 438 1090 492 siqua
1120 446 1289 479 mortem
1308 453 1425 480 suam
1450 441 1710 495 precedentia

124 501 283 555 accepit
316 499 384 541 98.

36 566 227 610 Justinus
258 571 384 625 refert
414 572 463 613 de
494 574 676 627 quadam
707 577 1012 630 conspiratione
1043 577 1111 618 21.

35 637 223 692 Justitia,
257 643 419 694 veritas,
451 645 735 686 misericordia
769 654 804 687 et
832 661 920 701 pam
951 656 1045 689 sunt
1075 657 1253 704 quatuor
1274 650 1368 708 filie
1396 652 1504 706 reqis
1533 651 1609 692 oeli
1637 650 1706 693 55.

34 708 124 750 Lac
154 712 306 767 tripleoe
336 714 381 753 in
412 713 614 770 baptismo
647 715 805 758 Christo
839 719 1074 761 ministrare
1102 722 1370 775 promisimus
1404 721 1498 763 141.

34 779 189 822 Laicus
227 790 306 824 tres
337 784 493 826 litteras
524 787 656 828 solum
687 788 857 840 didicit,
885 791 1029 844 prima
1048 790 1143 844 fuit
1171 792 1317 847 niqra,
1358 793 1536 834 secunda
1563 791 1705 846 rubea,

122 854 249 894 tercia
279 856 458 897 eandida
492 856 587 898 125.

33 921 173 964 Leena
202 925 440 967 adulterans
466 942 546 983 per
577 928 730 970 leonem
763 931 964 971 occiditur
998 930 1091 972 181.

33 992 185 1035 Leonis
214 1010 399 1051 reqnum,
434 1000 508 1053 qui
537 998 813 1041 delectabatur
842 1002 981 1041 videre
1008 1002 1208 1056 pulchras
1237 1003 1428 1045 mulieres
1459 1002 1497 1044 8.

32 1063 288 1120 Leporarios
314 1069 488 1123 optimos
519 1084 592 1110 rea·
613 1071 785 1125 quidam
815 1071 971 1124 habuit7
1006 1074 1080 1127 qui
1109 1074 1206 1114 dum
1235 1075 1437 1116 vinculati
1466 1081 1503 1116 et
1524 1073 1709 1130 colliyati

120 1144 240 1178 erant
268 1146 406 1180 mutuo
437 1154 479 1180 se
509 1141 760 1194 dileoeerunt,
798 1142 870 1182 sed
899 1144 1086 1197 separati
1112 1144 1433 1201 infatiyabiliter
1461 1160 1503 1187 se
1531 1159 1706 1187 momor-

119 1207 267 1249 derunt
299 1209 395 1250 133.

31 1275 236 1319 Libellum
272 1281 442 1335 repudii
477 1284 629 1338 reeepit
665 1298 774 1324 umor
804 1283 994 1324 adultera
1025 1298 1102 1339 que
1137 1293 1272 1327 tamen
1296 1294 1397 1342 post
1425 1294 1560 1329 actam
1582 1288 1704 1344 peni-

119 1351 287 1391 tentiam
315 1352 636 1394 misericorditer
666 1361 724 1395 est
752 1362 943 1396 revocata
973 1353 1042 1395 55.

31 1417 232 1475 Diqurius
262 1421 377 1462 miles
408 1422 559 1464 nobilis
589 1425 654 1465 xii
683 1425 787 1480 leqes
819 1425 1006 1466 condidit
1037 1425 1131 1466 169.

32 1488 184 1531 [littere
213 1494 357 1533 mortis
386 1494 543 1535 indices
566 1509 669 1549 quas
690 1495 825 1536 Iulius
847 1494 971 1537 Cesar
1001 1504 1228 1553 acceperat,
1261 1497 1364 1552 quid
1383 1498 1614 1556 siyniflcent
1633 1497 1701 1540 97.

29 1559 210 1602 Litteras
240 1565 383 1604 mortis
414 1564 545 1620 leqere
575 1565 773 1607 debemus.
823 1566 995 1608 Ibidem.

28 1629 189 1673 Littera
219 1634 412 1689 capitalis
443 1636 599 1677 deletur
629 1652 655 1678 a
684 1639 849 1678 nomine
880 1636 1051 1680 Cesaris.
1101 1637 1272 1679 Ibidem.

27 1701 190 1744 Littera
225 1706 348 1760 niqra
387 1719 512 1761 quam
553 1707 683 1749 laicus
723 1709 870 1750 didioit
906 1710 1237 1751 recordacionem
1267 1717 1531 1765 peecatorum
1570 1711 1700 1766 siqni—

105 1773 209 1826 ficat
242 1774 336 1816 125.

27 1843 208 1886 Loculus
255 1846 360 1887 duas
399 1848 547 1888 cordas
593 1848 712 1891 babet
756 1851 814 1891 ad
852 1851 1120 1907 aperiendum
1158 1852 1226 1892 cui
1261 1865 1332 1893 eor
1367 1858 1553 1893 nostrum
1591 1866 1699 1894 oom-

109 1924 292 1971 paratur
323 1916 390 1958 60.

28 1985 201 2040 Isucifer
218 1987 322 2041 furi
350 1997 617 2045 comparatur
652 1990 744 2032 136.

27 2056 221 2099 Lucerna
259 2059 410 2100 ardens
448 2061 506 2101 ad
535 2075 684 2116 eorpus
721 2063 1010 2118 incorruptum
1045 2063 1230 2118 yzyantis
1266 2064 1440 2105 maximi
1468 2063 1598 2106 Rome
1633 2066 1698 2106 in-

113 2136 232 2170 venta
263 2137 333 2181 est,
367 2144 444 2185 que
472 2145 546 2172 neo
576 2146 689 2187 aqua
718 2147 790 2173 nec
809 2133 920 2188 flatu
951 2134 1139 2189 distinqui
1161 2135 1301 2188 potuit
1334 2133 1428 2175 158.

25 2198 165 2240 Lusor
192 2213 407 2241 recurrens
438 2201 553 2243 beato
585 2202 832 2245 Bernhardo
865 2205 1048 2245 animam
1071 2204 1262 2260 perdidit
1290 2204 1520 2246 taxillando
1555 2204 1648 2246 170.

26 2269 80 2311 M
82 2269 138 2311 M
139 2269 192 2311 M
196 2270 250 2310 M
261 2278 440 2324 quatuor
459 2273 505 2312 in
522 2273 674 2314 circulo
695 2288 842 2316 manus
861 2276 1002 2330 reqine
1022 2275 1232 2316 vulnerate
1253 2275 1356 2330 quid
1374 2276 1607 2334 siqnifleent
1628 2276 1694 2318 13.

26 2340 179 2396 Maqus
211 2341 381 2395 quidam
412 2350 546 2384 ortum
569 2344 899 2399 pulcherrimum
928 2345 1072 2387 habuit
1102 2345 1169 2386 24.

25 2410 249 2466 Magorum
280 2418 317 2452 et
335 2411 617 2464 joculatorum
646 2416 891 2457 incantacio.
940 2415 1111 2457 Ibidem.

25 2481 249 2537 Mayorum
278 2490 514 2524 sanctorum
542 2487 755 2527 veneraeio
786 2486 855 2527 47.

24 2551 311 2606 Malefaetoris
342 2553 561 2609 descriptio
596 2556 661 2596 11.

24 2621 197 2663 Marcus
226 2625 427 2678 reynavit,
460 2632 498 2665 et
528 2626 631 2680 quid
659 2625 733 2667 sub
766 2640 809 2667 eo
838 2634 997 2681 yestum
1026 2627 1081 2668 sit
1108 2627 1201 2668 vide
1230 2628 1277 2668 in
1306 2641 1365 2668 ca.
1400 2625 1467 2667 81.

23 2691 263 2734 Marmorea
308 2701 438 2749 porta
487 2709 569 2751 per
618 2695 884 2738 Fridericum
939 2698 1227 2752 imperatorem
1283 2696 1504 2738 secundum
1558 2711 1692 2753 prope

36 2791 39 2794 <
111 2760 297 2819 Capuam
347 2773 598 2818 constructa,
656 2767 703 2807 in
751 2767 1101 2822 superscriptione
1143 2782 1226 2823 pro
1277 2767 1393 2810 titulo
1444 2766 1547 2822 quid
1593 2781 1689 2809 oon-

111 2834 238 2875 tineat
266 2833 334 2875 54.

11 2901 144 2954 *Mare
172 2904 325 2946 dicitur
354 2906 531 2946 mundus
563 2907 638 2947 iste
662 2915 840 2963 propter
869 2907 1019 2949 multas
1047 2909 1234 2949 raciones
1268 2907 1333 2948 17.

28 2978 34 2985 ’
84 2982 304 3022 Oeflterley.
326 2984 418 3013 Gesta
437 2984 530 3013 Roma
531 2995 645 3014 nnnnnn
1365 2981 1411 3016 45
