1954 3137
172 177 239 218 82.

172 532 240 573 84.

173 744 241 785 85.

173 887 241 928 86.

173 958 241 999 87.

173 1100 241 1141 88.

174 1319 242 1360 89.

174 1397 242 1438 90.

175 1545 244 1585 91.

176 1692 245 1734 92.

177 1842 245 1882 93.

177 1988 246 2029 94.

180 2284 248 2324 96.

181 2431 249 2472 97.

181 2577 250 2618 98.

183 2725 251 2765 99.

156 2871 251 2913 100.

956 70 1040 112 180

288 176 351 218 De
391 175 523 217 milite
566 176 634 228 qui
676 180 834 230 patrem
877 179 917 218 et
956 178 1132 217 matrem
1166 175 1407 228 ignoranter
1440 174 1602 215 occidit.
1667 172 1841 223 Quidam

290 247 409 289 miles
443 250 533 288 erat
566 247 731 288 nomine
764 246 968 288 Julianus.
1019 245 1242 300 (Julianus,
1276 246 1429 288 bereits
1466 246 1550 295 10.)
1596 244 1668 286 101.
1697 244 1762 286 18.

203 319 239 360 ⁴3.
290 318 352 360 De
390 317 474 359 filio
513 317 676 359 comitis
719 318 787 372 qui
821 317 985 359 literam
1021 317 1118 358 tulit
1150 321 1195 358 ut
1230 317 1333 358 mori
1367 316 1536 358 deberet
1568 319 1609 357 et
1640 328 1714 370 per
1747 327 1842 356 ean—

291 389 383 431 dem
406 389 569 430 literam
593 388 719 430 filiam
744 389 1009 444 imperatoris
1029 388 1309 444 desponsavit.
1330 412 1382 416 ——
1408 386 1623 429 Conradus
1640 386 1843 440 regnavit.

291 460 479 512 (Redde.)
528 459 599 501 lat.
626 460 694 501 20.

289 531 352 573 De
393 530 572 585 quodam
614 531 867 586 imperatore
911 533 1082 586 propter
1116 530 1330 584 justiciam
1370 543 1395 571 a
1433 542 1552 571 roma
1591 527 1764 584 expulso
1805 530 1846 570 01

289 606 435 657 postea
468 601 691 643 honorifice
724 604 904 657 recepto.
933 626 982 629 —
1020 601 1227 643 Eusebius
1259 602 1404 642 narrat
1436 599 1478 641 in
1512 599 1702 642 cronicis.
1751 598 1845 650 (Co-

289 672 455 724 riolan.)
509 672 581 713 lat.
612 673 705 713 1237.

291 743 354 785 De
400 742 486 784 filia
531 744 797 798 imperatoris
846 742 1073 785 senescallo
1122 743 1345 784 commissa
1392 745 1432 784 et
1480 755 1503 783 a
1550 754 1651 783 00110
1697 740 1845 782 000180.

291 814 477 867 (811010.)
524 813 595 855 lat.
621 815 689 855 27.

289 886 352 928 De
375 885 507 940 judici
530 885 739 927 excoriato
765 888 936 940 propter
957 884 1107 926 falsum
1126 884 1344 938 judicium.
1387 882 1643 935 (Schinden.)
1683 882 1755 925 lat.
1776 882 1844 924 29.

291 956 354 998 De
387 970 482 1010 rege
516 956 586 1010 qui
618 960 811 998 naturam
842 955 1021 997 hominis
1045 955 1150 998 scire
1173 955 1450 998 desiderabat.
1499 954 1683 1009 Legitur.
1732 953 1846 1006 (Was

290 1028 346 1070 ist
379 1028 451 1069 der
484 1027 685 1079 mensch.)
735 1027 805 1069 lat.
832 1028 900 1069 36.

291 1098 354 1141 De
394 1112 474 1140 uno
516 1099 587 1153 qui
622 1098 743 1140 fratri
777 1112 849 1140 suo
882 1098 1215 1141 misericordiam
1247 1098 1361 1140 dedit
1392 1098 1490 1140 licet
1521 1097 1715 1139 inimicus
1748 1110 1847 1139 suus

292 1174 413 1212 esset.
449 1194 502 1198 —
544 1168 717 1222 Legitur
756 1169 799 1210 in
838 1170 966 1223 gestis
1006 1183 1289 1212 romanorum.
1355 1168 1618 1221 (Feindliche
1656 1168 1846 1220 briider.)

291 1241 363 1283 lat.
390 1242 457 1282 39.

294 1317 427 1369 (Ohne
448 1317 730 1369 iiberschrift.)
773 1317 975 1373 Tyberius
999 1318 1201 1371 regnavit.
1244 1317 1504 1370 (Dehnbares
1526 1317 1647 1371 glas.)
1685 1317 1757 1360 lat.
1776 1317 1846 1358 44.

291 1395 356 1438 De
395 1395 456 1437 iiii
495 1394 592 1436 filiis
633 1394 702 1449 qui
743 1394 795 1436 ad
837 1408 987 1449 corpus
1024 1395 1134 1449 regis
1167 1395 1351 1438 defuncti
1383 1395 1701 1449 sagittaverunt.
1750 1393 1849 1444 Qui-

294 1467 390 1509 dam
423 1480 509 1508 rex.
561 1464 825 1517 (Schiessen.)
873 1465 944 1507 lat.
969 1466 1039 1507 45.

294 1543 357 1585 De
390 1543 512 1599 ydolo
546 1542 611 1584 titi
635 1546 675 1584 et
697 1542 770 1583 viii
794 1542 989 1584 denariis.
1041 1543 1170 1598 Tytus
1194 1544 1236 1585 in
1259 1544 1427 1586 civitate
1450 1556 1625 1585 romana
1645 1541 1848 1596 regnavit.

295 1614 458 1667 (Focus‚
494 1613 647 1656 bereits
681 1613 767 1665 24.)
816 1613 887 1655 lat.
913 1614 981 1655 57.

296 1691 429 1741 (Ohne
462 1690 743 1741 iiberschrift.)
801 1690 908 1732 Olim
951 1695 1041 1733 erat
1081 1691 1249 1745 quidam
1290 1692 1360 1747 qui
1398 1695 1482 1734 tres
1514 1690 1621 1733 filias
1654 1689 1849 1746 pulchras

295 1761 487 1804 habebat.
538 1761 655 1813 (Drei
690 1761 904 1811 wittwen.)
953 1762 1023 1803 lat.
1049 1763 1118 1804 75.

297 1839 431 1891 (Ohne
462 1838 745 1888 iiberschrift.)
799 1838 958 1881 Civitas
998 1839 1078 1882 fuit
1115 1840 1158 1881 in
1200 1853 1281 1894 qua
1319 1840 1469 1895 phisici
1507 1842 1685 1894 quatuor
1717 1841 1848 1881 erant.

299 1912 497 1962 (Aussatz
531 1909 869 1963 vorgespiegelt.)
917 1910 988 1952 lat.
1017 1912 1111 1952 132.

295 1987 359 2029 De
398 1986 557 2028 duobus
596 1986 768 2028 medicis
802 1987 872 2040 qui
906 1987 1045 2029 0011108
1079 1991 1364 2031 extraxerunt.
1390 2012 1443 2016 -—
1478 1986 1645 2029 Accidit
1674 1987 1717 2029 in
1750 2000 1851 2042 qua-

297 2058 391 2100 dam
425 2058 607 2099 civitate.
658 2056 964 2112 (Ziegenauge.)
1014 2059 1084 2100 lat.
1110 2060 1178 2101 76.

238 2169 246 2177 .
296 2135 359 2176 De
391 2148 488 2188 rege
521 2135 591 2187 qui
610 2148 767 2186 ⁴omnes
800 2136 898 2177 fecit
929 2135 1182 2190 proclamari
1216 2139 1257 2178 et
1279 2135 1393 2178 dedit
1416 2135 1475 2177 eis
1496 2134 1640 2177 multa.
1666 2158 1720 2163 ——
1754 2133 1852 2184 Qui-

299 2206 394 2247 dam
428 2218 501 2247 rex
533 2205 623 2247 fuit.
675 2205 782 2255 (Den
817 2220 960 2248 armen
994 2206 1059 2248 die
1093 2207 1355 2258 herrschaft.)
1402 2206 1474 2248 lat.
1501 2206 1598 2248 131.

297 2282 360 2324 De
406 2282 540 2324 tribus
586 2282 832 2324 veritatibus
871 2296 1009 2324 coram
1044 2283 1186 2337 judice
1226 2283 1425 2325 dicendis.
1460 2307 1514 2311 —
1554 2282 1643 2325 Rex
1683 2282 1850 2337 quidam

299 2353 502 2406 regnavit.
555 2352 671 2404 (Drei
704 2353 976 2406 wahrheiten,
1009 2354 1118 2406 frei.)
1165 2354 1236 2396 lat.
1263 2355 1332 2396 58.

298 2429 362 2471 De
394 2443 492 2482 rege
525 2429 594 2483 qui
623 2429 779 2482 legavit
806 2430 966 2483 lignum
986 2431 1119 2473 tribus
1142 2430 1238 2473 filiis
1262 2431 1361 2473 suis.
1412 2430 1623 2486 Ochosyas
1646 2430 1850 2484 regnavit.

299 2499 579 2549 (Baumerbe.)
626 2513 755 2552 germ.
780 2501 848 2542 81.

298 2576 361 2618 De
392 2576 479 2617 filia
511 2589 589 2630 que
621 2575 781 2617 nullum
815 2578 1011 2620 maritum
1044 2578 1175 2620 voluit
1206 2578 1288 2620 nisi
1314 2590 1407 2620 eam
1429 2580 1703 2632 precurreret.
1754 2576 1852 2628 Qui·
1912 2620 1918 2623 ,

301 2647 395 2688 (10111
429 2660 501 2689 1οΧ
537 2649 638 2689 0101.
689 2646 939 2702 (Spielball.)
986 2649 1058 2691 lat.
1084 2650 1153 2690 60.

300 2723 363 2765 De
411 2723 660 2778 vespasiano
709 2723 779 2776 qui
825 2723 952 2766 filiam
1000 2725 1105 2766 nulli
1145 2724 1259 2767 dedit
1296 2723 1376 2765 nisi
1416 2723 1459 2765 in
1499 2726 1590 2766 orto
1630 2724 1850 2780 spaciaret.

300 2793 585 2848 Vespasianus
618 2794 822 2846 regnavit.
872 2795 1105 2848 (Ariadne.)
1152 2795 1224 2837 lat.
1250 2795 1317 2836 63.

300 2868 363 2912 De
404 2883 500 2923 rege
541 2871 611 2924 qui
651 2870 803 2911 minori
841 2870 925 2913 filio
958 2871 1113 2924 legavit
1146 2871 1345 2914 annulum
1379 2873 1420 2914 et
1450 2884 1635 2926 pomum.
1697 2871 1852 2914 Darius

301 2940 503 2993 regnavit.
554 2940 878 2996 (ΝΜ-1011011101.)
926 2942 996 2983 101.
1022 2942 1091 2983 74.
