<?xml version="1.0" encoding="UTF-8"?>
<!DOCTYPE html PUBLIC "-//W3C//DTD XHTML 1.0 Transitional//EN"
    "http://www.w3.org/TR/xhtml1/DTD/xhtml1-transitional.dtd">
<html xmlns="http://www.w3.org/1999/xhtml" xml:lang="en" lang="en">
 <head>
  <title>
</title>
<meta http-equiv="Content-Type" content="text/html;charset=utf-8" />
  <meta name='ocr-system' content='tesseract 3.04.00' />
  <meta name='ocr-capabilities' content='ocr_page ocr_carea ocr_par ocr_line ocrx_word'/>
</head>
<body>
  <div class='ocr_page' id='page_1' title='image "./gestaromanorum00oestuoft_0654.png"; bbox 0 0 1949 3162; ppageno 0'>
   <div class='ocr_carea' id='block_1_1' title="bbox 972 70 1054 112">
    <p class='ocr_par' dir='ltr' id='par_1_1' title="bbox 972 70 1054 112">
     <span class='ocr_line' id='line_1_1' title="bbox 972 70 1054 112; baseline 0 0"><span class='ocrx_word' id='word_1_1' title='bbox 972 70 1054 112; x_wconf 74' lang='lat'><strong>(332</strong></span> 
     </span>
    </p>
   </div>
   <div class='ocr_carea' id='block_1_2' title="bbox 179 174 1847 732">
    <p class='ocr_par' dir='ltr' id='par_1_2' title="bbox 179 174 1847 732">
     <span class='ocr_line' id='line_1_2' title="bbox 179 174 1842 235; baseline -0.004 -13"><span class='ocrx_word' id='word_1_2' title='bbox 179 181 244 224; x_wconf 85' lang='lat' dir='ltr'>Ex</span> <span class='ocrx_word' id='word_1_3' title='bbox 276 179 458 235; x_wconf 90' lang='lat' dir='ltr'>pluribus</span> <span class='ocrx_word' id='word_1_4' title='bbox 491 178 623 234; x_wconf 90' lang='lat' dir='ltr'>pauci.</span> <span class='ocrx_word' id='word_1_5' title='bbox 671 177 716 220; x_wconf 93' lang='lat' dir='ltr'>In</span> <span class='ocrx_word' id='word_1_6' title='bbox 738 177 866 220; x_wconf 88' lang='lat' dir='ltr'>tercia</span> <span class='ocrx_word' id='word_1_7' title='bbox 897 177 975 219; x_wconf 88' lang='lat' dir='ltr'>sic:</span> <span class='ocrx_word' id='word_1_8' title='bbox 1007 177 1071 219; x_wconf 86' lang='lat' dir='ltr'>Ex</span> <span class='ocrx_word' id='word_1_9' title='bbox 1095 175 1282 218; x_wconf 90' lang='lat' dir='ltr'>omnibus</span> <span class='ocrx_word' id='word_1_10' title='bbox 1314 175 1464 218; x_wconf 86' lang='lat' dir='ltr'>nullus.</span> <span class='ocrx_word' id='word_1_11' title='bbox 1511 175 1556 217; x_wconf 92' lang='lat' dir='ltr'>In</span> <span class='ocrx_word' id='word_1_12' title='bbox 1587 177 1734 230; x_wconf 88' lang='lat' dir='ltr'>quarta</span> <span class='ocrx_word' id='word_1_13' title='bbox 1764 174 1842 216; x_wconf 88' lang='lat' dir='ltr'>sic:</span> 
     </span>
     <span class='ocr_line' id='line_1_3' title="bbox 180 247 1844 306; baseline -0.004 -13"><span class='ocrx_word' id='word_1_14' title='bbox 180 265 319 294; x_wconf 91' lang='lat' dir='ltr'>omnes</span> <span class='ocrx_word' id='word_1_15' title='bbox 359 264 432 306; x_wconf 89' lang='lat' dir='ltr'>per</span> <span class='ocrx_word' id='word_1_16' title='bbox 464 263 603 292; x_wconf 91' lang='lat' dir='ltr'>unum.</span> <span class='ocrx_word' id='word_1_17' title='bbox 660 248 740 292; x_wconf 85' lang='lat' dir='ltr'>Sed</span> <span class='ocrx_word' id='word_1_18' title='bbox 773 249 842 291; x_wconf 91' lang='lat' dir='ltr'>ille</span> <span class='ocrx_word' id='word_1_19' title='bbox 873 262 954 290; x_wconf 91' lang='lat' dir='ltr'>non</span> <span class='ocrx_word' id='word_1_20' title='bbox 985 247 1218 301; x_wconf 84' lang='lat' dir='ltr'>intelligens</span> <span class='ocrx_word' id='word_1_21' title='bbox 1251 247 1497 303; x_wconf 79' lang='lat' dir='ltr'>scripturam</span> <span class='ocrx_word' id='word_1_22' title='bbox 1529 247 1689 300; x_wconf 86' lang='lat' dir='ltr'>rogavit</span> <span class='ocrx_word' id='word_1_23' title='bbox 1720 258 1844 300; x_wconf 90' lang='lat' dir='ltr'>quen-</span> 
     </span>
     <span class='ocr_line' id='line_1_4' title="bbox 180 316 1844 374; baseline -0.004 -9"><span class='ocrx_word' id='word_1_24' title='bbox 180 324 273 365; x_wconf 90' lang='lat' dir='ltr'>dam</span> <span class='ocrx_word' id='word_1_25' title='bbox 305 325 490 364; x_wconf 85' lang='lat' dir='ltr'>sanctum</span> <span class='ocrx_word' id='word_1_26' title='bbox 523 321 729 363; x_wconf 88' lang='lat' dir='ltr'>hominem</span> <span class='ocrx_word' id='word_1_27' title='bbox 767 324 812 362; x_wconf 93' lang='lat' dir='ltr'>ut</span> <span class='ocrx_word' id='word_1_28' title='bbox 849 320 969 362; x_wconf 90' lang='lat' dir='ltr'>deum</span> <span class='ocrx_word' id='word_1_29' title='bbox 1009 318 1290 374; x_wconf 81' lang='lat' dir='ltr'>interpellaret</span> <span class='ocrx_word' id='word_1_30' title='bbox 1328 332 1401 374; x_wconf 90' lang='lat' dir='ltr'>pro</span> <span class='ocrx_word' id='word_1_31' title='bbox 1434 318 1688 373; x_wconf 78' lang='lat' dir='ltr'>expositione</span> <span class='ocrx_word' id='word_1_32' title='bbox 1725 316 1844 371; x_wconf 91' lang='lat' dir='ltr'>hujus</span> 
     </span>
     <span class='ocr_line' id='line_1_5' title="bbox 180 387 1847 450; baseline -0.004 -14"><span class='ocrx_word' id='word_1_33' title='bbox 180 394 393 448; x_wconf 81' lang='lat' dir='ltr'>scripture.</span> <span class='ocrx_word' id='word_1_34' title='bbox 450 392 525 450; x_wconf 91' lang='lat' dir='ltr'>Cui</span> <span class='ocrx_word' id='word_1_35' title='bbox 564 392 731 446; x_wconf 82' lang='lat' dir='ltr'>angelus</span> <span class='ocrx_word' id='word_1_36' title='bbox 769 392 811 433; x_wconf 88' lang='lat' dir='ltr'>in</span> <span class='ocrx_word' id='word_1_37' title='bbox 843 391 1026 446; x_wconf 90' lang='lat' dir='ltr'>sompnis</span> <span class='ocrx_word' id='word_1_38' title='bbox 1064 390 1256 447; x_wconf 87' lang='lat' dir='ltr'>apparuit</span> <span class='ocrx_word' id='word_1_39' title='bbox 1294 394 1334 432; x_wconf 93' lang='lat' dir='ltr'>et</span> <span class='ocrx_word' id='word_1_40' title='bbox 1373 390 1619 445; x_wconf 78' lang='lat' dir='ltr'>scripturam</span> <span class='ocrx_word' id='word_1_41' title='bbox 1656 387 1847 443; x_wconf 79' lang='lat' dir='ltr'>exposuit</span> 
     </span>
     <span class='ocr_line' id='line_1_6' title="bbox 181 459 1846 520; baseline -0.004 -13"><span class='ocrx_word' id='word_1_42' title='bbox 181 465 340 506; x_wconf 85' lang='lat' dir='ltr'>dicens:</span> <span class='ocrx_word' id='word_1_43' title='bbox 371 464 433 507; x_wconf 86' lang='lat' dir='ltr'>Ex</span> <span class='ocrx_word' id='word_1_44' title='bbox 468 464 608 520; x_wconf 85' lang='lat' dir='ltr'>paucis</span> <span class='ocrx_word' id='word_1_45' title='bbox 641 463 871 505; x_wconf 88' lang='lat' dir='ltr'>hominibus</span> <span class='ocrx_word' id='word_1_46' title='bbox 905 462 1012 517; x_wconf 89' lang='lat' dir='ltr'>pluri</span> <span class='ocrx_word' id='word_1_47' title='bbox 1045 465 1140 503; x_wconf 93' lang='lat' dir='ltr'>sunt</span> <span class='ocrx_word' id='word_1_48' title='bbox 1171 461 1366 515; x_wconf 84' lang='lat' dir='ltr'>generati.</span> <span class='ocrx_word' id='word_1_49' title='bbox 1414 461 1479 503; x_wconf 86' lang='lat' dir='ltr'>Ex</span> <span class='ocrx_word' id='word_1_50' title='bbox 1510 460 1694 516; x_wconf 91' lang='lat' dir='ltr'>pluribus</span> <span class='ocrx_word' id='word_1_51' title='bbox 1716 459 1846 501; x_wconf 88' lang='lat' dir='ltr'>homi-</span> 
     </span>
     <span class='ocr_line' id='line_1_7' title="bbox 180 529 1846 591; baseline -0.004 -13"><span class='ocrx_word' id='word_1_52' title='bbox 180 536 299 579; x_wconf 91' lang='lat' dir='ltr'>nibus</span> <span class='ocrx_word' id='word_1_53' title='bbox 340 536 457 591; x_wconf 88' lang='lat' dir='ltr'>pauci</span> <span class='ocrx_word' id='word_1_54' title='bbox 495 537 590 578; x_wconf 87' lang='lat' dir='ltr'>sunt</span> <span class='ocrx_word' id='word_1_55' title='bbox 628 534 788 576; x_wconf 88' lang='lat' dir='ltr'>salvati.</span> <span class='ocrx_word' id='word_1_56' title='bbox 847 533 925 576; x_wconf 82' lang='lat' dir='ltr'>Sed</span> <span class='ocrx_word' id='word_1_57' title='bbox 966 547 1015 575; x_wconf 87' lang='lat' dir='ltr'>ex</span> <span class='ocrx_word' id='word_1_58' title='bbox 1055 532 1241 575; x_wconf 89' lang='lat' dir='ltr'>omnibus</span> <span class='ocrx_word' id='word_1_59' title='bbox 1280 531 1416 574; x_wconf 90' lang='lat' dir='ltr'>nullus</span> <span class='ocrx_word' id='word_1_60' title='bbox 1456 535 1549 573; x_wconf 88' lang='lat' dir='ltr'>ante</span> <span class='ocrx_word' id='word_1_61' title='bbox 1587 530 1738 573; x_wconf 83' lang='lat' dir='ltr'>Christi</span> <span class='ocrx_word' id='word_1_62' title='bbox 1777 529 1846 571; x_wconf 87' lang='lat' dir='ltr'>ad-</span> 
     </span>
     <span class='ocr_line' id='line_1_8' title="bbox 181 603 1845 661; baseline -0.003 -13"><span class='ocrx_word' id='word_1_63' title='bbox 181 611 346 650; x_wconf 88' lang='lat' dir='ltr'>ventum</span> <span class='ocrx_word' id='word_1_64' title='bbox 387 610 568 649; x_wconf 86' lang='lat' dir='ltr'>eternam</span> <span class='ocrx_word' id='word_1_65' title='bbox 608 606 767 658; x_wconf 84' lang='lat' dir='ltr'>ingredi</span> <span class='ocrx_word' id='word_1_66' title='bbox 806 605 940 661; x_wconf 91' lang='lat' dir='ltr'>potuit</span> <span class='ocrx_word' id='word_1_67' title='bbox 977 603 1284 646; x_wconf 86' lang='lat' dir='ltr'>beatitudinem.</span> <span class='ocrx_word' id='word_1_68' title='bbox 1344 603 1398 645; x_wconf 91' lang='lat' dir='ltr'>Et</span> <span class='ocrx_word' id='word_1_69' title='bbox 1435 616 1574 644; x_wconf 89' lang='lat' dir='ltr'>omnes</span> <span class='ocrx_word' id='word_1_70' title='bbox 1614 615 1687 658; x_wconf 89' lang='lat' dir='ltr'>per</span> <span class='ocrx_word' id='word_1_71' title='bbox 1721 615 1845 643; x_wconf 93' lang='lat' dir='ltr'>unum</span> 
     </span>
     <span class='ocr_line' id='line_1_9' title="bbox 181 676 1099 732; baseline -0.003 -12"><span class='ocrx_word' id='word_1_72' title='bbox 181 691 235 721; x_wconf 88' lang='lat' dir='ltr'>sc.</span> <span class='ocrx_word' id='word_1_73' title='bbox 270 677 477 720; x_wconf 87' lang='lat' dir='ltr'>Christum</span> <span class='ocrx_word' id='word_1_74' title='bbox 508 677 710 732; x_wconf 88' lang='lat' dir='ltr'>redempti</span> <span class='ocrx_word' id='word_1_75' title='bbox 742 680 782 719; x_wconf 91' lang='lat' dir='ltr'>et</span> <span class='ocrx_word' id='word_1_76' title='bbox 813 676 960 718; x_wconf 84' lang='lat' dir='ltr'>salvati</span> <span class='ocrx_word' id='word_1_77' title='bbox 993 679 1099 718; x_wconf 86' lang='lat' dir='ltr'>sunt.</span> 
     </span>
    </p>
   </div>
   <div class='ocr_carea' id='block_1_3' title="bbox 878 817 1151 824">
    <p class='ocr_par' dir='ltr' id='par_1_3' title="bbox 878 817 1151 824">
     <span class='ocr_line' id='line_1_10' title="bbox 878 817 1151 824; baseline 0 2338"><span class='ocrx_word' id='word_1_78' title='bbox 878 817 1151 824; x_wconf 95' lang='lat' dir='ltr'> </span> 
     </span>
    </p>
   </div>
   <div class='ocr_carea' id='block_1_4' title="bbox 855 931 1181 986">
    <p class='ocr_par' dir='ltr' id='par_1_4' title="bbox 855 931 1181 986">
     <span class='ocr_line' id='line_1_11' title="bbox 855 931 1181 986; baseline 0 -12"><span class='ocrx_word' id='word_1_79' title='bbox 855 931 954 986; x_wconf 75' lang='lat'>227,</span> <span class='ocrx_word' id='word_1_80' title='bbox 987 943 1089 986; x_wconf 82' lang='lat' dir='ltr'>app.</span> <span class='ocrx_word' id='word_1_81' title='bbox 1114 931 1181 974; x_wconf 85' lang='lat'>31.</span> 
     </span>
    </p>
   </div>
   <div class='ocr_carea' id='block_1_5' title="bbox 184 1030 1858 2302">
    <p class='ocr_par' dir='ltr' id='par_1_5' title="bbox 184 1030 1855 1656">
     <span class='ocr_line' id='line_1_12' title="bbox 302 1030 1853 1087; baseline 0.001 -14"><span class='ocrx_word' id='word_1_82' title='bbox 302 1030 534 1074; x_wconf 87' lang='lat' dir='ltr'>Secundum</span> <span class='ocrx_word' id='word_1_83' title='bbox 570 1033 787 1086; x_wconf 83' lang='lat' dir='ltr'>remigium</span> <span class='ocrx_word' id='word_1_84' title='bbox 827 1033 870 1074; x_wconf 90' lang='lat' dir='ltr'>in</span> <span class='ocrx_word' id='word_1_85' title='bbox 910 1033 1125 1075; x_wconf 81' lang='lat' dir='ltr'>annalibus</span> <span class='ocrx_word' id='word_1_86' title='bbox 1159 1033 1376 1087; x_wconf 90' lang='lat' dir='ltr'>judeorum</span> <span class='ocrx_word' id='word_1_87' title='bbox 1421 1032 1571 1086; x_wconf 87' lang='lat' dir='ltr'>legitur</span> <span class='ocrx_word' id='word_1_88' title='bbox 1617 1031 1724 1086; x_wconf 91' lang='lat' dir='ltr'>quod</span> <span class='ocrx_word' id='word_1_89' title='bbox 1765 1034 1853 1074; x_wconf 89' lang='lat' dir='ltr'>erat</span> 
     </span>
     <span class='ocr_line' id='line_1_13' title="bbox 186 1103 1852 1159; baseline 0 -15"><span class='ocrx_word' id='word_1_90' title='bbox 186 1103 359 1158; x_wconf 91' lang='lat' dir='ltr'>quedam</span> <span class='ocrx_word' id='word_1_91' title='bbox 393 1103 570 1157; x_wconf 78' lang='lat' dir='ltr'>domina,</span> <span class='ocrx_word' id='word_1_92' title='bbox 605 1117 681 1158; x_wconf 92' lang='lat' dir='ltr'>que</span> <span class='ocrx_word' id='word_1_93' title='bbox 714 1104 928 1146; x_wconf 86' lang='lat' dir='ltr'>amabatur</span> <span class='ocrx_word' id='word_1_94' title='bbox 961 1118 984 1146; x_wconf 91' lang='lat' dir='ltr'>a</span> <span class='ocrx_word' id='word_1_95' title='bbox 1015 1109 1187 1159; x_wconf 87' lang='lat' dir='ltr'>quatuor</span> <span class='ocrx_word' id='word_1_96' title='bbox 1217 1104 1382 1158; x_wconf 84' lang='lat' dir='ltr'>regibus</span> <span class='ocrx_word' id='word_1_97' title='bbox 1415 1104 1483 1159; x_wconf 87' lang='lat' dir='ltr'>qui</span> <span class='ocrx_word' id='word_1_98' title='bbox 1510 1103 1586 1146; x_wconf 91' lang='lat' dir='ltr'>sibi</span> <span class='ocrx_word' id='word_1_99' title='bbox 1608 1104 1724 1145; x_wconf 88' lang='lat' dir='ltr'>varia</span> <span class='ocrx_word' id='word_1_100' title='bbox 1746 1103 1852 1145; x_wconf 87' lang='lat' dir='ltr'>dona</span> 
     </span>
     <span class='ocr_line' id='line_1_14' title="bbox 185 1175 1852 1231; baseline 0 -15"><span class='ocrx_word' id='word_1_101' title='bbox 185 1175 463 1230; x_wconf 88' lang='lat' dir='ltr'>promiserunt</span> <span class='ocrx_word' id='word_1_102' title='bbox 495 1179 534 1217; x_wconf 92' lang='lat' dir='ltr'>et</span> <span class='ocrx_word' id='word_1_103' title='bbox 564 1175 706 1218; x_wconf 87' lang='lat' dir='ltr'>literas</span> <span class='ocrx_word' id='word_1_104' title='bbox 729 1175 912 1217; x_wconf 86' lang='lat' dir='ltr'>diversas</span> <span class='ocrx_word' id='word_1_105' title='bbox 944 1177 1217 1231; x_wconf 77' lang='lat' dir='ltr'>scripserunt3</span> <span class='ocrx_word' id='word_1_106' title='bbox 1248 1176 1369 1218; x_wconf 87' lang='lat' dir='ltr'>litera</span> <span class='ocrx_word' id='word_1_107' title='bbox 1396 1176 1530 1231; x_wconf 88' lang='lat' dir='ltr'>prima</span> <span class='ocrx_word' id='word_1_108' title='bbox 1561 1189 1582 1218; x_wconf 95' lang='lat' dir='ltr'>e</span> <span class='ocrx_word' id='word_1_109' title='bbox 1604 1175 1735 1231; x_wconf 89' lang='lat' dir='ltr'>primo</span> <span class='ocrx_word' id='word_1_110' title='bbox 1757 1187 1852 1228; x_wconf 89' lang='lat' dir='ltr'>rege</span> 
     </span>
     <span class='ocr_line' id='line_1_15' title="bbox 184 1245 1854 1302; baseline 0.001 -15"><span class='ocrx_word' id='word_1_111' title='bbox 184 1245 280 1288; x_wconf 80' lang='lat' dir='ltr'>fuit:</span> <span class='ocrx_word' id='word_1_112' title='bbox 327 1245 372 1288; x_wconf 90' lang='lat' dir='ltr'>In</span> <span class='ocrx_word' id='word_1_113' title='bbox 412 1246 620 1302; x_wconf 89' lang='lat' dir='ltr'>voluptate</span> <span class='ocrx_word' id='word_1_114' title='bbox 668 1247 905 1289; x_wconf 88' lang='lat' dir='ltr'>divitiarum</span> <span class='ocrx_word' id='word_1_115' title='bbox 946 1249 1023 1290; x_wconf 88' lang='lat' dir='ltr'>erit</span> <span class='ocrx_word' id='word_1_116' title='bbox 1061 1252 1146 1290; x_wconf 90' lang='lat' dir='ltr'>toto</span> <span class='ocrx_word' id='word_1_117' title='bbox 1194 1247 1278 1289; x_wconf 79' lang='lat' dir='ltr'>vita</span> <span class='ocrx_word' id='word_1_118' title='bbox 1316 1252 1387 1289; x_wconf 89' lang='lat' dir='ltr'>tua</span> <span class='ocrx_word' id='word_1_119' title='bbox 1427 1247 1460 1289; x_wconf 90' lang='lat' dir='ltr'>si</span> <span class='ocrx_word' id='word_1_120' title='bbox 1500 1247 1602 1289; x_wconf 90' lang='lat' dir='ltr'>mihi</span> <span class='ocrx_word' id='word_1_121' title='bbox 1639 1247 1854 1289; x_wconf 89' lang='lat' dir='ltr'>convincta</span> 
     </span>
     <span class='ocr_line' id='line_1_16' title="bbox 184 1317 1853 1372; baseline 0.001 -14"><span class='ocrx_word' id='word_1_122' title='bbox 184 1318 310 1359; x_wconf 81' lang='lat' dir='ltr'>fueris</span> <span class='ocrx_word' id='word_1_123' title='bbox 355 1331 428 1372; x_wconf 90' lang='lat' dir='ltr'>per</span> <span class='ocrx_word' id='word_1_124' title='bbox 466 1331 668 1370; x_wconf 81' lang='lat' dir='ltr'>amorem3</span> <span class='ocrx_word' id='word_1_125' title='bbox 718 1319 838 1361; x_wconf 89' lang='lat' dir='ltr'>litera</span> <span class='ocrx_word' id='word_1_126' title='bbox 876 1319 933 1360; x_wconf 62' lang='lat'>2¹¹³</span> <span class='ocrx_word' id='word_1_127' title='bbox 975 1319 1141 1362; x_wconf 83' lang='lat' dir='ltr'>secundi</span> <span class='ocrx_word' id='word_1_128' title='bbox 1179 1320 1286 1372; x_wconf 84' lang='lat' dir='ltr'>regis</span> <span class='ocrx_word' id='word_1_129' title='bbox 1327 1319 1422 1361; x_wconf 88' lang='lat' dir='ltr'>talis</span> <span class='ocrx_word' id='word_1_130' title='bbox 1459 1319 1556 1360; x_wconf 80' lang='lat' dir='ltr'>fuit:</span> <span class='ocrx_word' id='word_1_131' title='bbox 1606 1318 1650 1361; x_wconf 92' lang='lat' dir='ltr'>In</span> <span class='ocrx_word' id='word_1_132' title='bbox 1696 1317 1853 1360; x_wconf 87' lang='lat' dir='ltr'>habun-</span> 
     </span>
     <span class='ocr_line' id='line_1_17' title="bbox 185 1388 1855 1443; baseline 0.001 -13"><span class='ocrx_word' id='word_1_133' title='bbox 185 1388 329 1430; x_wconf 87' lang='lat' dir='ltr'>dancia</span> <span class='ocrx_word' id='word_1_134' title='bbox 365 1389 608 1432; x_wconf 87' lang='lat' dir='ltr'>diviciarum</span> <span class='ocrx_word' id='word_1_135' title='bbox 647 1394 687 1432; x_wconf 93' lang='lat' dir='ltr'>et</span> <span class='ocrx_word' id='word_1_136' title='bbox 726 1390 873 1443; x_wconf 84' lang='lat' dir='ltr'>gaudio</span> <span class='ocrx_word' id='word_1_137' title='bbox 912 1391 1044 1432; x_wconf 87' lang='lat' dir='ltr'>cordis</span> <span class='ocrx_word' id='word_1_138' title='bbox 1085 1391 1250 1433; x_wconf 88' lang='lat' dir='ltr'>deducis</span> <span class='ocrx_word' id='word_1_139' title='bbox 1292 1391 1378 1432; x_wconf 92' lang='lat' dir='ltr'>dies</span> <span class='ocrx_word' id='word_1_140' title='bbox 1415 1395 1528 1442; x_wconf 84' lang='lat' dir='ltr'>tuos3</span> <span class='ocrx_word' id='word_1_141' title='bbox 1569 1390 1689 1432; x_wconf 86' lang='lat' dir='ltr'>litera</span> <span class='ocrx_word' id='word_1_142' title='bbox 1726 1389 1855 1432; x_wconf 87' lang='lat' dir='ltr'>tercia</span> 
     </span>
     <span class='ocr_line' id='line_1_18' title="bbox 185 1460 1854 1516; baseline 0.001 -15"><span class='ocrx_word' id='word_1_143' title='bbox 185 1460 303 1502; x_wconf 87' lang='lat' dir='ltr'>tercii</span> <span class='ocrx_word' id='word_1_144' title='bbox 339 1461 468 1514; x_wconf 87' lang='lat' dir='ltr'>regis:</span> <span class='ocrx_word' id='word_1_145' title='bbox 509 1460 641 1516; x_wconf 86' lang='lat' dir='ltr'>Super</span> <span class='ocrx_word' id='word_1_146' title='bbox 680 1475 820 1504; x_wconf 89' lang='lat' dir='ltr'>omnes</span> <span class='ocrx_word' id='word_1_147' title='bbox 858 1466 897 1504; x_wconf 89' lang='lat' dir='ltr'>te</span> <span class='ocrx_word' id='word_1_148' title='bbox 937 1462 1131 1504; x_wconf 77' lang='lat' dir='ltr'>extollam</span> <span class='ocrx_word' id='word_1_149' title='bbox 1171 1463 1204 1503; x_wconf 88' lang='lat' dir='ltr'>si</span> <span class='ocrx_word' id='word_1_150' title='bbox 1243 1462 1343 1504; x_wconf 90' lang='lat' dir='ltr'>mihi</span> <span class='ocrx_word' id='word_1_151' title='bbox 1380 1462 1594 1504; x_wconf 87' lang='lat' dir='ltr'>convincta</span> <span class='ocrx_word' id='word_1_152' title='bbox 1625 1461 1749 1503; x_wconf 85' lang='lat' dir='ltr'>fueris</span> <span class='ocrx_word' id='word_1_153' title='bbox 1781 1475 1854 1516; x_wconf 89' lang='lat' dir='ltr'>per</span> 
     </span>
     <span class='ocr_line' id='line_1_19' title="bbox 187 1532 1854 1587; baseline 0.001 -14"><span class='ocrx_word' id='word_1_154' title='bbox 187 1545 388 1584; x_wconf 78' lang='lat' dir='ltr'>amorem3</span> <span class='ocrx_word' id='word_1_155' title='bbox 425 1532 547 1574; x_wconf 89' lang='lat' dir='ltr'>litera</span> <span class='ocrx_word' id='word_1_156' title='bbox 579 1533 713 1587; x_wconf 87' lang='lat' dir='ltr'>quarti</span> <span class='ocrx_word' id='word_1_157' title='bbox 743 1534 851 1587; x_wconf 86' lang='lat' dir='ltr'>regis</span> <span class='ocrx_word' id='word_1_158' title='bbox 891 1534 985 1576; x_wconf 85' lang='lat' dir='ltr'>talis</span> <span class='ocrx_word' id='word_1_159' title='bbox 1023 1534 1120 1576; x_wconf 87' lang='lat' dir='ltr'>fuit:</span> <span class='ocrx_word' id='word_1_160' title='bbox 1162 1533 1205 1576; x_wconf 84' lang='lat' dir='ltr'>Si</span> <span class='ocrx_word' id='word_1_161' title='bbox 1245 1533 1343 1575; x_wconf 89' lang='lat' dir='ltr'>mihi</span> <span class='ocrx_word' id='word_1_162' title='bbox 1381 1533 1635 1576; x_wconf 88' lang='lat' dir='ltr'>consenseris</span> <span class='ocrx_word' id='word_1_163' title='bbox 1673 1533 1753 1576; x_wconf 90' lang='lat' dir='ltr'>eris</span> <span class='ocrx_word' id='word_1_164' title='bbox 1791 1547 1854 1575; x_wconf 91' lang='lat' dir='ltr'>re-</span> 
     </span>
     <span class='ocr_line' id='line_1_20' title="bbox 186 1603 623 1656; baseline 0.005 -12"><span class='ocrx_word' id='word_1_165' title='bbox 186 1603 284 1656; x_wconf 85' lang='lat' dir='ltr'>gina</span> <span class='ocrx_word' id='word_1_166' title='bbox 314 1603 357 1644; x_wconf 90' lang='lat' dir='ltr'>in</span> <span class='ocrx_word' id='word_1_167' title='bbox 388 1603 474 1646; x_wconf 87' lang='lat' dir='ltr'>vita</span> <span class='ocrx_word' id='word_1_168' title='bbox 503 1603 623 1646; x_wconf 86' lang='lat' dir='ltr'>felici.</span> 
     </span>
    </p>

    <p class='ocr_par' dir='ltr' id='par_1_6' title="bbox 188 1675 1858 2302">
     <span class='ocr_line' id='line_1_21' title="bbox 307 1675 1855 1732; baseline 0.002 -16"><span class='ocrx_word' id='word_1_169' title='bbox 307 1676 377 1716; x_wconf 70' lang='lat' dir='ltr'>Ad</span> <span class='ocrx_word' id='word_1_170' title='bbox 413 1679 689 1732; x_wconf 69' lang='lat' dir='ltr'>propositum.</span> <span class='ocrx_word' id='word_1_171' title='bbox 754 1675 839 1718; x_wconf 91' lang='lat' dir='ltr'>Hec</span> <span class='ocrx_word' id='word_1_172' title='bbox 886 1677 1051 1719; x_wconf 87' lang='lat' dir='ltr'>domina</span> <span class='ocrx_word' id='word_1_173' title='bbox 1095 1681 1156 1720; x_wconf 93' lang='lat' dir='ltr'>est</span> <span class='ocrx_word' id='word_1_174' title='bbox 1204 1676 1342 1719; x_wconf 89' lang='lat' dir='ltr'>anima</span> <span class='ocrx_word' id='word_1_175' title='bbox 1386 1676 1611 1719; x_wconf 87' lang='lat' dir='ltr'>rationalis.</span> <span class='ocrx_word' id='word_1_176' title='bbox 1673 1676 1855 1728; x_wconf 86' lang='lat' dir='ltr'>Quatuor</span> 
     </span>
     <span class='ocr_line' id='line_1_22' title="bbox 188 1746 1856 1804; baseline 0.002 -17"><span class='ocrx_word' id='word_1_177' title='bbox 188 1759 304 1799; x_wconf 84' lang='lat' dir='ltr'>reges</span> <span class='ocrx_word' id='word_1_178' title='bbox 336 1746 574 1789; x_wconf 90' lang='lat' dir='ltr'>adamantes</span> <span class='ocrx_word' id='word_1_179' title='bbox 607 1751 702 1789; x_wconf 91' lang='lat' dir='ltr'>sunt</span> <span class='ocrx_word' id='word_1_180' title='bbox 733 1760 848 1802; x_wconf 77' lang='lat' dir='ltr'>caro,</span> <span class='ocrx_word' id='word_1_181' title='bbox 881 1749 1077 1802; x_wconf 76' lang='lat' dir='ltr'>mundus,</span> <span class='ocrx_word' id='word_1_182' title='bbox 1118 1748 1314 1804; x_wconf 85' lang='lat' dir='ltr'>dyabolus</span> <span class='ocrx_word' id='word_1_183' title='bbox 1346 1751 1387 1790; x_wconf 90' lang='lat' dir='ltr'>et</span> <span class='ocrx_word' id='word_1_184' title='bbox 1416 1747 1615 1790; x_wconf 89' lang='lat' dir='ltr'>Christus.</span> <span class='ocrx_word' id='word_1_185' title='bbox 1672 1748 1751 1791; x_wconf 87' lang='lat' dir='ltr'>Sed</span> <span class='ocrx_word' id='word_1_186' title='bbox 1783 1748 1856 1791; x_wconf 86' lang='lat' dir='ltr'>hec</span> 
     </span>
     <span class='ocr_line' id='line_1_23' title="bbox 189 1817 1854 1875; baseline 0.002 -17"><span class='ocrx_word' id='word_1_187' title='bbox 189 1817 356 1860; x_wconf 84' lang='lat' dir='ltr'>domina.</span> <span class='ocrx_word' id='word_1_188' title='bbox 387 1818 421 1859; x_wconf 90' lang='lat' dir='ltr'>si</span> <span class='ocrx_word' id='word_1_189' title='bbox 451 1818 619 1873; x_wconf 89' lang='lat' dir='ltr'>laqueos</span> <span class='ocrx_word' id='word_1_190' title='bbox 650 1819 794 1860; x_wconf 88' lang='lat' dir='ltr'>horum</span> <span class='ocrx_word' id='word_1_191' title='bbox 826 1820 951 1862; x_wconf 86' lang='lat' dir='ltr'>trium</span> <span class='ocrx_word' id='word_1_192' title='bbox 980 1834 1122 1874; x_wconf 83' lang='lat' dir='ltr'>regum</span> <span class='ocrx_word' id='word_1_193' title='bbox 1155 1820 1242 1862; x_wconf 87' lang='lat' dir='ltr'>vult</span> <span class='ocrx_word' id='word_1_194' title='bbox 1273 1820 1444 1862; x_wconf 87' lang='lat' dir='ltr'>evadere</span> <span class='ocrx_word' id='word_1_195' title='bbox 1475 1819 1693 1875; x_wconf 89' lang='lat' dir='ltr'>unicuique</span> <span class='ocrx_word' id='word_1_196' title='bbox 1712 1834 1854 1874; x_wconf 87' lang='lat' dir='ltr'>regum</span> 
     </span>
     <span class='ocr_line' id='line_1_24' title="bbox 188 1889 1856 1947; baseline 0.002 -17"><span class='ocrx_word' id='word_1_197' title='bbox 188 1889 447 1944; x_wconf 86' lang='lat' dir='ltr'>respondeat.</span> <span class='ocrx_word' id='word_1_198' title='bbox 505 1889 644 1932; x_wconf 90' lang='lat' dir='ltr'>Primo</span> <span class='ocrx_word' id='word_1_199' title='bbox 683 1891 768 1944; x_wconf 86' lang='lat' dir='ltr'>regi</span> <span class='ocrx_word' id='word_1_200' title='bbox 808 1891 885 1932; x_wconf 86' lang='lat' dir='ltr'>sic:</span> <span class='ocrx_word' id='word_1_201' title='bbox 931 1891 1181 1947; x_wconf 89' lang='lat' dir='ltr'>voluptatem</span> <span class='ocrx_word' id='word_1_202' title='bbox 1222 1895 1261 1933; x_wconf 91' lang='lat' dir='ltr'>et</span> <span class='ocrx_word' id='word_1_203' title='bbox 1301 1891 1582 1933; x_wconf 87' lang='lat' dir='ltr'>delicationem</span> <span class='ocrx_word' id='word_1_204' title='bbox 1622 1892 1856 1946; x_wconf 89' lang='lat' dir='ltr'>frequenter</span> 
     </span>
     <span class='ocr_line' id='line_1_25' title="bbox 190 1960 1856 2018; baseline 0.002 -17"><span class='ocrx_word' id='word_1_205' title='bbox 190 1960 312 2013; x_wconf 77' lang='lat' dir='ltr'>sensi,</span> <span class='ocrx_word' id='word_1_206' title='bbox 345 1960 416 2003; x_wconf 89' lang='lat' dir='ltr'>sed</span> <span class='ocrx_word' id='word_1_207' title='bbox 448 1975 587 2004; x_wconf 88' lang='lat' dir='ltr'>earum</span> <span class='ocrx_word' id='word_1_208' title='bbox 610 1961 702 2003; x_wconf 85' lang='lat' dir='ltr'>finis</span> <span class='ocrx_word' id='word_1_209' title='bbox 735 1966 797 2004; x_wconf 90' lang='lat' dir='ltr'>est</span> <span class='ocrx_word' id='word_1_210' title='bbox 829 1976 1004 2016; x_wconf 81' lang='lat' dir='ltr'>amarus,</span> <span class='ocrx_word' id='word_1_211' title='bbox 1037 1963 1128 2005; x_wconf 89' lang='lat' dir='ltr'>ideo</span> <span class='ocrx_word' id='word_1_212' title='bbox 1160 1977 1320 2018; x_wconf 92' lang='lat' dir='ltr'>respuo.</span> <span class='ocrx_word' id='word_1_213' title='bbox 1370 1962 1555 2005; x_wconf 87' lang='lat' dir='ltr'>Secundo</span> <span class='ocrx_word' id='word_1_214' title='bbox 1592 1963 1679 2017; x_wconf 88' lang='lat' dir='ltr'>regi</span> <span class='ocrx_word' id='word_1_215' title='bbox 1709 1963 1768 2005; x_wconf 83' lang='lat' dir='ltr'>sic</span> <span class='ocrx_word' id='word_1_216' title='bbox 1796 1963 1856 2005; x_wconf 87' lang='lat' dir='ltr'>di-</span> 
     </span>
     <span class='ocr_line' id='line_1_26' title="bbox 190 2031 1857 2086; baseline 0.002 -13"><span class='ocrx_word' id='word_1_217' title='bbox 190 2035 274 2073; x_wconf 88' lang='lat' dir='ltr'>cat:</span> <span class='ocrx_word' id='word_1_218' title='bbox 322 2031 468 2075; x_wconf 88' lang='lat' dir='ltr'>divicie</span> <span class='ocrx_word' id='word_1_219' title='bbox 515 2036 554 2074; x_wconf 92' lang='lat' dir='ltr'>et</span> <span class='ocrx_word' id='word_1_220' title='bbox 594 2033 743 2086; x_wconf 86' lang='lat' dir='ltr'>gaudia</span> <span class='ocrx_word' id='word_1_221' title='bbox 781 2034 988 2075; x_wconf 90' lang='lat' dir='ltr'>mundana</span> <span class='ocrx_word' id='word_1_222' title='bbox 1026 2035 1166 2077; x_wconf 82' lang='lat' dir='ltr'>crebro</span> <span class='ocrx_word' id='word_1_223' title='bbox 1205 2035 1374 2076; x_wconf 85' lang='lat' dir='ltr'>veniunt</span> <span class='ocrx_word' id='word_1_224' title='bbox 1411 2039 1451 2077; x_wconf 91' lang='lat' dir='ltr'>et</span> <span class='ocrx_word' id='word_1_225' title='bbox 1490 2038 1704 2076; x_wconf 86' lang='lat' dir='ltr'>transeunt</span> <span class='ocrx_word' id='word_1_226' title='bbox 1743 2034 1857 2076; x_wconf 88' lang='lat' dir='ltr'>sicud</span> 
     </span>
     <span class='ocr_line' id='line_1_27' title="bbox 189 2102 1854 2159; baseline 0.002 -15"><span class='ocrx_word' id='word_1_227' title='bbox 189 2102 349 2156; x_wconf 79' lang='lat' dir='ltr'>umbra,</span> <span class='ocrx_word' id='word_1_228' title='bbox 381 2103 472 2145; x_wconf 89' lang='lat' dir='ltr'>ideo</span> <span class='ocrx_word' id='word_1_229' title='bbox 503 2117 652 2159; x_wconf 90' lang='lat' dir='ltr'>respuo</span> <span class='ocrx_word' id='word_1_230' title='bbox 686 2105 780 2159; x_wconf 91' lang='lat' dir='ltr'>quia</span> <span class='ocrx_word' id='word_1_231' title='bbox 810 2104 998 2147; x_wconf 85' lang='lat' dir='ltr'>fallibilia</span> <span class='ocrx_word' id='word_1_232' title='bbox 1030 2119 1077 2148; x_wconf 89' lang='lat' dir='ltr'>ea</span> <span class='ocrx_word' id='word_1_233' title='bbox 1109 2119 1320 2148; x_wconf 89' lang='lat' dir='ltr'>concerno.</span> <span class='ocrx_word' id='word_1_234' title='bbox 1367 2106 1508 2148; x_wconf 89' lang='lat' dir='ltr'>Tercio</span> <span class='ocrx_word' id='word_1_235' title='bbox 1537 2105 1624 2159; x_wconf 86' lang='lat' dir='ltr'>regi</span> <span class='ocrx_word' id='word_1_236' title='bbox 1648 2106 1707 2147; x_wconf 89' lang='lat' dir='ltr'>sic</span> <span class='ocrx_word' id='word_1_237' title='bbox 1727 2105 1854 2148; x_wconf 88' lang='lat' dir='ltr'>dicat:</span> 
     </span>
     <span class='ocr_line' id='line_1_28' title="bbox 190 2173 1858 2232; baseline 0.002 -16"><span class='ocrx_word' id='word_1_238' title='bbox 190 2173 253 2216; x_wconf 90' lang='lat' dir='ltr'>De</span> <span class='ocrx_word' id='word_1_239' title='bbox 291 2174 484 2230; x_wconf 88' lang='lat' dir='ltr'>superbia</span> <span class='ocrx_word' id='word_1_240' title='bbox 521 2179 561 2217; x_wconf 89' lang='lat' dir='ltr'>et</span> <span class='ocrx_word' id='word_1_241' title='bbox 599 2175 844 2218; x_wconf 85' lang='lat' dir='ltr'>extollencia</span> <span class='ocrx_word' id='word_1_242' title='bbox 882 2176 974 2218; x_wconf 90' lang='lat' dir='ltr'>nolo</span> <span class='ocrx_word' id='word_1_243' title='bbox 1016 2177 1191 2232; x_wconf 88' lang='lat' dir='ltr'>amplius</span> <span class='ocrx_word' id='word_1_244' title='bbox 1229 2177 1418 2231; x_wconf 77' lang='lat' dir='ltr'>gloriari,</span> <span class='ocrx_word' id='word_1_245' title='bbox 1459 2191 1550 2219; x_wconf 90' lang='lat' dir='ltr'>cum</span> <span class='ocrx_word' id='word_1_246' title='bbox 1587 2191 1698 2219; x_wconf 90' lang='lat' dir='ltr'>mors</span> <span class='ocrx_word' id='word_1_247' title='bbox 1740 2177 1858 2220; x_wconf 92' lang='lat' dir='ltr'>tollat</span> 
     </span>
     <span class='ocr_line' id='line_1_29' title="bbox 191 2246 1857 2302; baseline 0.002 -15"><span class='ocrx_word' id='word_1_248' title='bbox 191 2246 313 2287; x_wconf 90' lang='lat' dir='ltr'>simul</span> <span class='ocrx_word' id='word_1_249' title='bbox 352 2246 520 2288; x_wconf 88' lang='lat' dir='ltr'>divitem</span> <span class='ocrx_word' id='word_1_250' title='bbox 561 2250 601 2288; x_wconf 94' lang='lat' dir='ltr'>et</span> <span class='ocrx_word' id='word_1_251' title='bbox 642 2260 876 2302; x_wconf 85' lang='lat' dir='ltr'>pauperem.</span> <span class='ocrx_word' id='word_1_252' title='bbox 936 2247 1087 2297; x_wconf 83' lang='lat' dir='ltr'>Quarto</span> <span class='ocrx_word' id='word_1_253' title='bbox 1127 2249 1213 2302; x_wconf 86' lang='lat' dir='ltr'>regi</span> <span class='ocrx_word' id='word_1_254' title='bbox 1253 2249 1362 2291; x_wconf 89' lang='lat' dir='ltr'>dicat</span> <span class='ocrx_word' id='word_1_255' title='bbox 1400 2249 1477 2291; x_wconf 85' lang='lat' dir='ltr'>sic:</span> <span class='ocrx_word' id='word_1_256' title='bbox 1517 2248 1648 2292; x_wconf 89' lang='lat' dir='ltr'>Corde</span> <span class='ocrx_word' id='word_1_257' title='bbox 1688 2262 1779 2291; x_wconf 91' lang='lat' dir='ltr'>meo</span> <span class='ocrx_word' id='word_1_258' title='bbox 1816 2252 1857 2291; x_wconf 89' lang='lat' dir='ltr'>te</span> 
     </span>
    </p>
   </div>
   <div class='ocr_carea' id='block_1_6' title="bbox 192 2316 1857 2444">
    <p class='ocr_par' dir='ltr' id='par_1_7' title="bbox 192 2316 1857 2444">
     <span class='ocr_line' id='line_1_30' title="bbox 193 2316 1857 2376; baseline 0.003 -18"><span class='ocrx_word' id='word_1_259' title='bbox 193 2316 349 2370; x_wconf 77' lang='lat' dir='ltr'>affecto,</span> <span class='ocrx_word' id='word_1_260' title='bbox 381 2316 474 2359; x_wconf 92' lang='lat' dir='ltr'>nolo</span> <span class='ocrx_word' id='word_1_261' title='bbox 508 2317 633 2360; x_wconf 90' lang='lat' dir='ltr'>alium</span> <span class='ocrx_word' id='word_1_262' title='bbox 665 2332 738 2374; x_wconf 90' lang='lat' dir='ltr'>per</span> <span class='ocrx_word' id='word_1_263' title='bbox 769 2322 809 2360; x_wconf 93' lang='lat' dir='ltr'>te</span> <span class='ocrx_word' id='word_1_264' title='bbox 842 2318 1011 2373; x_wconf 85' lang='lat' dir='ltr'>diligere</span> <span class='ocrx_word' id='word_1_265' title='bbox 1044 2320 1186 2374; x_wconf 79' lang='lat' dir='ltr'>amice,</span> <span class='ocrx_word' id='word_1_266' title='bbox 1220 2320 1291 2363; x_wconf 91' lang='lat' dir='ltr'>sed</span> <span class='ocrx_word' id='word_1_267' title='bbox 1318 2333 1392 2376; x_wconf 88' lang='lat' dir='ltr'>pro</span> <span class='ocrx_word' id='word_1_268' title='bbox 1418 2319 1606 2363; x_wconf 89' lang='lat' dir='ltr'>omnibns</span> <span class='ocrx_word' id='word_1_269' title='bbox 1627 2324 1857 2375; x_wconf 84' lang='lat' dir='ltr'>transgres-</span> 
     </span>
     <span class='ocr_line' id='line_1_31' title="bbox 192 2388 837 2444; baseline 0.003 -14"><span class='ocrx_word' id='word_1_270' title='bbox 192 2388 375 2431; x_wconf 89' lang='lat' dir='ltr'>sionibus</span> <span class='ocrx_word' id='word_1_271' title='bbox 406 2389 674 2444; x_wconf 83' lang='lat' dir='ltr'>penitentiam</span> <span class='ocrx_word' id='word_1_272' title='bbox 706 2403 837 2444; x_wconf 88' lang='lat' dir='ltr'>agam.</span> 
     </span>
    </p>
   </div>
   <div class='ocr_carea' id='block_1_7' title="bbox 863 2644 1196 2700">
    <p class='ocr_par' dir='ltr' id='par_1_8' title="bbox 863 2644 1196 2700">
     <span class='ocr_line' id='line_1_32' title="bbox 863 2644 1196 2700; baseline 0.003 -13"><span class='ocrx_word' id='word_1_273' title='bbox 863 2644 965 2699; x_wconf 75' lang='lat'>2⁶28,</span> <span class='ocrx_word' id='word_1_274' title='bbox 999 2658 1101 2700; x_wconf 80' lang='lat' dir='ltr'>app.</span> <span class='ocrx_word' id='word_1_275' title='bbox 1125 2646 1196 2688; x_wconf 75' lang='lat'>32.</span> 
     </span>
    </p>
   </div>
   <div class='ocr_carea' id='block_1_8' title="bbox 193 2741 1859 3018">
    <p class='ocr_par' dir='ltr' id='par_1_9' title="bbox 193 2741 1859 3018">
     <span class='ocr_line' id='line_1_33' title="bbox 308 2741 1857 2802; baseline 0.005 -19"><span class='ocrx_word' id='word_1_276' title='bbox 308 2741 469 2784; x_wconf 86' lang='lat' dir='ltr'>Dicitur</span> <span class='ocrx_word' id='word_1_277' title='bbox 508 2743 615 2797; x_wconf 88' lang='lat' dir='ltr'>quod</span> <span class='ocrx_word' id='word_1_278' title='bbox 646 2743 753 2786; x_wconf 90' lang='lat' dir='ltr'>inter</span> <span class='ocrx_word' id='word_1_279' title='bbox 784 2745 1045 2800; x_wconf 87' lang='lat' dir='ltr'>philomelam</span> <span class='ocrx_word' id='word_1_280' title='bbox 1085 2751 1125 2789; x_wconf 94' lang='lat' dir='ltr'>et</span> <span class='ocrx_word' id='word_1_281' title='bbox 1156 2747 1387 2802; x_wconf 90' lang='lat' dir='ltr'>buphonem</span> <span class='ocrx_word' id='word_1_282' title='bbox 1419 2748 1472 2789; x_wconf 91' lang='lat' dir='ltr'>sit</span> <span class='ocrx_word' id='word_1_283' title='bbox 1504 2748 1639 2789; x_wconf 90' lang='lat' dir='ltr'>odium</span> <span class='ocrx_word' id='word_1_284' title='bbox 1670 2748 1857 2791; x_wconf 84' lang='lat' dir='ltr'>naturale</span> 
     </span>
     <span class='ocr_line' id='line_1_34' title="bbox 193 2812 1857 2870; baseline 0.005 -17"><span class='ocrx_word' id='word_1_285' title='bbox 193 2812 236 2853; x_wconf 88' lang='lat' dir='ltr'>in</span> <span class='ocrx_word' id='word_1_286' title='bbox 276 2816 418 2866; x_wconf 75' lang='lat' dir='ltr'>cantu,</span> <span class='ocrx_word' id='word_1_287' title='bbox 466 2814 556 2856; x_wconf 90' lang='lat' dir='ltr'>ideo</span> <span class='ocrx_word' id='word_1_288' title='bbox 596 2815 691 2869; x_wconf 88' lang='lat' dir='ltr'>quia</span> <span class='ocrx_word' id='word_1_289' title='bbox 731 2816 966 2870; x_wconf 86' lang='lat' dir='ltr'>philomena</span> <span class='ocrx_word' id='word_1_290' title='bbox 1003 2818 1052 2859; x_wconf 90' lang='lat' dir='ltr'>de</span> <span class='ocrx_word' id='word_1_291' title='bbox 1090 2822 1207 2860; x_wconf 87' lang='lat' dir='ltr'>nocte</span> <span class='ocrx_word' id='word_1_292' title='bbox 1246 2819 1341 2860; x_wconf 85' lang='lat' dir='ltr'>dum</span> <span class='ocrx_word' id='word_1_293' title='bbox 1374 2819 1546 2861; x_wconf 86' lang='lat' dir='ltr'>dulciter</span> <span class='ocrx_word' id='word_1_294' title='bbox 1584 2823 1722 2861; x_wconf 87' lang='lat' dir='ltr'>cantat</span> <span class='ocrx_word' id='word_1_295' title='bbox 1760 2823 1857 2862; x_wconf 86' lang='lat' dir='ltr'>tunc</span> 
     </span>
     <span class='ocr_line' id='line_1_35' title="bbox 194 2882 1859 2944; baseline 0.005 -20"><span class='ocrx_word' id='word_1_296' title='bbox 194 2882 328 2938; x_wconf 88' lang='lat' dir='ltr'>bupho</span> <span class='ocrx_word' id='word_1_297' title='bbox 367 2885 512 2927; x_wconf 87' lang='lat' dir='ltr'>nititur</span> <span class='ocrx_word' id='word_1_298' title='bbox 548 2887 680 2941; x_wconf 90' lang='lat' dir='ltr'>ipsam</span> <span class='ocrx_word' id='word_1_299' title='bbox 720 2887 761 2928; x_wconf 91' lang='lat' dir='ltr'>in</span> <span class='ocrx_word' id='word_1_300' title='bbox 809 2889 978 2943; x_wconf 88' lang='lat' dir='ltr'>predam</span> <span class='ocrx_word' id='word_1_301' title='bbox 1019 2902 1163 2944; x_wconf 87' lang='lat' dir='ltr'>capere</span> <span class='ocrx_word' id='word_1_302' title='bbox 1203 2894 1243 2931; x_wconf 89' lang='lat' dir='ltr'>et</span> <span class='ocrx_word' id='word_1_303' title='bbox 1274 2890 1310 2932; x_wconf 91' lang='lat' dir='ltr'>ei</span> <span class='ocrx_word' id='word_1_304' title='bbox 1346 2890 1507 2933; x_wconf 87' lang='lat' dir='ltr'>fortiter</span> <span class='ocrx_word' id='word_1_305' title='bbox 1537 2890 1776 2944; x_wconf 83' lang='lat' dir='ltr'>insidiatur,</span> <span class='ocrx_word' id='word_1_306' title='bbox 1813 2894 1859 2933; x_wconf 92' lang='lat' dir='ltr'>ut</span> 
     </span>
     <span class='ocr_line' id='line_1_36' title="bbox 196 2952 1857 3018; baseline 0.005 -23"><span class='ocrx_word' id='word_1_307' title='bbox 196 2966 285 2995; x_wconf 84' lang='lat' dir='ltr'>eam</span> <span class='ocrx_word' id='word_1_308' title='bbox 337 2955 568 2998; x_wconf 86' lang='lat' dir='ltr'>interficiat.</span> <span class='ocrx_word' id='word_1_309' title='bbox 637 2956 751 3007; x_wconf 88' lang='lat' dir='ltr'>Quod</span> <span class='ocrx_word' id='word_1_310' title='bbox 802 2959 1034 3013; x_wconf 85' lang='lat' dir='ltr'>intelligens</span> <span class='ocrx_word' id='word_1_311' title='bbox 1090 2960 1325 3016; x_wconf 90' lang='lat' dir='ltr'>phylomela</span> <span class='ocrx_word' id='word_1_312' title='bbox 1374 2952 1529 3003; x_wconf 84' lang='lat' dir='ltr'>&#39;rubum</span> <span class='ocrx_word' id='word_1_313' title='bbox 1582 2961 1644 3003; x_wconf 88' lang='lat' dir='ltr'>vel</span> <span class='ocrx_word' id='word_1_314' title='bbox 1696 2962 1857 3018; x_wconf 88' lang='lat' dir='ltr'>spinam</span> 
     </span>
    </p>
   </div>
  </div>
 </body>
</html>
