1919 3157
851 70 935 110 475

58 178 347 219 intercessores
396 177 492 225 deo,
540 176 694 218 scilicet
739 175 908 217 dilectos
951 176 1134 217 homines
1176 176 1290 228 quasi
1332 175 1655 228 consanguineos
1694 179 1730 216 et

57 249 223 291 amicos
279 248 329 289 L't
363 253 498 289 autem
523 248 688 288 domino
712 262 783 288 suo
817 246 1057 298 satisfaciat,
1091 246 1280 301 pedester
1304 247 1439 287 veniat
1461 252 1500 288 et
1522 251 1730 300 equester3

58 320 246 376 pedester
286 320 311 360 i.
336 333 368 360 e.
403 324 567 360 terrena
607 323 647 360 et
683 317 928 372 temporalia
960 318 1075 371 quasi
1109 316 1403 371 despectabilia
1436 317 1730 367 conculcando3

56 397 245 446 equester
276 404 371 432 vero
406 395 489 430 toto
512 389 645 430 cordis
669 389 870 430 desiderio
903 388 1067 430 celestia
1100 388 1427 442 contemplando.
1478 388 1556 430 Sed
1589 402 1731 430 canem

56 475 217 516 quoque
256 475 279 502 a
311 461 466 502 dextris
506 475 579 515 pro
614 461 744 501 amico
782 459 1018 501 fidelissimo
1059 473 1195 501 secum
1237 459 1377 503 ducat.
1418 460 1441 500 i.
1467 473 1499 501 e.
1542 460 1731 512 angelum
1758 468 1780 501 5

56 546 172 575 suum
208 532 357 574 bonum
392 532 454 573 vel
488 531 775 586 presbiterum,
809 531 876 584 qui
910 531 1087 572 animam
1123 535 1234 572 tuam
1268 529 1390 572 habet
1412 531 1629 583 custodire,
1664 531 1731 585 qui

56 602 152 645 licet
184 603 322 658 sepius
354 602 490 656 gladio
524 616 688 643 suorum
713 602 931 643 criminum
956 601 1191 643 vulneretur
1214 605 1254 643 et
1285 600 1526 653 offendatur,
1560 602 1734 643 recurrit

56 680 194 716 tamen
233 672 409 716 fideliter
448 678 491 715 ut
530 674 705 722 amicus,
746 674 814 727 qui
856 686 928 714 sua
969 678 1126 714 secreta
1166 686 1302 714 coram
1336 671 1494 713 familia
1534 672 1732 727 principis

56 744 224 787 tenebit.
273 744 551 786 Joculatorem
576 745 600 786 i.
622 759 654 786 e.
679 758 850 799 puerum
883 758 1054 798 parvum
1084 745 1123 785 in
1147 744 1302 797 gremio
1327 743 1477 785 habere
1506 743 1625 785 debet
1648 743 1672 784 i.
1698 756 1730 784 e.

56 816 354 858 conscienciam
379 816 525 858 bonam
551 829 642 870 que,
675 817 708 856 si
735 818 834 856 bene
856 815 1079 869 regulatur,
1113 815 1286 856 multum
1312 814 1489 857 delectat
1511 814 1731 855 hominem.

56 887 234 930 Uxorem
276 901 371 929 vero
413 901 436 928 a
468 887 647 928 sinistris
687 900 760 941 pro
802 887 966 928 inimico
1006 886 1280 941 perfidissimo
1321 886 1444 928 ducat
1482 887 1505 927 i.
1531 899 1564 927 e.
1599 886 1733 927 carnis

55 959 274 1001 molliciem
316 958 378 1000 vel
419 958 656 1010 demonem,
698 958 766 1012 qui
807 971 880 999 sua
912 962 1068 999 secreta
1105 970 1239 998 coram
1273 957 1429 998 familia
1464 957 1662 1012 principis
1695 960 1734 998 et

55 1030 199 1072 amicis
231 1030 257 1072 i.
282 1043 314 1072 e.
350 1043 486 1072 coram
512 1030 669 1071 cunctis
693 1028 848 1082 angelis
882 1033 1001 1082 atque
1031 1028 1184 1070 sanctis
1206 1028 1446 1070 imminente
1468 1028 1612 1069 mortis
1634 1027 1735 1069 hora

56 1103 97 1143 in
130 1101 408 1157 perdicionem
442 1101 505 1142 sui
538 1101 691 1154 detegit
723 1105 763 1142 et
794 1100 961 1142 revelat.
1023 1100 1136 1141 Tunc
1170 1100 1317 1141 merito
1350 1099 1584 1141 laudabitur
1618 1099 1733 1141 miles

55 1173 242 1228 sapiens,
276 1172 344 1227 qui
377 1172 584 1227 predictos
618 1172 805 1213 inimicos
838 1172 895 1213 sic
927 1171 1089 1224 fefellit,
1124 1170 1279 1213 occulte
1313 1170 1482 1212 vitulam
1516 1170 1733 1212 mactando

55 1248 96 1286 et
136 1244 175 1285 in
209 1248 364 1285 secreto
404 1243 549 1284 domus
582 1243 623 1284 in
655 1243 802 1296 angulo
838 1242 1108 1285 subterrando
1146 1243 1171 1283 i.
1197 1256 1230 1284 e.
1265 1255 1413 1297 corpus
1445 1243 1659 1297 proprium
1694 1242 1732 1283 111

55 1320 211 1357 secreto
245 1314 430 1357 cubiculo
462 1313 720 1368 flagellando,
754 1318 824 1355 aut
856 1318 1014 1355 secreta
1037 1314 1214 1369 pectoris
1237 1314 1491 1355 consciencia
1515 1313 1734 1355 lacrimosa

54 1386 215 1428 intense
246 1386 504 1438 mundando,
543 1399 617 1427 nec
649 1390 787 1427 tamen
821 1385 1084 1427 homicidium
1119 1385 1413 1440 perpetrando,
1452 1385 1476 1426 1.
1501 1398 1534 1427 e.
1569 1385 1734 1426 modum

55 1457 235 1500 debitum
269 1471 350 1499 non
383 1457 638 1509 excedendo,
680 1457 752 1498 sed
778 1457 947 1511 jejuniis
981 1462 1020 1499 et
1052 1456 1332 1508 oracionibus,
1367 1456 1457 1498 aliis
1490 1455 1606 1498 bonis
1639 1469 1735 1511 ope-

54 1528 168 1570 ribus
206 1529 414 1584 sapienter
456 1529 495 1569 in
530 1528 720 1570 omnibus
760 1528 1007 1581 insistendo,
1046 1541 1120 1583 per
1161 1542 1237 1582 que
1274 1528 1438 1570 tandem
1479 1528 1634 1569 domini
1673 1527 1735 1568 sui

54 1600 251 1653 graciam,
285 1613 405 1654 quam
442 1599 690 1654 perdiderat,
723 1599 946 1641 rehabebit.

693 1828 796 1871 off.
825 1829 919 1871 125.
952 1829 1085 1880 (117.)

53 1917 269 1963 Mulieres
292 1932 386 1963 non
410 1917 553 1962 solum
573 1917 789 1977 pandunt
809 1922 987 1969 secreta,
1013 1918 1093 1961 sed
1116 1917 1181 1962 ad
1194 1916 1273 1961 hec
1297 1919 1570 1963 mentiuntur
1586 1917 1733 1977 plura.

155 2025 303 2086 'Erant
334 2025 413 2067 duo
445 2025 616 2078 fratres,
656 2039 828 2079 quorum
863 2039 966 2066 unus
998 2024 1127 2067 laicus
1160 2029 1200 2067 et
1231 2025 1334 2067 alter
1370 2024 1562 2077 clericus3
1605 2025 1734 2068 laicus

54 2109 151 2152 sepe
183 2096 371 2139 audierat
402 2110 425 2138 3
455 2097 584 2138 fratre
615 2110 708 2150 suo,
743 2097 848 2151 quod
883 2096 1075 2139 mulieres
1108 2100 1309 2139 secretum
1345 2096 1516 2150 alicujus
1548 2111 1628 2139 non
1662 2111 1733 2152 po-

54 2171 222 2210 tuerunt
268 2167 484 2210 occultare.
548 2167 766 2221 Cogitabat
813 2168 991 2223 experiri
1038 2168 1113 2210 hoc
1151 2181 1243 2209 cum
1285 2181 1411 2210 uxore
1450 2168 1527 2210 sibi
1571 2168 1732 2221 dilecta,

58 2237 158 2293 [106
169 2237 208 2294 b]
244 2239 307 2280 cui
331 2239 436 2280 dixit
457 2252 539 2280 11113
559 2243 697 2280 nocte:
731 2238 968 2293 Carissima,
991 2244 1192 2282 secretum
1216 2239 1366 2290 habe03
1399 2239 1473 2282 tibi
1498 2239 1732 2294 panderem,

55 2310 89 2352 si
121 2314 257 2352 certus
290 2323 436 2362 essem,
471 2310 577 2363 quod
609 2310 710 2352 nulli
744 2310 874 2359 dices:
908 2311 1014 2365 quod
1038 2311 1071 2352 si
1094 2311 1346 2352 contrarium
1377 2311 1516 2363 facies,
1550 2312 1733 2353 confusio

55 2381 326 2423 intolerabilis
358 2381 482 2422 michi
515 2386 633 2423 esset.
684 2383 739 2423 At
770 2381 860 2423 illa:
895 2381 1084 2433 Domine,
1117 2381 1200 2423 noli
1232 2382 1391 2434 timere,
1426 2396 1550 2423 unum
1585 2396 1732 2438 corpus

55 2465 219 2500 sumus;
253 2452 404 2494 bonum
437 2457 552 2494 tuum
586 2457 648 2494 est
679 2466 813 2494 meum
848 2456 887 2494 et
919 2467 939 2495 e
972 2466 1167 2494 converso
1201 2457 1241 2495 et
1272 2453 1399 2495 eciam
1434 2453 1586 2495 malum
1620 2454 1733 2495 simi-

56 2523 162 2565 liter.
211 2523 287 2573 Qui
321 2524 396 2565 ait:
431 2522 532 2564 Cum
568 2523 618 2564 ad
643 2524 843 2577 privatam
872 2524 1149 2575 accessissem,
1183 2528 1228 2565 ut
1249 2537 1351 2579 opus
1373 2529 1519 2566 nature
1540 2525 1732 2577 facerem,

56 2607 202 2636 corvus
241 2595 489 2648 nigerrimus
537 2607 560 2636 3
601 2599 718 2648 parte
756 2595 974 2649 posteriori
1023 2594 1231 2648 evolabat,
1280 2595 1329 2637 de
1376 2608 1454 2649 quo
1502 2609 1591 2637 sum
1637 2609 1733 2637 con-

56 2665 258 2706 tristatus.
311 2665 397 2716 Que
430 2666 505 2707 ait:
547 2664 672 2706 Letus
705 2679 792 2708 esse
826 2665 962 2718 debes,
995 2666 1100 2719 quod
1134 2679 1157 2707 a
1188 2669 1304 2708 tanta
1337 2667 1528 2722 passione
1560 2680 1602 2708 es
1632 2667 1733 2709 libe-

56 2740 183 2778 ratus.
239 2735 361 2779 Mane
399 2750 494 2778 vero
526 2736 675 2778 mulier
707 2737 888 2778 surrexit
925 2740 967 2778 et
1001 2736 1051 2778 ad
1083 2737 1247 2779 domum
1281 2737 1459 2792 proximi
1493 2738 1555 2779 sui
1588 2738 1662 2780 ivit
1694 2743 1734 2780 et

57 2807 221 2849 domine
253 2807 398 2849 domus
431 2808 558 2850 dixit:
592 2807 624 2849 O
657 2807 824 2849 domina
854 2807 1082 2860 carissima,
1114 2812 1256 2863 potero
1288 2808 1362 2850 tibi
1396 2808 1574 2863 pandere
1597 2808 1734 2864 aliqua

58 2877 241 2920 secreta?
282 2877 367 2928 Que
400 2879 477 2922 ait:
518 2878 578 2920 Ita
610 2891 771 2932 secure,
811 2878 916 2920 sicut
948 2878 1082 2921 anime
1112 2882 1194 2922 tue.
1248 2879 1333 2931 Que
1366 2879 1490 2921 dixit:
1531 2879 1733 2923 Mirabilis

149 2958 170 2992 9
196 2958 344 3003 tenebit]
371 2965 456 3005 oriy.
475 2960 621 2995 revelat.

1762 821 1804 855 10

1763 1178 1804 1210 15

1760 1534 1805 1568 20

1760 2106 1804 2140 25

1759 2463 1804 2496 30

1758 2818 1803 2852 35
