<?xml version="1.0" encoding="UTF-8"?>
<!DOCTYPE html PUBLIC "-//W3C//DTD XHTML 1.0 Transitional//EN"
    "http://www.w3.org/TR/xhtml1/DTD/xhtml1-transitional.dtd">
<html xmlns="http://www.w3.org/1999/xhtml" xml:lang="en" lang="en">
 <head>
  <title>
</title>
<meta http-equiv="Content-Type" content="text/html;charset=utf-8" />
  <meta name='ocr-system' content='tesseract 3.04.00' />
  <meta name='ocr-capabilities' content='ocr_page ocr_carea ocr_par ocr_line ocrx_word'/>
</head>
<body>
  <div class='ocr_page' id='page_1' title='image "./gestaromanorum00oestuoft_0370.png"; bbox 0 0 1949 3162; ppageno 0'>
   <div class='ocr_carea' id='block_1_1' title="bbox 988 88 1071 129">
    <p class='ocr_par' dir='ltr' id='par_1_1' title="bbox 988 88 1071 129">
     <span class='ocr_line' id='line_1_1' title="bbox 988 88 1071 129; baseline -0.012 0"><span class='ocrx_word' id='word_1_1' title='bbox 988 88 1071 129; x_wconf 83' lang='lat'>348</span> 
     </span>
    </p>
   </div>
   <div class='ocr_carea' id='block_1_2' title="bbox 85 192 1871 2101">
    <p class='ocr_par' dir='ltr' id='par_1_2' title="bbox 85 192 1871 1244">
     <span class='ocr_line' id='line_1_2' title="bbox 182 192 1868 247; baseline 0.001 -12"><span class='ocrx_word' id='word_1_2' title='bbox 182 192 291 235; x_wconf 92' lang='lat' dir='ltr'>filius</span> <span class='ocrx_word' id='word_1_3' title='bbox 328 192 470 247; x_wconf 76' lang='lat' dir='ltr'><em>[123b]</em></span> <span class='ocrx_word' id='word_1_4' title='bbox 506 194 593 247; x_wconf 90' lang='lat' dir='ltr'>ejus</span> <span class='ocrx_word' id='word_1_5' title='bbox 625 192 751 235; x_wconf 87' lang='lat' dir='ltr'>filiam</span> <span class='ocrx_word' id='word_1_6' title='bbox 785 194 947 235; x_wconf 87' lang='lat' dir='ltr'>unicam</span> <span class='ocrx_word' id='word_1_7' title='bbox 981 193 1192 246; x_wconf 89' lang='lat' dir='ltr'>cujusdam</span> <span class='ocrx_word' id='word_1_8' title='bbox 1217 193 1338 234; x_wconf 89' lang='lat' dir='ltr'>vidue</span> <span class='ocrx_word' id='word_1_9' title='bbox 1367 192 1593 235; x_wconf 89' lang='lat' dir='ltr'>defloravit.</span> <span class='ocrx_word' id='word_1_10' title='bbox 1643 193 1774 236; x_wconf 82' lang='lat' dir='ltr'>Mater</span> <span class='ocrx_word' id='word_1_11' title='bbox 1795 193 1868 236; x_wconf 86' lang='lat' dir='ltr'>hec</span> 
     </span>
     <span class='ocr_line' id='line_1_3' title="bbox 186 263 1869 319; baseline 0.001 -13"><span class='ocrx_word' id='word_1_12' title='bbox 186 264 356 306; x_wconf 87' lang='lat' dir='ltr'>audiens</span> <span class='ocrx_word' id='word_1_13' title='bbox 379 264 621 319; x_wconf 90' lang='lat' dir='ltr'>imperatori</span> <span class='ocrx_word' id='word_1_14' title='bbox 644 278 863 307; x_wconf 87' lang='lat' dir='ltr'>occurrens</span> <span class='ocrx_word' id='word_1_15' title='bbox 897 265 975 306; x_wconf 90' lang='lat' dir='ltr'>ait:</span> <span class='ocrx_word' id='word_1_16' title='bbox 1025 264 1058 306; x_wconf 91' lang='lat' dir='ltr'>O</span> <span class='ocrx_word' id='word_1_17' title='bbox 1092 263 1271 317; x_wconf 90' lang='lat' dir='ltr'>domine,</span> <span class='ocrx_word' id='word_1_18' title='bbox 1304 264 1437 318; x_wconf 84' lang='lat' dir='ltr'>legem</span> <span class='ocrx_word' id='word_1_19' title='bbox 1456 277 1579 319; x_wconf 90' lang='lat' dir='ltr'>quam</span> <span class='ocrx_word' id='word_1_20' title='bbox 1601 264 1771 319; x_wconf 88' lang='lat' dir='ltr'>fecistis,</span> <span class='ocrx_word' id='word_1_21' title='bbox 1793 265 1869 307; x_wconf 91' lang='lat' dir='ltr'>im-</span> 
     </span>
     <span class='ocr_line' id='line_1_4' title="bbox 184 334 1871 391; baseline 0.001 -15"><span class='ocrx_word' id='word_1_22' title='bbox 184 334 289 391; x_wconf 92' lang='lat' dir='ltr'>pleri</span> <span class='ocrx_word' id='word_1_23' title='bbox 320 334 495 377; x_wconf 86' lang='lat' dir='ltr'>faciatis.</span> <span class='ocrx_word' id='word_1_24' title='bbox 544 335 650 378; x_wconf 90' lang='lat' dir='ltr'>Ecce</span> <span class='ocrx_word' id='word_1_25' title='bbox 688 336 832 378; x_wconf 89' lang='lat' dir='ltr'>unicus</span> <span class='ocrx_word' id='word_1_26' title='bbox 870 334 978 377; x_wconf 86' lang='lat' dir='ltr'>filius</span> <span class='ocrx_word' id='word_1_27' title='bbox 1021 338 1155 377; x_wconf 90' lang='lat' dir='ltr'>vester</span> <span class='ocrx_word' id='word_1_28' title='bbox 1194 336 1354 378; x_wconf 90' lang='lat' dir='ltr'>unicam</span> <span class='ocrx_word' id='word_1_29' title='bbox 1397 334 1523 377; x_wconf 91' lang='lat' dir='ltr'>filiam</span> <span class='ocrx_word' id='word_1_30' title='bbox 1566 349 1701 378; x_wconf 91' lang='lat' dir='ltr'>meam</span> <span class='ocrx_word' id='word_1_31' title='bbox 1731 336 1871 391; x_wconf 84' lang='lat' dir='ltr'>rapuit</span> 
     </span>
     <span class='ocr_line' id='line_1_5' title="bbox 185 406 1870 461; baseline 0.001 -13"><span class='ocrx_word' id='word_1_32' title='bbox 185 410 226 448; x_wconf 88' lang='lat' dir='ltr'>et</span> <span class='ocrx_word' id='word_1_33' title='bbox 263 406 301 447; x_wconf 87' lang='lat' dir='ltr'>vi</span> <span class='ocrx_word' id='word_1_34' title='bbox 342 407 561 461; x_wconf 84' lang='lat' dir='ltr'>oppressit.</span> <span class='ocrx_word' id='word_1_35' title='bbox 610 406 695 449; x_wconf 76' lang='lat' dir='ltr'>Rex</span> <span class='ocrx_word' id='word_1_36' title='bbox 735 407 809 448; x_wconf 90' lang='lat' dir='ltr'>hoc</span> <span class='ocrx_word' id='word_1_37' title='bbox 852 407 1021 448; x_wconf 85' lang='lat' dir='ltr'>audiens</span> <span class='ocrx_word' id='word_1_38' title='bbox 1055 410 1260 448; x_wconf 87' lang='lat' dir='ltr'>commota</span> <span class='ocrx_word' id='word_1_39' title='bbox 1299 411 1394 448; x_wconf 91' lang='lat' dir='ltr'>sunt</span> <span class='ocrx_word' id='word_1_40' title='bbox 1426 406 1564 448; x_wconf 89' lang='lat' dir='ltr'>omnia</span> <span class='ocrx_word' id='word_1_41' title='bbox 1595 407 1752 449; x_wconf 85' lang='lat' dir='ltr'>viscera</span> <span class='ocrx_word' id='word_1_42' title='bbox 1784 407 1870 461; x_wconf 92' lang='lat' dir='ltr'>ejus</span> 
     </span>
     <span class='ocr_line' id='line_1_6' title="bbox 136 476 1870 533; baseline 0 -13"><span class='ocrx_word' id='word_1_43' title='bbox 136 487 157 522; x_wconf 86' lang='lat'>5</span> <span class='ocrx_word' id='word_1_44' title='bbox 186 481 226 519; x_wconf 86' lang='lat' dir='ltr'>et</span> <span class='ocrx_word' id='word_1_45' title='bbox 257 478 455 532; x_wconf 82' lang='lat' dir='ltr'>precepit,</span> <span class='ocrx_word' id='word_1_46' title='bbox 496 482 540 519; x_wconf 91' lang='lat' dir='ltr'>ut</span> <span class='ocrx_word' id='word_1_47' title='bbox 579 478 658 519; x_wconf 90' lang='lat' dir='ltr'>duo</span> <span class='ocrx_word' id='word_1_48' title='bbox 698 477 804 519; x_wconf 86' lang='lat' dir='ltr'>oculi</span> <span class='ocrx_word' id='word_1_49' title='bbox 846 477 918 518; x_wconf 88' lang='lat' dir='ltr'>filii</span> <span class='ocrx_word' id='word_1_50' title='bbox 958 478 1020 519; x_wconf 91' lang='lat' dir='ltr'>sui</span> <span class='ocrx_word' id='word_1_51' title='bbox 1061 480 1314 519; x_wconf 87' lang='lat' dir='ltr'>eruerentur.</span> <span class='ocrx_word' id='word_1_52' title='bbox 1364 476 1570 519; x_wconf 82' lang='lat' dir='ltr'>Dixerunt</span> <span class='ocrx_word' id='word_1_53' title='bbox 1602 481 1767 533; x_wconf 83' lang='lat' dir='ltr'>satrape</span> <span class='ocrx_word' id='word_1_54' title='bbox 1799 478 1870 520; x_wconf 90' lang='lat' dir='ltr'>do-</span> 
     </span>
     <span class='ocr_line' id='line_1_7' title="bbox 185 548 1869 605; baseline 0.001 -15"><span class='ocrx_word' id='word_1_55' title='bbox 185 548 317 590; x_wconf 90' lang='lat' dir='ltr'>mino:</span> <span class='ocrx_word' id='word_1_56' title='bbox 351 548 527 590; x_wconf 87' lang='lat' dir='ltr'>Tantum</span> <span class='ocrx_word' id='word_1_57' title='bbox 563 549 728 590; x_wconf 90' lang='lat' dir='ltr'>unicum</span> <span class='ocrx_word' id='word_1_58' title='bbox 761 548 889 590; x_wconf 88' lang='lat' dir='ltr'>filium</span> <span class='ocrx_word' id='word_1_59' title='bbox 913 548 1053 601; x_wconf 84' lang='lat' dir='ltr'>habes,</span> <span class='ocrx_word' id='word_1_60' title='bbox 1087 549 1154 601; x_wconf 89' lang='lat' dir='ltr'>qui</span> <span class='ocrx_word' id='word_1_61' title='bbox 1179 552 1241 590; x_wconf 89' lang='lat' dir='ltr'>est</span> <span class='ocrx_word' id='word_1_62' title='bbox 1262 548 1380 591; x_wconf 88' lang='lat' dir='ltr'>heres</span> <span class='ocrx_word' id='word_1_63' title='bbox 1405 553 1511 591; x_wconf 90' lang='lat' dir='ltr'>tuus.</span> <span class='ocrx_word' id='word_1_64' title='bbox 1561 549 1663 591; x_wconf 90' lang='lat' dir='ltr'>Toto</span> <span class='ocrx_word' id='word_1_65' title='bbox 1695 548 1869 605; x_wconf 90' lang='lat' dir='ltr'>imperio</span> 
     </span>
     <span class='ocr_line' id='line_1_8' title="bbox 186 619 1870 675; baseline 0.001 -14"><span class='ocrx_word' id='word_1_66' title='bbox 186 622 295 661; x_wconf 89' lang='lat' dir='ltr'>esset</span> <span class='ocrx_word' id='word_1_67' title='bbox 326 619 566 675; x_wconf 86' lang='lat' dir='ltr'>dampnum,</span> <span class='ocrx_word' id='word_1_68' title='bbox 602 621 635 661; x_wconf 89' lang='lat' dir='ltr'>si</span> <span class='ocrx_word' id='word_1_69' title='bbox 667 619 775 661; x_wconf 89' lang='lat' dir='ltr'>filius</span> <span class='ocrx_word' id='word_1_70' title='bbox 807 624 902 661; x_wconf 87' lang='lat' dir='ltr'>tuus</span> <span class='ocrx_word' id='word_1_71' title='bbox 941 619 1078 662; x_wconf 88' lang='lat' dir='ltr'>oculos</span> <span class='ocrx_word' id='word_1_72' title='bbox 1120 619 1296 661; x_wconf 84' lang='lat' dir='ltr'>amittat.</span> <span class='ocrx_word' id='word_1_73' title='bbox 1351 620 1408 661; x_wconf 90' lang='lat' dir='ltr'>At</span> <span class='ocrx_word' id='word_1_74' title='bbox 1439 620 1528 663; x_wconf 93' lang='lat' dir='ltr'>ille:</span> <span class='ocrx_word' id='word_1_75' title='bbox 1570 620 1716 662; x_wconf 90' lang='lat' dir='ltr'>Nonne</span> <span class='ocrx_word' id='word_1_76' title='bbox 1756 619 1870 662; x_wconf 91' lang='lat' dir='ltr'>vobis</span> 
     </span>
     <span class='ocr_line' id='line_1_9' title="bbox 185 689 1869 745; baseline 0.001 -13"><span class='ocrx_word' id='word_1_77' title='bbox 185 694 366 742; x_wconf 82' lang='lat' dir='ltr'>constat,</span> <span class='ocrx_word' id='word_1_78' title='bbox 409 691 517 745; x_wconf 89' lang='lat' dir='ltr'>quod</span> <span class='ocrx_word' id='word_1_79' title='bbox 557 705 630 744; x_wconf 83' lang='lat' dir='ltr'>ego</span> <span class='ocrx_word' id='word_1_80' title='bbox 671 691 800 744; x_wconf 83' lang='lat' dir='ltr'>legem</span> <span class='ocrx_word' id='word_1_81' title='bbox 843 690 978 733; x_wconf 78' lang='lat' dir='ltr'>edidi?</span> <span class='ocrx_word' id='word_1_82' title='bbox 1035 689 1312 745; x_wconf 85' lang='lat' dir='ltr'>Obprobrium</span> <span class='ocrx_word' id='word_1_83' title='bbox 1355 695 1462 733; x_wconf 90' lang='lat' dir='ltr'>esset</span> <span class='ocrx_word' id='word_1_84' title='bbox 1502 691 1628 733; x_wconf 88' lang='lat' dir='ltr'>michi</span> <span class='ocrx_word' id='word_1_85' title='bbox 1666 691 1869 745; x_wconf 82' lang='lat' dir='ltr'>frangere,</span> 
     </span>
     <span class='ocr_line' id='line_1_10' title="bbox 187 760 1871 818; baseline 0.001 -15"><span class='ocrx_word' id='word_1_86' title='bbox 187 762 295 816; x_wconf 91' lang='lat' dir='ltr'>quod</span> <span class='ocrx_word' id='word_1_87' title='bbox 318 762 444 804; x_wconf 90' lang='lat' dir='ltr'>semel</span> <span class='ocrx_word' id='word_1_88' title='bbox 468 762 640 804; x_wconf 84' lang='lat' dir='ltr'>firmiter</span> <span class='ocrx_word' id='word_1_89' title='bbox 663 762 801 803; x_wconf 89' lang='lat' dir='ltr'>statui.</span> <span class='ocrx_word' id='word_1_90' title='bbox 861 761 940 804; x_wconf 85' lang='lat' dir='ltr'>Sed</span> <span class='ocrx_word' id='word_1_91' title='bbox 964 762 1060 815; x_wconf 88' lang='lat' dir='ltr'>quia</span> <span class='ocrx_word' id='word_1_92' title='bbox 1089 760 1197 802; x_wconf 90' lang='lat' dir='ltr'>filius</span> <span class='ocrx_word' id='word_1_93' title='bbox 1220 775 1336 804; x_wconf 92' lang='lat' dir='ltr'>meus</span> <span class='ocrx_word' id='word_1_94' title='bbox 1354 766 1417 804; x_wconf 90' lang='lat' dir='ltr'>est</span> <span class='ocrx_word' id='word_1_95' title='bbox 1438 762 1611 818; x_wconf 91' lang='lat' dir='ltr'>primus,</span> <span class='ocrx_word' id='word_1_96' title='bbox 1636 763 1705 817; x_wconf 90' lang='lat' dir='ltr'>qui</span> <span class='ocrx_word' id='word_1_97' title='bbox 1727 765 1871 804; x_wconf 88' lang='lat' dir='ltr'>contra</span> 
     </span>
     <span class='ocr_line' id='line_1_11' title="bbox 85 832 1869 889; baseline -0.001 -12"><span class='ocrx_word' id='word_1_98' title='bbox 85 847 87 849; x_wconf 78' lang='grc'><strong>’</strong></span> <span class='ocrx_word' id='word_1_99' title='bbox 116 843 159 877; x_wconf 84' lang='grc'>10</span> <span class='ocrx_word' id='word_1_100' title='bbox 185 833 316 887; x_wconf 86' lang='lat' dir='ltr'>legem</span> <span class='ocrx_word' id='word_1_101' title='bbox 340 833 449 887; x_wconf 84' lang='lat' dir='ltr'>fecit,</span> <span class='ocrx_word' id='word_1_102' title='bbox 479 834 638 888; x_wconf 91' lang='lat' dir='ltr'>primus</span> <span class='ocrx_word' id='word_1_103' title='bbox 661 834 753 886; x_wconf 89' lang='lat' dir='ltr'>erit,</span> <span class='ocrx_word' id='word_1_104' title='bbox 778 834 846 887; x_wconf 91' lang='lat' dir='ltr'>qui</span> <span class='ocrx_word' id='word_1_105' title='bbox 873 833 1105 888; x_wconf 76' lang='lat' dir='ltr'>penitencie</span> <span class='ocrx_word' id='word_1_106' title='bbox 1127 832 1366 886; x_wconf 87' lang='lat' dir='ltr'>subjacebit.</span> <span class='ocrx_word' id='word_1_107' title='bbox 1417 832 1633 889; x_wconf 86' lang='lat' dir='ltr'>Sapientes</span> <span class='ocrx_word' id='word_1_108' title='bbox 1656 834 1869 876; x_wconf 85' lang='lat' dir='ltr'>dixerunt:</span> 
     </span>
     <span class='ocr_line' id='line_1_12' title="bbox 184 903 1870 960; baseline 0.001 -14"><span class='ocrx_word' id='word_1_109' title='bbox 184 904 362 947; x_wconf 89' lang='lat' dir='ltr'>Domine</span> <span class='ocrx_word' id='word_1_110' title='bbox 386 908 555 960; x_wconf 87' lang='lat' dir='ltr'>propter</span> <span class='ocrx_word' id='word_1_111' title='bbox 588 905 708 946; x_wconf 88' lang='lat' dir='ltr'>deum</span> <span class='ocrx_word' id='word_1_112' title='bbox 732 918 924 957; x_wconf 84' lang='lat' dir='ltr'>rogamus</span> <span class='ocrx_word' id='word_1_113' title='bbox 949 917 1033 957; x_wconf 86' lang='lat' dir='ltr'>vos,</span> <span class='ocrx_word' id='word_1_114' title='bbox 1068 907 1112 945; x_wconf 84' lang='lat' dir='ltr'>ut</span> <span class='ocrx_word' id='word_1_115' title='bbox 1144 903 1227 945; x_wconf 87' lang='lat' dir='ltr'>filio</span> <span class='ocrx_word' id='word_1_116' title='bbox 1260 908 1396 946; x_wconf 82' lang='lat' dir='ltr'>vestro</span> <span class='ocrx_word' id='word_1_117' title='bbox 1429 905 1622 960; x_wconf 88' lang='lat' dir='ltr'>parcatis.</span> <span class='ocrx_word' id='word_1_118' title='bbox 1670 904 1742 947; x_wconf 88' lang='lat' dir='ltr'>Ille</span> <span class='ocrx_word' id='word_1_119' title='bbox 1773 917 1870 947; x_wconf 85' lang='lat' dir='ltr'>vero</span> 
     </span>
     <span class='ocr_line' id='line_1_13' title="bbox 185 974 1871 1032; baseline -0.001 -13"><span class='ocrx_word' id='word_1_120' title='bbox 185 977 377 1032; x_wconf 86' lang='lat' dir='ltr'>precibus</span> <span class='ocrx_word' id='word_1_121' title='bbox 418 976 602 1019; x_wconf 87' lang='lat' dir='ltr'>devictus</span> <span class='ocrx_word' id='word_1_122' title='bbox 642 978 720 1018; x_wconf 89' lang='lat' dir='ltr'>ait.</span> <span class='ocrx_word' id='word_1_123' title='bbox 763 975 990 1029; x_wconf 85' lang='lat' dir='ltr'>Carissimi,</span> <span class='ocrx_word' id='word_1_124' title='bbox 1032 989 1082 1017; x_wconf 79' lang='lat' dir='ltr'>ex</span> <span class='ocrx_word' id='word_1_125' title='bbox 1123 989 1202 1030; x_wconf 89' lang='lat' dir='ltr'>quo</span> <span class='ocrx_word' id='word_1_126' title='bbox 1244 976 1302 1018; x_wconf 86' lang='lat' dir='ltr'>ita</span> <span class='ocrx_word' id='word_1_127' title='bbox 1340 980 1414 1030; x_wconf 85' lang='lat' dir='ltr'>est,</span> <span class='ocrx_word' id='word_1_128' title='bbox 1458 976 1595 1018; x_wconf 86' lang='lat' dir='ltr'>audite</span> <span class='ocrx_word' id='word_1_129' title='bbox 1627 977 1713 1017; x_wconf 85' lang='lat' dir='ltr'>me!</span> <span class='ocrx_word' id='word_1_130' title='bbox 1753 974 1871 1018; x_wconf 86' lang='lat' dir='ltr'>Oculi</span> 
     </span>
     <span class='ocr_line' id='line_1_14' title="bbox 185 1046 1871 1091; baseline -0.002 0"><span class='ocrx_word' id='word_1_131' title='bbox 185 1049 266 1091; x_wconf 90' lang='lat' dir='ltr'>mei</span> <span class='ocrx_word' id='word_1_132' title='bbox 299 1052 395 1090; x_wconf 91' lang='lat' dir='ltr'>sunt</span> <span class='ocrx_word' id='word_1_133' title='bbox 426 1047 533 1089; x_wconf 90' lang='lat' dir='ltr'>oculi</span> <span class='ocrx_word' id='word_1_134' title='bbox 565 1047 637 1088; x_wconf 89' lang='lat' dir='ltr'>filii</span> <span class='ocrx_word' id='word_1_135' title='bbox 670 1047 750 1089; x_wconf 90' lang='lat' dir='ltr'>mei</span> <span class='ocrx_word' id='word_1_136' title='bbox 783 1052 823 1089; x_wconf 90' lang='lat' dir='ltr'>et</span> <span class='ocrx_word' id='word_1_137' title='bbox 845 1061 866 1089; x_wconf 90' lang='lat' dir='ltr'>e</span> <span class='ocrx_word' id='word_1_138' title='bbox 887 1060 1097 1089; x_wconf 86' lang='lat' dir='ltr'>converso.</span> <span class='ocrx_word' id='word_1_139' title='bbox 1146 1046 1349 1089; x_wconf 75' lang='lat' dir='ltr'>Dextrum</span> <span class='ocrx_word' id='word_1_140' title='bbox 1373 1047 1534 1089; x_wconf 87' lang='lat' dir='ltr'>oculum</span> <span class='ocrx_word' id='word_1_141' title='bbox 1558 1060 1693 1090; x_wconf 91' lang='lat' dir='ltr'>meum</span> <span class='ocrx_word' id='word_1_142' title='bbox 1717 1047 1871 1089; x_wconf 89' lang='lat' dir='ltr'>eruatis</span> 
     </span>
     <span class='ocr_line' id='line_1_15' title="bbox 186 1117 1869 1174; baseline -0.001 -12"><span class='ocrx_word' id='word_1_143' title='bbox 186 1124 226 1162; x_wconf 90' lang='lat' dir='ltr'>et</span> <span class='ocrx_word' id='word_1_144' title='bbox 257 1120 469 1161; x_wconf 87' lang='lat' dir='ltr'>sinistrum</span> <span class='ocrx_word' id='word_1_145' title='bbox 505 1117 666 1160; x_wconf 88' lang='lat' dir='ltr'>oculum</span> <span class='ocrx_word' id='word_1_146' title='bbox 699 1117 773 1159; x_wconf 88' lang='lat' dir='ltr'>filii</span> <span class='ocrx_word' id='word_1_147' title='bbox 806 1119 906 1160; x_wconf 85' lang='lat' dir='ltr'>mei!</span> <span class='ocrx_word' id='word_1_148' title='bbox 955 1118 1070 1160; x_wconf 90' lang='lat' dir='ltr'>Tunc</span> <span class='ocrx_word' id='word_1_149' title='bbox 1108 1118 1175 1160; x_wconf 78' lang='lat' dir='ltr'>lex</span> <span class='ocrx_word' id='word_1_150' title='bbox 1214 1122 1276 1160; x_wconf 87' lang='lat' dir='ltr'>est</span> <span class='ocrx_word' id='word_1_151' title='bbox 1313 1119 1496 1174; x_wconf 89' lang='lat' dir='ltr'>impleta.</span> <span class='ocrx_word' id='word_1_152' title='bbox 1544 1118 1600 1160; x_wconf 91' lang='lat' dir='ltr'>Et</span> <span class='ocrx_word' id='word_1_153' title='bbox 1630 1118 1688 1160; x_wconf 90' lang='lat' dir='ltr'>sic</span> <span class='ocrx_word' id='word_1_154' title='bbox 1715 1118 1869 1161; x_wconf 89' lang='lat' dir='ltr'>factum</span> 
     </span>
     <span class='ocr_line' id='line_1_16' title="bbox 115 1189 1597 1244; baseline 0 -13"><span class='ocrx_word' id='word_1_155' title='bbox 115 1199 157 1231; x_wconf 77' lang='grc'>15</span> <span class='ocrx_word' id='word_1_156' title='bbox 186 1195 261 1244; x_wconf 89' lang='lat' dir='ltr'>est,</span> <span class='ocrx_word' id='word_1_157' title='bbox 295 1191 402 1233; x_wconf 88' lang='lat' dir='ltr'>unde</span> <span class='ocrx_word' id='word_1_158' title='bbox 435 1203 576 1232; x_wconf 86' lang='lat' dir='ltr'>omnes</span> <span class='ocrx_word' id='word_1_159' title='bbox 608 1189 876 1244; x_wconf 80' lang='lat' dir='ltr'>prudenciam</span> <span class='ocrx_word' id='word_1_160' title='bbox 908 1190 1017 1242; x_wconf 87' lang='lat' dir='ltr'>regis</span> <span class='ocrx_word' id='word_1_161' title='bbox 1051 1194 1091 1232; x_wconf 90' lang='lat' dir='ltr'>et</span> <span class='ocrx_word' id='word_1_162' title='bbox 1116 1189 1328 1243; x_wconf 87' lang='lat' dir='ltr'>justiciam</span> <span class='ocrx_word' id='word_1_163' title='bbox 1360 1189 1597 1233; x_wconf 88' lang='lat' dir='ltr'>laudabant.</span> 
     </span>
    </p>

    <p class='ocr_par' dir='ltr' id='par_1_3' title="bbox 183 1260 1871 1530">
     <span class='ocr_line' id='line_1_17' title="bbox 301 1260 1870 1316; baseline -0.001 -12"><span class='ocrx_word' id='word_1_164' title='bbox 301 1262 539 1315; x_wconf 87' lang='lat' dir='ltr'>Carissimi,</span> <span class='ocrx_word' id='word_1_165' title='bbox 587 1261 664 1303; x_wconf 88' lang='lat' dir='ltr'>iste</span> <span class='ocrx_word' id='word_1_166' title='bbox 708 1261 936 1316; x_wconf 87' lang='lat' dir='ltr'>imperator</span> <span class='ocrx_word' id='word_1_167' title='bbox 975 1265 1038 1303; x_wconf 90' lang='lat' dir='ltr'>est</span> <span class='ocrx_word' id='word_1_168' title='bbox 1077 1261 1267 1303; x_wconf 90' lang='lat' dir='ltr'>dominus</span> <span class='ocrx_word' id='word_1_169' title='bbox 1307 1265 1448 1303; x_wconf 89' lang='lat' dir='ltr'>noster</span> <span class='ocrx_word' id='word_1_170' title='bbox 1486 1261 1627 1304; x_wconf 78' lang='lat' dir='ltr'>ihesus</span> <span class='ocrx_word' id='word_1_171' title='bbox 1668 1260 1870 1314; x_wconf 87' lang='lat' dir='ltr'>Christus,</span> 
     </span>
     <span class='ocr_line' id='line_1_18' title="bbox 184 1331 1871 1388; baseline -0.001 -13"><span class='ocrx_word' id='word_1_172' title='bbox 184 1334 253 1388; x_wconf 92' lang='lat' dir='ltr'>qui</span> <span class='ocrx_word' id='word_1_173' title='bbox 287 1334 410 1375; x_wconf 90' lang='lat' dir='ltr'>istam</span> <span class='ocrx_word' id='word_1_174' title='bbox 442 1333 573 1386; x_wconf 83' lang='lat' dir='ltr'>legem</span> <span class='ocrx_word' id='word_1_175' title='bbox 608 1332 750 1385; x_wconf 88' lang='lat' dir='ltr'>edidit,</span> <span class='ocrx_word' id='word_1_176' title='bbox 784 1332 891 1386; x_wconf 89' lang='lat' dir='ltr'>quod</span> <span class='ocrx_word' id='word_1_177' title='bbox 921 1333 955 1373; x_wconf 92' lang='lat' dir='ltr'>si</span> <span class='ocrx_word' id='word_1_178' title='bbox 986 1333 1075 1387; x_wconf 88' lang='lat' dir='ltr'>quis</span> <span class='ocrx_word' id='word_1_179' title='bbox 1100 1332 1317 1375; x_wconf 89' lang='lat' dir='ltr'>defloraret</span> <span class='ocrx_word' id='word_1_180' title='bbox 1339 1333 1539 1386; x_wconf 86' lang='lat' dir='ltr'>virginem</span> <span class='ocrx_word' id='word_1_181' title='bbox 1572 1333 1598 1374; x_wconf 88' lang='lat' dir='ltr'>i.</span> <span class='ocrx_word' id='word_1_182' title='bbox 1623 1345 1655 1375; x_wconf 92' lang='lat' dir='ltr'>e.</span> <span class='ocrx_word' id='word_1_183' title='bbox 1690 1331 1871 1374; x_wconf 89' lang='lat' dir='ltr'>animam</span> 
     </span>
     <span class='ocr_line' id='line_1_19' title="bbox 184 1403 1869 1460; baseline -0.001 -13"><span class='ocrx_word' id='word_1_184' title='bbox 184 1419 258 1460; x_wconf 88' lang='lat' dir='ltr'>per</span> <span class='ocrx_word' id='word_1_185' title='bbox 290 1405 543 1460; x_wconf 89' lang='lat' dir='ltr'>baptismum</span> <span class='ocrx_word' id='word_1_186' title='bbox 575 1403 716 1457; x_wconf 86' lang='lat' dir='ltr'>lotam,</span> <span class='ocrx_word' id='word_1_187' title='bbox 750 1403 907 1445; x_wconf 87' lang='lat' dir='ltr'>duobus</span> <span class='ocrx_word' id='word_1_188' title='bbox 940 1403 1068 1445; x_wconf 89' lang='lat' dir='ltr'>oculis</span> <span class='ocrx_word' id='word_1_189' title='bbox 1100 1417 1239 1446; x_wconf 86' lang='lat' dir='ltr'>carere</span> <span class='ocrx_word' id='word_1_190' title='bbox 1272 1404 1451 1458; x_wconf 79' lang='lat' dir='ltr'>deberet,</span> <span class='ocrx_word' id='word_1_191' title='bbox 1483 1403 1640 1446; x_wconf 88' lang='lat' dir='ltr'>scilicet</span> <span class='ocrx_word' id='word_1_192' title='bbox 1667 1403 1869 1445; x_wconf 89' lang='lat' dir='ltr'>visionem</span> 
     </span>
     <span class='ocr_line' id='line_1_20' title="bbox 183 1474 1868 1530; baseline -0.001 -12"><span class='ocrx_word' id='word_1_193' title='bbox 183 1477 367 1518; x_wconf 88' lang='lat' dir='ltr'>divinam</span> <span class='ocrx_word' id='word_1_194' title='bbox 391 1480 431 1518; x_wconf 93' lang='lat' dir='ltr'>et</span> <span class='ocrx_word' id='word_1_195' title='bbox 452 1475 624 1528; x_wconf 84' lang='lat' dir='ltr'>gloriam</span> <span class='ocrx_word' id='word_1_196' title='bbox 650 1478 832 1516; x_wconf 90' lang='lat' dir='ltr'>eternam</span> <span class='ocrx_word' id='word_1_197' title='bbox 858 1475 1031 1517; x_wconf 90' lang='lat' dir='ltr'>amittet.</span> <span class='ocrx_word' id='word_1_198' title='bbox 1080 1476 1161 1518; x_wconf 89' lang='lat' dir='ltr'>Iste</span> <span class='ocrx_word' id='word_1_199' title='bbox 1181 1475 1290 1517; x_wconf 89' lang='lat' dir='ltr'>filius</span> <span class='ocrx_word' id='word_1_200' title='bbox 1312 1476 1434 1529; x_wconf 86' lang='lat' dir='ltr'>regis,</span> <span class='ocrx_word' id='word_1_201' title='bbox 1469 1475 1539 1530; x_wconf 91' lang='lat' dir='ltr'>qui</span> <span class='ocrx_word' id='word_1_202' title='bbox 1568 1475 1701 1529; x_wconf 87' lang='lat' dir='ltr'>legem</span> <span class='ocrx_word' id='word_1_203' title='bbox 1730 1474 1868 1528; x_wconf 85' lang='lat' dir='ltr'>fregit,</span> 
     </span>
    </p>

    <p class='ocr_par' dir='ltr' id='par_1_4' title="bbox 113 1546 1868 1886">
     <span class='ocr_line' id='line_1_21' title="bbox 113 1546 1867 1601; baseline 0 -13"><span class='ocrx_word' id='word_1_204' title='bbox 113 1554 157 1588; x_wconf 77' lang='lat'>20</span> <span class='ocrx_word' id='word_1_205' title='bbox 183 1552 244 1590; x_wconf 92' lang='lat' dir='ltr'>est</span> <span class='ocrx_word' id='word_1_206' title='bbox 276 1548 411 1600; x_wconf 89' lang='lat' dir='ltr'>homo,</span> <span class='ocrx_word' id='word_1_207' title='bbox 446 1547 512 1601; x_wconf 85' lang='lat' dir='ltr'>qui</span> <span class='ocrx_word' id='word_1_208' title='bbox 547 1560 620 1601; x_wconf 91' lang='lat' dir='ltr'>per</span> <span class='ocrx_word' id='word_1_209' title='bbox 642 1550 856 1601; x_wconf 87' lang='lat' dir='ltr'>peccatum</span> <span class='ocrx_word' id='word_1_210' title='bbox 881 1547 1060 1589; x_wconf 88' lang='lat' dir='ltr'>animam</span> <span class='ocrx_word' id='word_1_211' title='bbox 1095 1546 1321 1589; x_wconf 86' lang='lat' dir='ltr'>defloravit.</span> <span class='ocrx_word' id='word_1_212' title='bbox 1371 1546 1488 1589; x_wconf 90' lang='lat' dir='ltr'>Unde</span> <span class='ocrx_word' id='word_1_213' title='bbox 1510 1559 1678 1589; x_wconf 89' lang='lat' dir='ltr'>necesse</span> <span class='ocrx_word' id='word_1_214' title='bbox 1711 1549 1786 1599; x_wconf 86' lang='lat' dir='ltr'>est,</span> <span class='ocrx_word' id='word_1_215' title='bbox 1821 1549 1867 1588; x_wconf 92' lang='lat' dir='ltr'>ut</span> 
     </span>
     <span class='ocr_line' id='line_1_22' title="bbox 182 1616 1868 1675; baseline -0.001 -15"><span class='ocrx_word' id='word_1_216' title='bbox 182 1633 331 1675; x_wconf 88' lang='lat' dir='ltr'>penam</span> <span class='ocrx_word' id='word_1_217' title='bbox 373 1618 593 1671; x_wconf 88' lang='lat' dir='ltr'>sustineat,</span> <span class='ocrx_word' id='word_1_218' title='bbox 641 1618 738 1672; x_wconf 88' lang='lat' dir='ltr'>quia</span> <span class='ocrx_word' id='word_1_219' title='bbox 777 1622 909 1659; x_wconf 89' lang='lat' dir='ltr'>mater</span> <span class='ocrx_word' id='word_1_220' title='bbox 949 1618 1121 1661; x_wconf 88' lang='lat' dir='ltr'>ecclesia</span> <span class='ocrx_word' id='word_1_221' title='bbox 1169 1619 1219 1660; x_wconf 88' lang='lat' dir='ltr'>ad</span> <span class='ocrx_word' id='word_1_222' title='bbox 1261 1619 1380 1660; x_wconf 88' lang='lat' dir='ltr'>deum</span> <span class='ocrx_word' id='word_1_223' title='bbox 1422 1618 1574 1660; x_wconf 90' lang='lat' dir='ltr'>clamat</span> <span class='ocrx_word' id='word_1_224' title='bbox 1612 1616 1783 1671; x_wconf 84' lang='lat' dir='ltr'>cotidie,</span> <span class='ocrx_word' id='word_1_225' title='bbox 1823 1619 1868 1659; x_wconf 91' lang='lat' dir='ltr'>ut</span> 
     </span>
     <span class='ocr_line' id='line_1_23' title="bbox 182 1688 1866 1746; baseline -0.001 -14"><span class='ocrx_word' id='word_1_226' title='bbox 182 1690 303 1732; x_wconf 89' lang='lat' dir='ltr'>homo</span> <span class='ocrx_word' id='word_1_227' title='bbox 337 1704 379 1732; x_wconf 86' lang='lat' dir='ltr'>se</span> <span class='ocrx_word' id='word_1_228' title='bbox 412 1689 603 1731; x_wconf 90' lang='lat' dir='ltr'>emendet</span> <span class='ocrx_word' id='word_1_229' title='bbox 640 1689 682 1730; x_wconf 91' lang='lat' dir='ltr'>in</span> <span class='ocrx_word' id='word_1_230' title='bbox 715 1689 790 1731; x_wconf 90' lang='lat' dir='ltr'>hoc</span> <span class='ocrx_word' id='word_1_231' title='bbox 822 1689 986 1731; x_wconf 85' lang='lat' dir='ltr'>mortali</span> <span class='ocrx_word' id='word_1_232' title='bbox 1018 1703 1201 1746; x_wconf 83' lang='lat' dir='ltr'>corpore.</span> <span class='ocrx_word' id='word_1_233' title='bbox 1251 1689 1384 1732; x_wconf 87' lang='lat' dir='ltr'>Ysai.:</span> <span class='ocrx_word' id='word_1_234' title='bbox 1418 1688 1580 1731; x_wconf 85' lang='lat' dir='ltr'>Clama!</span> <span class='ocrx_word' id='word_1_235' title='bbox 1620 1688 1681 1731; x_wconf 91' lang='lat' dir='ltr'>Ne</span> <span class='ocrx_word' id='word_1_236' title='bbox 1712 1689 1866 1731; x_wconf 84' lang='lat' dir='ltr'>cesses!</span> 
     </span>
     <span class='ocr_line' id='line_1_24' title="bbox 184 1760 1868 1816; baseline -0.001 -12"><span class='ocrx_word' id='word_1_237' title='bbox 184 1761 309 1812; x_wconf 82' lang='lat' dir='ltr'>Quasi</span> <span class='ocrx_word' id='word_1_238' title='bbox 342 1761 440 1803; x_wconf 91' lang='lat' dir='ltr'>tuba</span> <span class='ocrx_word' id='word_1_239' title='bbox 473 1760 611 1803; x_wconf 78' lang='lat' dir='ltr'>exalta</span> <span class='ocrx_word' id='word_1_240' title='bbox 642 1773 782 1802; x_wconf 86' lang='lat' dir='ltr'>vocem</span> <span class='ocrx_word' id='word_1_241' title='bbox 815 1762 949 1802; x_wconf 83' lang='lat' dir='ltr'>tuam!</span> <span class='ocrx_word' id='word_1_242' title='bbox 998 1761 1228 1816; x_wconf 84' lang='lat' dir='ltr'>Imperator</span> <span class='ocrx_word' id='word_1_243' title='bbox 1260 1775 1385 1803; x_wconf 92' lang='lat' dir='ltr'>unum</span> <span class='ocrx_word' id='word_1_244' title='bbox 1419 1760 1580 1803; x_wconf 91' lang='lat' dir='ltr'>oculum</span> <span class='ocrx_word' id='word_1_245' title='bbox 1605 1760 1757 1813; x_wconf 89' lang='lat' dir='ltr'>amisit,</span> <span class='ocrx_word' id='word_1_246' title='bbox 1790 1760 1868 1802; x_wconf 89' lang='grc'>801-</span> 
     </span>
     <span class='ocr_line' id='line_1_25' title="bbox 182 1831 1866 1886; baseline -0.001 -12"><span class='ocrx_word' id='word_1_247' title='bbox 182 1832 279 1875; x_wconf 88' lang='lat' dir='ltr'>licet</span> <span class='ocrx_word' id='word_1_248' title='bbox 317 1833 508 1874; x_wconf 86' lang='lat' dir='ltr'>dominus</span> <span class='ocrx_word' id='word_1_249' title='bbox 549 1832 690 1874; x_wconf 88' lang='lat' dir='ltr'>Ihesus</span> <span class='ocrx_word' id='word_1_250' title='bbox 730 1831 938 1886; x_wconf 88' lang='lat' dir='ltr'>Christus,</span> <span class='ocrx_word' id='word_1_251' title='bbox 987 1837 1033 1874; x_wconf 94' lang='lat' dir='ltr'>ut</span> <span class='ocrx_word' id='word_1_252' title='bbox 1071 1836 1232 1874; x_wconf 90' lang='lat' dir='ltr'>tantum</span> <span class='ocrx_word' id='word_1_253' title='bbox 1281 1845 1407 1873; x_wconf 91' lang='lat' dir='ltr'>unum</span> <span class='ocrx_word' id='word_1_254' title='bbox 1448 1831 1611 1873; x_wconf 90' lang='lat' dir='ltr'>oculum</span> <span class='ocrx_word' id='word_1_255' title='bbox 1656 1831 1866 1884; x_wconf 88' lang='lat' dir='ltr'>retineret,</span> 
     </span>
    </p>

    <p class='ocr_par' dir='ltr' id='par_1_5' title="bbox 113 1901 1867 2101">
     <span class='ocr_line' id='line_1_26' title="bbox 113 1901 1866 1959; baseline -0.003 -11"><span class='ocrx_word' id='word_1_256' title='bbox 113 1914 157 1948; x_wconf 81' lang='lat'>25</span> <span class='ocrx_word' id='word_1_257' title='bbox 184 1904 345 1958; x_wconf 88' lang='lat' dir='ltr'>quando</span> <span class='ocrx_word' id='word_1_258' title='bbox 379 1904 506 1945; x_wconf 90' lang='lat' dir='ltr'>vitam</span> <span class='ocrx_word' id='word_1_259' title='bbox 540 1917 614 1958; x_wconf 88' lang='lat' dir='ltr'>pro</span> <span class='ocrx_word' id='word_1_260' title='bbox 646 1903 764 1945; x_wconf 89' lang='lat' dir='ltr'>nobis</span> <span class='ocrx_word' id='word_1_261' title='bbox 797 1903 1003 1959; x_wconf 76' lang='lat' dir='ltr'>exposuit,</span> <span class='ocrx_word' id='word_1_262' title='bbox 1037 1908 1078 1946; x_wconf 91' lang='lat' dir='ltr'>et</span> <span class='ocrx_word' id='word_1_263' title='bbox 1107 1904 1199 1945; x_wconf 89' lang='lat' dir='ltr'>ideo</span> <span class='ocrx_word' id='word_1_264' title='bbox 1232 1907 1395 1958; x_wconf 85' lang='lat' dir='ltr'>oportet</span> <span class='ocrx_word' id='word_1_265' title='bbox 1425 1917 1500 1945; x_wconf 89' lang='lat' dir='ltr'>nos</span> <span class='ocrx_word' id='word_1_266' title='bbox 1530 1916 1672 1945; x_wconf 89' lang='lat' dir='ltr'>eruere</span> <span class='ocrx_word' id='word_1_267' title='bbox 1704 1901 1866 1944; x_wconf 89' lang='lat' dir='ltr'>oculum</span> 
     </span>
     <span class='ocr_line' id='line_1_27' title="bbox 184 1973 1867 2030; baseline -0.001 -14"><span class='ocrx_word' id='word_1_268' title='bbox 184 1975 399 2017; x_wconf 87' lang='lat' dir='ltr'>sinistrum</span> <span class='ocrx_word' id='word_1_269' title='bbox 432 1974 507 2017; x_wconf 87' lang='lat' dir='ltr'>hoc</span> <span class='ocrx_word' id='word_1_270' title='bbox 540 1979 601 2016; x_wconf 89' lang='lat' dir='ltr'>est</span> <span class='ocrx_word' id='word_1_271' title='bbox 633 1988 774 2016; x_wconf 88' lang='lat' dir='ltr'>omnes</span> <span class='ocrx_word' id='word_1_272' title='bbox 797 1975 1158 2030; x_wconf 87' lang='lat' dir='ltr'>concupiscencias</span> <span class='ocrx_word' id='word_1_273' title='bbox 1189 1975 1215 2016; x_wconf 93' lang='lat' dir='ltr'>i.</span> <span class='ocrx_word' id='word_1_274' title='bbox 1241 1989 1274 2017; x_wconf 93' lang='lat' dir='ltr'>e.</span> <span class='ocrx_word' id='word_1_275' title='bbox 1298 1975 1433 2017; x_wconf 87' lang='lat' dir='ltr'>carnis</span> <span class='ocrx_word' id='word_1_276' title='bbox 1466 1974 1634 2017; x_wconf 85' lang='lat' dir='ltr'>delicias</span> <span class='ocrx_word' id='word_1_277' title='bbox 1655 1987 1730 2029; x_wconf 85' lang='lat' dir='ltr'>per</span> <span class='ocrx_word' id='word_1_278' title='bbox 1751 1973 1867 2029; x_wconf 89' lang='lat' dir='ltr'>peni-</span> 
     </span>
     <span class='ocr_line' id='line_1_28' title="bbox 182 2045 1780 2101; baseline -0.001 -13"><span class='ocrx_word' id='word_1_279' title='bbox 182 2046 360 2088; x_wconf 87' lang='lat' dir='ltr'>tenciam</span> <span class='ocrx_word' id='word_1_280' title='bbox 394 2046 529 2088; x_wconf 88' lang='lat' dir='ltr'>delere</span> <span class='ocrx_word' id='word_1_281' title='bbox 562 2049 602 2088; x_wconf 90' lang='lat' dir='ltr'>et</span> <span class='ocrx_word' id='word_1_282' title='bbox 633 2046 692 2088; x_wconf 90' lang='lat' dir='ltr'>sic</span> <span class='ocrx_word' id='word_1_283' title='bbox 723 2059 796 2101; x_wconf 90' lang='lat' dir='ltr'>per</span> <span class='ocrx_word' id='word_1_284' title='bbox 828 2058 1082 2100; x_wconf 86' lang='lat' dir='ltr'>consequens</span> <span class='ocrx_word' id='word_1_285' title='bbox 1115 2047 1240 2088; x_wconf 89' lang='lat' dir='ltr'>vitam</span> <span class='ocrx_word' id='word_1_286' title='bbox 1276 2050 1461 2089; x_wconf 88' lang='lat' dir='ltr'>eternam</span> <span class='ocrx_word' id='word_1_287' title='bbox 1493 2045 1780 2088; x_wconf 89' lang='lat' dir='ltr'>obtinebimus.</span> 
     </span>
    </p>
   </div>
   <div class='ocr_carea' id='block_1_3' title="bbox 847 2276 1210 2329">
    <p class='ocr_par' dir='ltr' id='par_1_6' title="bbox 847 2276 1210 2329">
     <span class='ocr_line' id='line_1_29' title="bbox 847 2276 1210 2329; baseline 0 -11"><span class='ocrx_word' id='word_1_288' title='bbox 847 2276 949 2319; x_wconf 63' lang='lat' dir='ltr'>off.</span> <span class='ocrx_word' id='word_1_289' title='bbox 975 2278 1042 2318; x_wconf 79' lang='lat'>51.</span> <span class='ocrx_word' id='word_1_290' title='bbox 1077 2278 1210 2329; x_wconf 83' lang='lat'>(146.)</span> 
     </span>
    </p>
   </div>
   <div class='ocr_carea' id='block_1_4' title="bbox 712 2363 1326 2424">
    <p class='ocr_par' dir='ltr' id='par_1_7' title="bbox 712 2363 1326 2424">
     <span class='ocr_line' id='line_1_30' title="bbox 712 2363 1326 2424; baseline 0 -15"><span class='ocrx_word' id='word_1_291' title='bbox 712 2364 784 2409; x_wconf 74' lang='lat' dir='ltr'>De</span> <span class='ocrx_word' id='word_1_292' title='bbox 821 2363 995 2424; x_wconf 75' lang='lat' dir='ltr'>injustis</span> <span class='ocrx_word' id='word_1_293' title='bbox 1033 2363 1326 2409; x_wconf 69' lang='lat' dir='ltr'>exactoribus.</span> 
     </span>
    </p>
   </div>
   <div class='ocr_carea' id='block_1_5' title="bbox 113 2471 1914 3027">
    <p class='ocr_par' dir='ltr' id='par_1_8' title="bbox 113 2471 1914 2813">
     <span class='ocr_line' id='line_1_31' title="bbox 113 2471 1866 2527; baseline -0.001 -12"><span class='ocrx_word' id='word_1_294' title='bbox 113 2482 158 2515; x_wconf 81' lang='lat'>30</span> <span class='ocrx_word' id='word_1_295' title='bbox 302 2472 442 2514; x_wconf 86' lang='lat' dir='ltr'>Refert</span> <span class='ocrx_word' id='word_1_296' title='bbox 479 2472 705 2527; x_wconf 81' lang='lat' dir='ltr'>Josephus,</span> <span class='ocrx_word' id='word_1_297' title='bbox 754 2473 861 2526; x_wconf 92' lang='lat' dir='ltr'>quod</span> <span class='ocrx_word' id='word_1_298' title='bbox 901 2472 1090 2515; x_wconf 89' lang='lat' dir='ltr'>Tiberius</span> <span class='ocrx_word' id='word_1_299' title='bbox 1130 2471 1257 2514; x_wconf 88' lang='lat' dir='ltr'>Cesar</span> <span class='ocrx_word' id='word_1_300' title='bbox 1301 2472 1543 2527; x_wconf 82' lang='lat' dir='ltr'>requisitus,</span> <span class='ocrx_word' id='word_1_301' title='bbox 1588 2484 1661 2514; x_wconf 87' lang='lat' dir='ltr'>cur</span> <span class='ocrx_word' id='word_1_302' title='bbox 1699 2471 1866 2527; x_wconf 87' lang='lat' dir='ltr'>provin-</span> 
     </span>
     <span class='ocr_line' id='line_1_32' title="bbox 185 2542 1914 2599; baseline -0.001 -14"><span class='ocrx_word' id='word_1_303' title='bbox 185 2545 341 2586; x_wconf 89' lang='lat' dir='ltr'>ciarum</span> <span class='ocrx_word' id='word_1_304' title='bbox 392 2544 578 2599; x_wconf 86' lang='lat' dir='ltr'>presides</span> <span class='ocrx_word' id='word_1_305' title='bbox 628 2543 696 2585; x_wconf 82' lang='lat' dir='ltr'>diu</span> <span class='ocrx_word' id='word_1_306' title='bbox 743 2548 901 2586; x_wconf 85' lang='lat' dir='ltr'>teneret</span> <span class='ocrx_word' id='word_1_307' title='bbox 939 2545 981 2586; x_wconf 90' lang='lat' dir='ltr'>in</span> <span class='ocrx_word' id='word_1_308' title='bbox 1023 2544 1188 2597; x_wconf 85' lang='lat' dir='ltr'>officiis,</span> <span class='ocrx_word' id='word_1_309' title='bbox 1237 2543 1453 2599; x_wconf 88' lang='lat' dir='ltr'>respondit</span> <span class='ocrx_word' id='word_1_310' title='bbox 1490 2556 1563 2598; x_wconf 90' lang='lat' dir='ltr'>per</span> <span class='ocrx_word' id='word_1_311' title='bbox 1609 2542 1864 2598; x_wconf 82' lang='lat' dir='ltr'>exemplum:</span> <span class='ocrx_word' id='word_1_312' title='bbox 1907 2552 1914 2555; x_wconf 65' lang='grc'><strong>“</strong></span> 
     </span>
     <span class='ocr_line' id='line_1_33' title="bbox 185 2613 1866 2670; baseline -0.001 -14"><span class='ocrx_word' id='word_1_313' title='bbox 185 2615 294 2668; x_wconf 85' lang='lat' dir='ltr'>Vidi,</span> <span class='ocrx_word' id='word_1_314' title='bbox 328 2616 475 2670; x_wconf 85' lang='lat' dir='ltr'>inquit,</span> <span class='ocrx_word' id='word_1_315' title='bbox 510 2615 753 2669; x_wconf 87' lang='lat' dir='ltr'>quandoque</span> <span class='ocrx_word' id='word_1_316' title='bbox 792 2616 998 2657; x_wconf 88' lang='lat' dir='ltr'>hominem</span> <span class='ocrx_word' id='word_1_317' title='bbox 1033 2614 1242 2657; x_wconf 88' lang='lat' dir='ltr'>infirmum</span> <span class='ocrx_word' id='word_1_318' title='bbox 1275 2615 1478 2657; x_wconf 88' lang='lat' dir='ltr'>ulceribus</span> <span class='ocrx_word' id='word_1_319' title='bbox 1516 2614 1683 2670; x_wconf 88' lang='lat' dir='ltr'>plenum</span> <span class='ocrx_word' id='word_1_320' title='bbox 1713 2613 1866 2655; x_wconf 90' lang='lat' dir='ltr'>muscis</span> 
     </span>
     <span class='ocr_line' id='line_1_34' title="bbox 184 2684 1865 2742; baseline 0 -15"><span class='ocrx_word' id='word_1_321' title='bbox 184 2691 415 2739; x_wconf 85' lang='lat' dir='ltr'>gravatum,</span> <span class='ocrx_word' id='word_1_322' title='bbox 449 2687 515 2728; x_wconf 90' lang='lat' dir='ltr'>cui</span> <span class='ocrx_word' id='word_1_323' title='bbox 538 2699 629 2728; x_wconf 90' lang='lat' dir='ltr'>cum</span> <span class='ocrx_word' id='word_1_324' title='bbox 652 2699 725 2741; x_wconf 88' lang='lat' dir='ltr'>per</span> <span class='ocrx_word' id='word_1_325' title='bbox 747 2686 908 2740; x_wconf 83' lang='lat' dir='ltr'>flagella</span> <span class='ocrx_word' id='word_1_326' title='bbox 930 2700 1092 2728; x_wconf 88' lang='lat' dir='ltr'>muscas</span> <span class='ocrx_word' id='word_1_327' title='bbox 1115 2687 1376 2742; x_wconf 82' lang='lat' dir='ltr'>expellerem,</span> <span class='ocrx_word' id='word_1_328' title='bbox 1410 2686 1515 2728; x_wconf 80' lang='lat' dir='ltr'>dixit</span> <span class='ocrx_word' id='word_1_329' title='bbox 1536 2685 1679 2728; x_wconf 87' lang='lat' dir='ltr'>michi:</span> <span class='ocrx_word' id='word_1_330' title='bbox 1719 2684 1865 2740; x_wconf 88' lang='lat' dir='ltr'>Dupli-</span> 
     </span>
     <span class='ocr_line' id='line_1_35' title="bbox 186 2756 1866 2813; baseline 0 -15"><span class='ocrx_word' id='word_1_331' title='bbox 186 2758 287 2799; x_wconf 86' lang='lat' dir='ltr'>citer</span> <span class='ocrx_word' id='word_1_332' title='bbox 318 2771 385 2799; x_wconf 92' lang='lat' dir='ltr'>me</span> <span class='ocrx_word' id='word_1_333' title='bbox 417 2758 590 2811; x_wconf 82' lang='lat' dir='ltr'>crucias,</span> <span class='ocrx_word' id='word_1_334' title='bbox 624 2757 730 2799; x_wconf 88' lang='lat' dir='ltr'>unde</span> <span class='ocrx_word' id='word_1_335' title='bbox 763 2772 827 2799; x_wconf 91' lang='lat' dir='ltr'>me</span> <span class='ocrx_word' id='word_1_336' title='bbox 858 2758 1061 2799; x_wconf 88' lang='lat' dir='ltr'>consolari</span> <span class='ocrx_word' id='word_1_337' title='bbox 1090 2761 1223 2813; x_wconf 88' lang='lat' dir='ltr'>putas,</span> <span class='ocrx_word' id='word_1_338' title='bbox 1257 2757 1457 2812; x_wconf 83' lang='lat' dir='ltr'>abigendo</span> <span class='ocrx_word' id='word_1_339' title='bbox 1480 2769 1642 2798; x_wconf 86' lang='lat' dir='ltr'>muscas</span> <span class='ocrx_word' id='word_1_340' title='bbox 1667 2756 1866 2810; x_wconf 87' lang='lat' dir='ltr'>sanguine</span> 
     </span>
    </p>

    <p class='ocr_par' dir='ltr' id='par_1_9' title="bbox 113 2827 1867 3027">
     <span class='ocr_line' id='line_1_36' title="bbox 113 2827 1867 2883; baseline -0.001 -12"><span class='ocrx_word' id='word_1_341' title='bbox 113 2837 158 2871; x_wconf 84' lang='lat'>35</span> <span class='ocrx_word' id='word_1_342' title='bbox 185 2842 275 2869; x_wconf 92' lang='lat' dir='ltr'>meo</span> <span class='ocrx_word' id='word_1_343' title='bbox 315 2829 458 2883; x_wconf 86' lang='lat' dir='ltr'>plenas</span> <span class='ocrx_word' id='word_1_344' title='bbox 499 2834 540 2871; x_wconf 87' lang='lat' dir='ltr'>et</span> <span class='ocrx_word' id='word_1_345' title='bbox 576 2829 822 2870; x_wconf 86' lang='lat' dir='ltr'>remittendo</span> <span class='ocrx_word' id='word_1_346' title='bbox 862 2843 1011 2871; x_wconf 83' lang='lat' dir='ltr'>vacuas</span> <span class='ocrx_word' id='word_1_347' title='bbox 1052 2833 1093 2871; x_wconf 88' lang='lat' dir='ltr'>et</span> <span class='ocrx_word' id='word_1_348' title='bbox 1138 2829 1361 2871; x_wconf 87' lang='lat' dir='ltr'>famelicas.</span> <span class='ocrx_word' id='word_1_349' title='bbox 1423 2827 1522 2878; x_wconf 86' lang='lat' dir='ltr'>Quis</span> <span class='ocrx_word' id='word_1_350' title='bbox 1560 2828 1667 2870; x_wconf 89' lang='lat' dir='ltr'>enim</span> <span class='ocrx_word' id='word_1_351' title='bbox 1708 2827 1867 2869; x_wconf 88' lang='lat' dir='ltr'>dubitet</span> 
     </span>
     <span class='ocr_line' id='line_1_37' title="bbox 185 2898 1864 2954; baseline 0 -14"><span class='ocrx_word' id='word_1_352' title='bbox 185 2899 371 2941; x_wconf 88' lang='lat' dir='ltr'>aculeum</span> <span class='ocrx_word' id='word_1_353' title='bbox 403 2914 542 2942; x_wconf 83' lang='lat' dir='ltr'>musce</span> <span class='ocrx_word' id='word_1_354' title='bbox 572 2900 760 2941; x_wconf 88' lang='lat' dir='ltr'>famelice</span> <span class='ocrx_word' id='word_1_355' title='bbox 793 2900 1011 2954; x_wconf 86' lang='lat' dir='ltr'>dupliciter</span> <span class='ocrx_word' id='word_1_356' title='bbox 1046 2899 1162 2954; x_wconf 80' lang='lat'><strong>[124]</strong></span> <span class='ocrx_word' id='word_1_357' title='bbox 1199 2899 1381 2954; x_wconf 85' lang='lat' dir='ltr'>affligere</span> <span class='ocrx_word' id='word_1_358' title='bbox 1411 2899 1544 2953; x_wconf 88' lang='lat' dir='ltr'>magis</span> <span class='ocrx_word' id='word_1_359' title='bbox 1577 2912 1697 2954; x_wconf 89' lang='lat' dir='ltr'>quam</span> <span class='ocrx_word' id='word_1_360' title='bbox 1730 2898 1864 2954; x_wconf 89' lang='lat' dir='ltr'>plene,</span> 
     </span>
     <span class='ocr_line' id='line_1_38' title="bbox 186 2970 1404 3027; baseline 0.001 -16"><span class='ocrx_word' id='word_1_361' title='bbox 186 2970 265 3011; x_wconf 89' lang='lat' dir='ltr'>nisi</span> <span class='ocrx_word' id='word_1_362' title='bbox 298 2970 379 3024; x_wconf 82' lang='lat' dir='ltr'>ille,</span> <span class='ocrx_word' id='word_1_363' title='bbox 415 2972 483 3025; x_wconf 90' lang='lat' dir='ltr'>qui</span> <span class='ocrx_word' id='word_1_364' title='bbox 515 2985 584 3013; x_wconf 89' lang='lat' dir='ltr'>cor</span> <span class='ocrx_word' id='word_1_365' title='bbox 615 2971 824 3027; x_wconf 88' lang='lat' dir='ltr'>lapideum</span> <span class='ocrx_word' id='word_1_366' title='bbox 857 2971 981 3013; x_wconf 89' lang='lat' dir='ltr'>habet</span> <span class='ocrx_word' id='word_1_367' title='bbox 1013 2976 1053 3013; x_wconf 92' lang='lat' dir='ltr'>et</span> <span class='ocrx_word' id='word_1_368' title='bbox 1083 2985 1165 3013; x_wconf 89' lang='lat' dir='ltr'>non</span> <span class='ocrx_word' id='word_1_369' title='bbox 1198 2984 1404 3013; x_wconf 88' lang='lat' dir='ltr'>carneum.</span> 
     </span>
    </p>
   </div>
  </div>
 </body>
</html>
