1919 3157
873 57 954 97 357

753 181 853 220 (tw.
880 180 946 220 257.
978 182 1080 230 (4¹³.)

667 266 739 310 De
772 266 1042 325 pezjfhetc'one
1079 268 1171 311 vite.

195 374 310 415 Titus
350 374 390 415 in
432 374 597 415 civitate
640 388 809 415 romana
849 375 1055 427 regnavit,
1099 374 1166 428 qni
1208 374 1354 415 statuit
1395 388 1466 428 pro
1499 374 1608 426 lege,
1649 373 1756 427 quod

77 445 164 487 (lies
206 445 467 500 primogeniti
501 446 562 486 sui
604 445 652 486 ab
686 445 874 486 omnibus
907 445 1256 495 sanctificaretur,
1299 448 1338 484 et
1370 445 1615 498 quii-umque
1649 444 1755 485 (liem

78 516 306 558 nativitatis
338 515 411 557 filii
444 517 506 557 sui
542 529 612 570 per
645 530 747 571 opus
790 516 937 558 servile
971 516 1163 568 violaret,
1205 518 1336 556 morte
1370 520 1610 556 moreretur.
1659 514 1798 557 Pro-‘Z

78 586 262 640 mulgata
300 586 388 639 lege
430 588 591 628 vocavit
631 588 874 639 magistrum
908 587 1125 639 Virgilium
1168 590 1207 627 et
1246 586 1322 626 ait:
1358 586 1599 638 Carissime,
1633 586 1755 627 talem

77 657 208 712 legem
242 658 370 709 edidi3
406 663 688 700 verumtamen
722 672 819 713 sepe
853 659 892 699 in
917 658 1074 700 occulto
1098 660 1291 713 poterunt
1315 655 1517 711 [peccata]
1543 657 1757 708 committi,

79 729 129 771 ad
177 742 349 783 quorum
396 729 589 770 noticiam
641 730 853 784 pervenire
900 743 980 770 non
1022 733 1177 784 potero.
1231 727 1437 781 Rogamus
1478 741 1573 780 ergo
1615 732 1675 780 te,
1717 731 1761 768 ut

77 799 299 842 secundum
335 800 578 842 industriam
613 805 724 842 tuam
761 801 938 855 aliquam
975 804 1102 842 artem
1137 799 1336 850 invenias,
1371 812 1443 853 per
1472 812 1592 853 quam
1618 802 1759 853 potero

79 871 258 927 experiri
306 871 446 925 quales
493 872 575 912 sint
625 872 703 923 illi,
755 872 822 926 qui
871 875 1012 913 contra
1059 871 1190 923 legem
1241 870 1494 924 delinquunt.
1551 869 1625 910 Ait
1671 868 1757 910 ille:

77 943 273 995 Domine,
314 942 386 984 fiat
428 942 616 984 voluntas
657 948 804 985 vestra.
855 942 1002 984 Statim
1039 942 1234 995 Virgilius
1269 945 1354 982 arte
1387 941 1549 993 magica
1580 944 1760 981 statuam

78 1014 120 1056 in
158 1014 294 1056 medio
334 1014 512 1055 civitatis
551 1014 639 1056 fieri
679 1014 786 1056 fecit.
847 1013 992 1055 Statua
1032 1013 1104 1054 illa
1144 1012 1282 1054 omnia
1321 1016 1490 1066 peccata
1529 1010 1686 1052 occulta
1717 1011 1759 1052 in

78 1085 148 1127 illo
181 1085 245 1127 die
277 1085 497 1127 commissa
529 1085 768 1140 imperatori
802 1085 937 1127 (licere
970 1083 1146 1136 solebat,
1186 1088 1225 1125 et
1257 1084 1315 1125 sie
1347 1096 1419 1138 per
1452 1082 1760 1124 accusacionem

78 1160 212 1198 statue
251 1156 366 1211 quasi
408 1156 555 1197 infiniti
600 1156 785 1198 homines
824 1160 941 1198 erant
981 1155 1283 1210 condempnati.
1332 1153 1434 1195 Erat
1465 1160 1560 1195 tunc
1594 1153 1758 1208 quidam

78 1227 193 1270 faber
224 1228 265 1268 in
298 1227 463 1268 civitate
497 1228 661 1269 nomine
694 1227 846 1281 Foseus,
888 1228 956 1282 qui
996 1227 1037 1268 in
1072 1226 1140 1267 illo
1175 1226 1240 1267 die
1273 1225 1380 1267 sicut
1411 1225 1450 1266 in
1485 1225 1631 1266 ceteris
1664 1237 1761 1279 ope-

78 1303 191 1340 ratus
227 1303 299 1340 est.
349 1298 449 1340 Cum
486 1302 620 1340 autem
656 1299 780 1340 semel
813 1300 854 1340 in
888 1302 1019 1340 stratu
1046 1311 1118 1339 suo
1137 1297 1349 1351 jacuisset,
1385 1296 1528 1338 intime
1550 1295 1759 1349 cogitavit,

79 1370 282 1425 quomodo
315 1383 389 1425 per
422 1371 728 1411 accusacionem
762 1374 894 1412 statne
928 1369 1047 1410 multi
1081 1369 1374 1410 moriebantur.
1427 1367 1548 1409 Mane
1581 1367 1762 1408 surrexit

81 1447 119 1484 et
144 1442 193 1483 ad
216 1445 394 1484 statuam
419 1442 603 1497 perrexit
625 1446 665 1484 et
687 1442 762 1483 ait:
799 1442 830 1483 O
854 1445 1003 1492 statua,
1037 1444 1186 1493 statua,
1222 1453 1294 1494 per
1316 1444 1428 1481 tuam
1453 1439 1760 1481 accusaeionem

80 1513 198 1555 multi
236 1517 331 1555 sunt
369 1513 491 1568 positi
540 1513 589 1554 ad
632 1518 818 1555 mortem.
865 1512 1001 1554 Voveo
1042 1512 1116 1553 deo
1159 1524 1269 1564 meo,
1311 1512 1344 1552 si
1385 1524 1450 1552 me
1490 1511 1760 1563 accusaveris,

79 1589 203 1639 caput
241 1588 358 1626 tuum
400 1584 602 1637 frangam.
652 1584 742 1625 [liis
776 1584 895 1625 (lictis
928 1584 1093 1624 domum
1128 1583 1324 1637 perrexit.
1373 1582 1485 1624 Hora
1516 1582 1652 1636 prima
1684 1582 1760 1623 im—

81 1658 245 1710 perator
283 1656 389 1697 sicut
428 1656 572 1697 solitus
606 1661 694 1698 erat
724 1656 894 1697 nuncios
927 1668 1021 1696 suos
1061 1655 1110 1696 ad
1143 1658 1323 1696 statuam
1357 1653 1598 1706 destinavit,
1632 1656 1678 1693 ut
1709 1653 1760 1695 ab

80 1740 128 1769 ea
167 1729 404 1781 quererent,
447 1727 479 1768 si
521 1726 669 1781 aliquis
709 1731 852 1768 contra
891 1726 1021 1778 legem
1063 1727 1350 1768 commisisset.
1405 1724 1507 1767 Cum
1541 1727 1676 1766 autem
1711 1723 1760 1765 ad

79 1801 256 1840 statuam
300 1798 507 1839 venissent
555 1802 594 1839 et
645 1798 896 1840 voluntatem
942 1797 1202 1852 imperatoris
1242 1797 1464 1849 dixissent,
1506 1796 1563 1837 ait
1603 1798 1759 1836 statua:

79 1869 307 1921 Carissimi,
341 1868 472 1911 levate
505 1869 643 1910 oculos
676 1873 834 1911 vestros
867 1873 908 1911 et
940 1869 1095 1921 videte,
1130 1882 1208 1923 que
1240 1868 1395 1923 scripta
1426 1871 1522 1909 sunt
1554 1867 1594 1907 in
1627 1866 1761 1907 fronte

78 1954 182 1983 mea.
232 1940 295 1982 Illi
329 1954 423 1982 vero
457 1953 546 1981 cum
582 1941 719 1982 oculos
741 1941 962 1993 levassent,
994 1940 1075 1981 tria
1095 1940 1136 1981 in
1159 1940 1294 1981 fronte
1317 1940 1402 1993 ejus
1425 1938 1533 1980 clare
1555 1937 1760 1989 viderunt,

80 2012 256 2054 scilicet:
290 2012 495 2066 Tempora
528 2015 752 2065 mutantur,
787 2012 971 2053 homines
995 2011 1310 2063 deteriorantur,
1346 2010 1414 2064 qui
1448 2008 1624 2050 voluerit
1655 2007 1761 2050 veri-

79 2087 206 2125 tatem
239 2083 373 2125 dicere
406 2087 531 2137 caput
560 2083 733 2125 fractum
770 2083 946 2125 habebit.
998 2082 1054 2124 lte
1087 2083 1252 2123 domino
1287 2085 1421 2123 vestro
1444 2080 1649 2132 nunciate,
1684 2092 1760 2133 que

80 2154 242 2196 vidistis
281 2158 321 2196 et
359 2153 530 2208 legistis.
583 2152 705 2209 [42b]
742 2154 888 2196 Nuncii
934 2158 1204 2208 perrexerunt
1247 2158 1286 2194 et
1318 2152 1456 2193 omnia
1489 2151 1654 2193 domino
1688 2163 1759 2192 suo

79 2225 320 2268 retulerunt.
372 2225 599 2280 Imperator
638 2239 730 2267 cum
770 2225 845 2267 hoc
883 2225 1085 2277 audisset,
1126 2224 1312 2280 precepit
1342 2223 1544 2265 militibus
1577 2223 1682 2275 suis,
1715 2226 1762 2263 ut

81 2311 123 2339 se
162 2301 371 2339 armarent
412 2301 452 2338 et
489 2297 542 2338 ad
581 2301 759 2338 statuam
802 2300 1040 2352 pergerent,
1082 2300 1122 2338 et
1154 2296 1188 2337 si
1223 2295 1369 2349 aliquis
1403 2298 1546 2336 eontra
1578 2297 1756 2335 statuam

82 2369 235 2424 aliquid
273 2369 446 2421 faceret,
490 2381 581 2409 eum
621 2367 760 2421 ligatis
801 2367 991 2409 manibus
1031 2370 1071 2408 et
1110 2367 1282 2421 pedibus
1325 2366 1375 2407 ad
1416 2379 1505 2407 eum
1552 2365 1758 2406 ducerent.

80 2440 233 2483 Milites
267 2440 317 2482 ad
350 2443 529 2481 statuam
561 2443 842 2494 perrexerunt,
876 2438 1076 2479 dicentes:
1110 2437 1249 2480 Placet
1270 2437 1524 2492 imperatori,
1558 2440 1604 2478 ut
1625 2438 1761 2477 osten-

82 2512 188 2554 datis
220 2512 332 2565 illos,
373 2512 441 2565 qui
473 2515 615 2551 contra
647 2510 778 2562 legem
821 2510 1135 2561 commiserunt,
1177 2512 1218 2550 et
1249 2508 1389 2562 quales
1422 2511 1539 2550 erant
1570 2506 1651 2558 illi,
1693 2505 1761 2559 qui

82 2584 215 2625 minas
254 2583 450 2625 fecerunt.
499 2582 571 2623 Ait
609 2585 764 2623 statua:
804 2581 958 2623 Focum
989 2581 1151 2622 fabrum
1186 2580 1378 2634 accipite!
1421 2578 1492 2620 llle
1525 2581 1587 2620 est
1618 2577 1686 2631 qui
1718 2576 1760 2618 in

1788 878 1830 911 10

1789 1231 1830 1265 15

1786 1588 1831 1621 20

1787 2298 1831 2332 30

83 2653 254 2708 singulis
287 2654 430 2696 diebus
462 2653 593 2706 legem
628 2652 755 2694 violat
786 2657 825 2694 et
856 2652 980 2694 michi
1016 2652 1147 2693 minas
1178 2652 1289 2693 facit.
1340 2650 1455 2692 lllum
1489 2648 1757 2703 comprehen-
1785 2654 1830 2690 35

83 2725 231 2767 derunt
279 2729 319 2767 et
363 2738 500 2767 eoram
550 2725 800 2779 imperatore
841 2724 1057 2765 duxerunt.
1118 2723 1189 2764 Ait
1228 2723 1473 2776 imperator:
1522 2719 1758 2772 Carissime,

83 2797 181 2851 quid
213 2801 296 2850 est,
337 2796 444 2851 quod
484 2796 603 2838 audio
644 2795 693 2836 (le
734 2795 800 2836 te?
841 2808 967 2848 quare
1006 2794 1135 2847 legem
1177 2794 1329 2836 editam
1363 2792 1516 2833 violas?
1565 2791 1637 2832 Ait
1668 2790 1758 2832 ille:

84 2867 280 2922 Domine,
320 2867 449 2921 legem
492 2867 603 2909 illam
643 2879 808 2908 servare
846 2879 927 2907 non
967 2879 1156 2920 possum,
1198 2865 1294 2919 quia
1329 2864 1436 2905 omni
1472 2863 1537 2904 die
1569 2866 1659 2904 octo
1692 2862 1760 2904 de-

81 2939 221 2987 narios
252 2942 414 2995 oportet
446 2952 510 2980 me
542 2938 710 2990 habere,
753 2941 792 2979 et
830 2937 921 2978 illos
955 2937 1042 2978 sine
1073 2936 1213 2978 labore
1245 2949 1323 2977 non
1358 2939 1500 2990 potero
1534 2934 1757 2988 acquirere.
