1949 3162
987 60 1071 101 664

855 207 958 260 259,
993 219 1096 261 app.
1121 206 1191 249 63.

300 310 426 352 Cesar
474 313 671 361 augustus
716 321 932 349 romanum
975 307 1196 363 Imperium
1246 307 1433 361 regebat,
1482 309 1551 362 qui
1598 321 1669 350 sue
1715 308 1865 350 dicioni

185 382 322 423 omnia
354 393 482 434 regna
513 379 761 433 subjugavit.
811 379 927 420 Unde
961 378 1089 420 edidit
1120 379 1311 432 edictum,
1343 383 1390 420 ut
1420 382 1531 421 totus
1562 379 1739 421 mundus
1771 379 1865 421 sub-

179 454 326 507 jiceret
357 465 524 494 censum
547 450 807 505 inscriptum.
858 450 956 491 Tale
979 450 1188 492 decretum
1222 449 1498 505 promulgavit
1523 453 1568 491 ut
1589 451 1722 492 omnis
1745 450 1865 492 homo

184 526 417 566 remaneret
447 522 490 563 in
524 522 700 577 patriam
734 521 843 563 unde
875 534 1002 574 genus
1035 521 1234 574 originem
1267 521 1467 574 duxisset⁷
1500 528 1539 563 et
1569 521 1864 576 patrimonium

186 595 293 650 quod
326 594 497 649 quilibet
535 593 685 647 injuste
726 592 932 634 amisisset
972 593 1101 645 gratis
1140 592 1322 647 recipere
1362 592 1549 645 deberet,
1583 596 1624 634 et
1668 593 1727 634 sic
1773 606 1866 635 eum

185 666 324 709 caucio
358 665 571 720 scriptoris
603 664 654 706 ad
687 677 852 706 censum
886 667 1059 706 notaret.

304 738 524 779 Reducem.
573 735 807 789 Karissimi,
838 735 916 777 iste
938 735 1164 790 imperator
1197 734 1333 788 signat
1364 733 1479 788 illud,
1513 733 1620 789 quod
1650 747 1723 776 rex
1745 738 1866 776 natus

184 809 305 851 hodie
344 808 582 849 universum
620 807 818 848 mundum
858 805 1072 848 letificavit
1110 806 1215 847 sicut
1247 809 1361 861 patet
1398 805 1439 846 in
1473 805 1705 860 evangelio:
1751 805 1869 848 Exiit

186 881 362 922 edictum
413 883 487 921 etc.
552 878 667 928 Quod
716 881 849 920 autem
898 877 1076 919 mundus
1108 877 1291 919 maxima
1323 889 1424 932 pace
1464 877 1633 931 claruit,
1680 877 1869 930 designat

186 951 292 1006 quod
326 964 424 992 vera
454 964 536 1005 pax
554 949 741 991 Christus
773 949 814 991 in
848 953 959 991 terra
991 948 1197 1004 apparuit,
1231 949 1299 1002 qui
1331 948 1574 990 inimicicias
1606 948 1715 990 inter
1746 948 1866 990 deum

186 1027 226 1065 et
251 1023 457 1064 hominem
492 1020 734 1063 dissolveret
766 1024 806 1063 et
828 1020 1049 1062 humanam
1067 1023 1260 1061 naturam
1293 1019 1343 1061 ad
1377 1019 1604 1073 angelicam
1625 1019 1868 1073 dignitatem

186 1108 258 1136 3110
292 1093 502 1147 sangvvine
542 1092 768 1144 attolleret3
808 1084 915 1146 quod
948 1104 1042 1133 vero
1076 1104 1217 1132 omnes
1251 1090 1426 1146 patriam
1459 1090 1702 1147 repetebant
1733 1090 1869 1145 signat

187 1166 293 1220 quod
311 1165 446 1207 cuncti
465 1177 539 1219 per
554 1163 763 1205 Christum
782 1163 831 1205 ad
855 1163 1032 1219 patriam
1053 1162 1233 1217 paradisi
1256 1163 1407 1204 reverti
1431 1162 1654 1215 debebant3
1685 1162 1867 1205 ablatum

187 1237 480 1292 patrimonium
529 1236 586 1277 eis
626 1235 827 1289 reddidit,
876 1235 972 1289 quia
1018 1234 1171 1276 amissa
1217 1234 1399 1289 paradisi
1437 1235 1642 1290 possessio
1679 1234 1868 1278 fidelibus

186 1322 259 1364 per
298 1307 507 1349 Christum
546 1307 793 1348 restituitur.
852 1305 1020 1360 Singule
1060 1305 1276 1360 progenies
1315 1310 1597 1348 memorantur
1637 1310 1678 1348 et
1714 1307 1772 1349 sic
1817 1307 1868 1349 ad

186 1393 351 1422 censum
386 1379 540 1434 scripto
582 1378 773 1420 titulatur
812 1378 909 1432 quia
947 1377 1086 1419 fideles
1129 1390 1170 1419 se
1204 1377 1403 1430 originem
1438 1378 1487 1420 de
1518 1377 1712 1433 paradiso
1744 1378 1868 1420 verbo

186 1455 226 1494 et
263 1464 385 1506 opere
420 1451 617 1502 fatentur,
664 1449 721 1491 hii
755 1449 960 1491 crismatis
1008 1449 1198 1490 unctione
1246 1449 1295 1490 ad
1328 1448 1477 1491 celeste
1508 1463 1681 1503 regnum
1712 1449 1869 1492 firmari

187 1536 210 1564 a
241 1522 404 1565 Christo
435 1524 658 1563 merentur.

855 1704 965 1758 260,
999 1716 1101 1759 app.
1126 1703 1200 1746 64.

305 1806 411 1849 Erat
433 1806 599 1861 quidam
623 1806 820 1860 magister
842 1805 999 1860 peritus
1032 1804 1073 1846 in
1098 1809 1185 1847 arte
1206 1807 1508 1861 nygromantia,
1541 1807 1582 1848 in
1605 1819 1685 1860 qua
1703 1806 1871 1849 fuerunt

187 1877 317 1920 multe
349 1878 610 1920 subtilitates.
665 1877 861 1931 Magister
894 1877 972 1919 iste
1005 1876 1206 1931 quendam
1241 1877 1486 1933 discipulum
1519 1877 1716 1931 habebat,
1749 1891 1869 1932 quem

188 1950 362 1991 multum
397 1949 552 1991 dilexit.
601 1949 838 2004 Discipulus
872 1948 949 1990 iste
981 1949 1189 2001 cogitabat
1221 1948 1422 2002 quomodo
1454 1948 1604 1990 librum
1637 1953 1777 2004 posset
1806 1950 1869 1992 fu-

187 2022 285 2074 rari,
319 2021 415 2075 quia
447 2024 486 2062 et
519 2021 567 2062 ad
593 2021 768 2076 patriam
793 2034 909 2062 suam
944 2033 1114 2075 pergere
1148 2018 1359 2074 [volebat].
1409 2020 1573 2062 Accidit
1603 2021 1743 2075 semel,
1776 2035 1866 2063 cum

188 2093 385 2146 magister
424 2106 520 2133 311113
561 2092 714 2150 absens
748 2095 857 2144 erat,
898 2091 1004 2145 quod
1044 2091 1203 2133 furatus
1244 2094 1307 2133 est
1345 2091 1496 2134 librum
1537 2097 1578 2134 et
1618 2106 1759 2135 versus
1799 2107 1868 2148 pa-

188 2165 310 2206 triam
354 2163 552 2219 perrexit3
593 2163 790 2216 magister
829 2163 971 2216 rediit,
1011 2167 1051 2204 et
1090 2176 1180 2203 cum
1219 2162 1369 2204 librum
1411 2163 1592 2205 ablatum
1632 2164 1868 2219 invenisset,

189 2236 328 2277 statim
362 2249 434 2290 per
464 2238 594 2276 artem
617 2235 819 2287 magicam
854 2234 904 2275 ad
925 2234 1118 2275 noticiam
1154 2234 1267 2275 venit
1298 2234 1375 2288 vie,
1408 2249 1482 2290 per
1503 2249 1625 2290 quam
1643 2235 1868 2291 discipulus

189 2307 393 2362 perrexit,
433 2310 472 2348 et
510 2320 583 2361 per
615 2306 787 2348 eandem
821 2306 926 2347 viam
968 2309 1130 2347 secutus
1168 2309 1230 2347 est
1261 2319 1366 2347 eum.
1416 2306 1654 2362 Discipulus
1685 2307 1796 2349 intra
1826 2321 1870 2350 se

189 2378 414 2432 cogitabat:
457 2390 538 2418 non
578 2380 714 2432 potest
753 2391 846 2419 eum
883 2377 1034 2429 latere3
1083 2376 1245 2431 quando
1286 2377 1407 2431 sciat,
1449 2391 1570 2432 quam
1610 2378 1718 2420 viam
1757 2391 1869 2421 rece-

190 2450 362 2505 pissem,
397 2452 588 2503 sequetur
621 2462 705 2502 me,
743 2449 946 2503 respexit,
987 2462 1010 2490 a
1040 2448 1160 2502 longe
1192 2448 1296 2490 vidit
1327 2448 1531 2503 quendam
1563 2453 1727 2504 pontem
1761 2449 1870 2492 ultra

191 2535 366 2576 aquam;
399 2520 468 2561 ille
500 2520 541 2561 in
575 2534 681 2574 aqua
713 2520 827 2562 stetit
858 2519 933 2562 sub
955 2523 1079 2575 ponte
1112 2525 1152 2562 et
1182 2520 1381 2574 magister
1410 2520 1630 2574 ignorabat
1657 2522 1764 2575 quod
1793 2521 1868 2564 sub
1906 2536 1909 2538 ·

190 2595 314 2648 ponte
344 2591 505 2645 lateret7
538 2595 706 2647 pontem
737 2592 930 2633 transivit
960 2596 1001 2634 et
1032 2592 1090 2633 sic
1121 2591 1369 2647 discipulum
1400 2605 1481 2633 non
1513 2592 1682 2634 invenit.

311 2665 529 2705 Redvccio.
585 2662 825 2717 Karissimi‚
866 2663 1061 2716 magister
1098 2664 1176 2705 iste
1214 2666 1276 2706 est
1314 2663 1512 2718 dyabolus
1549 2663 1593 2705 in
1631 2663 1742 2705 omni
1781 2666 1869 2706 arte

191 2734 300 2776 mala
337 2734 538 2786 imbutus3
586 2734 810 2789 discipulus
853 2738 1060 2790 peccator,
1108 2748 1228 2788 quem
1269 2734 1338 2776 diu
1377 2735 1549 2776 retinuit
1584 2735 1627 2776 in
1665 2738 1869 2790 potestate

192 2819 265 2848 sua
297 2819 370 2861 per
401 2809 579 2860 peccata.
632 2805 748 2847 Facit
777 2805 928 2848 librum
962 2806 1011 2848 de
1049 2806 1132 2847 vita
1168 2820 1243 2848 sua
1289 2806 1385 2860 quid
1426 2810 1467 2849 et
1498 2809 1696 2860 quantum
1727 2810 1870 2849 contra

194 2877 310 2918 deum
353 2877 535 2931 deliquit.
592 2876 671 2919 Sed
709 2889 801 2918 cum
835 2881 1025 2932 peccator
1056 2877 1296 2920 recordatur
1335 2878 1384 2920 de
1416 2891 1491 2920 sua
1521 2878 1709 2931 miseria,
1748 2877 1869 2920 debet

193 2948 362 3001 furtive⁷
404 2949 429 2990 i.
455 2963 487 2990 e.
522 2949 682 3003 private
715 2947 765 2990 ab
799 2962 844 2990 eo
876 2949 1066 2991 recedere
1099 2962 1190 2990 cum
1220 2948 1347 3002 libro,
1388 2949 1414 2990 i.
1440 2962 1472 2990 e.
1506 2962 1596 2991 cum
1631 2949 1716 2991 vita
1746 2948 1867 3002 mala,
