1919 3157
114 181 198 221 1-
212 180 487 221 6:1—15
520 179 591 222 des
623 180 711 222 cod.
737 181 833 222 355.

163 251 276 291 =9

110 322 148 363 8.
199 321 364 363 Pictura
395 321 552 362 mortis.
602 321 832 365 Secundum
866 328 1230 366 commentatorem
1263 323 1352 366 tulii
1382 325 1590 368 Ciceronis
1622 325 1755 368 dese-

198 397 302 434 nect.
352 392 604 446 (Prodigium
640 394 854 441 terribile.)

109 464 148 505 9.
196 463 392 518 Hystoria
432 464 481 505 de
520 464 762 507 humilitate.
821 466 973 508 Narrat
1006 466 1243 522 leronymus
1284 467 1325 508 in
1359 467 1535 522 quadam
1568 468 1753 523 epistola.

197 534 444 590 (Triumph.)
492 535 561 577 lat.
588 537 654 577 30.

83 606 136 647 10
161 606 303 647 219.
342 607 465 646 11:
494 607 561 647 20.
601 607 650 648 l?
678 609 819 649 :1st
858 609 908 649 13
939 625 983 643 z
1012 609 1079 650 34.

82 677 147 718 14.
196 675 380 718 Historia
404 681 556 718 statum
579 677 802 720 humanum
828 684 1131 734 representans.
1174 679 1261 723 Sec.
1282 687 1647 726 commentatorem
1669 698 1756 727 ma-

195 747 335 789 crobii.
384 747 518 799 (Rad.)

84 819 147 860 15.
196 818 380 861 Historia
423 820 503 861 vite
543 820 808 875 exemplarie.
866 820 1098 865 Secundum
1140 828 1503 867 commentatorem
1545 826 1669 869 boetii
1707 827 1756 870 de

195 890 392 932 consolat.
443 890 608 937 (Pallas.
642 891 765 945 Juno,
797 892 965 944 Venus.)

82 961 146 1003 16.
196 960 392 1003 Historia.
457 962 643 1004 Tiberius
686 963 734 1005 de
773 964 1031 1007 mirabilibus
1071 965 1183 1008 Indie
1222 966 1348 1009 refert
1388 967 1494 1022 quod
1533 968 1753 1011 mundicia.

197 1032 584 1088 (Reinheitsprobe.)

83 1103 146 1144 17.
194 1103 378 1146 Historia
417 1105 508 1146 alia.
567 1104 798 1148 Secundum
839 1107 1013 1149 eundem
1051 1108 1257 1164 tyberium
1296 1109 1374 1152 fuit
1411 1124 1493 1152 una
1532 1124 1681 1166 ymago
1714 1112 1755 1153 in

194 1174 322 1217 India.
373 1175 480 1226 (Bild
514 1177 589 1218 mit
619 1177 756 1233 lampe
788 1179 871 1220 und
905 1179 1110 1231 schwert.)

81 1245 145 1287 18.
194 1245 390 1289 Historia.
439 1247 670 1290 Secundum
705 1249 870 1292 annalia
892 1250 1084 1292 Indorum
1108 1251 1296 1294 Metellus
1319 1253 1510 1295 sacerdos
1533 1254 1606 1296 dee
1628 1258 1753 1297 veste.

193 1317 308 1369 (Vier
339 1323 515 1373 gesetze.
549 1319 710 1368 bilder.)

79 1388 156 1430 19:
192 1388 377 1432 Historia
419 1391 599 1445 pulchra.
654 1391 852 1435 Romulus
890 1394 931 1434 in
965 1393 1180 1437 annalibus
1215 1393 1435 1438 Grecorum
1472 1396 1581 1438 dicit.
1638 1396 1754 1448 (Drei

191 1460 395 1514 gelfibde.)

75 1531 144 1573 20.
192 1531 376 1574 Historia
408 1533 458 1575 de
490 1534 711 1576 mundicia.
759 1535 913 1577 Narrat
944 1536 1123 1579 valerius
1157 1537 1263 1592 quod
1294 1538 1336 1580 in
1360 1538 1491 1582 Roma
1519 1539 1751 1595 aliquando.

191 1601 439 1649 <Gotterbild
471 1605 634 1648 schfitzt
665 1606 730 1649 (lie
762 1606 903 1658 stadt.)

75 1674 125 1716 21
155 1691 204 1710 ==
231 1675 298 1716 29.
333 1676 388 1717 22
414 1693 462 1711 =
488 1678 556 1718 41.

74 1745 142 1787 23.
190 1744 252 1788 De
298 1747 490 1802 passione
536 1749 663 1791 cristi.
726 1749 880 1792 Narrat
919 1749 1090 1793 Ovidius
1130 1765 1303 1805 magnus
1342 1751 1392 1794 de
1432 1751 1539 1795 bello
1576 1754 1750 1808 trojano.

190 1817 388 1868 (Achilles
420 1824 540 1862 unter
572 1821 782 1872 weibern.)
830 1822 900 1864 lat.
928 1822 1022 1864 156.

74 1887 202 1929 24·-
155 1918 202 1923 —-
228 1889 297 1930 44.
333 1890 461 1931 25-
414 1920 461 1926 —·
488 1892 556 1933 υἷ’).

74 1959 141 2001 26.
191 1959 392 2003 Notabile.
448 1961 556 2004 Nota
589 1962 757 2018 quidam
790 1963 931 2006 volens
956 1965 1079 2018 juxta
1110 1977 1266 2007 romam
1302 1965 1468 2008 domum
1501 1980 1617 2009 suam
1649 1967 1752 2010 dila-

190 2034 291 2074 tare.
342 2031 456 2083 (Vier
487 2033 645 2086 tafeln.)
693 2048 787 2090 app.
813 2036 880 2077 30.

73 2101 203 2143 27-
155 2131 203 2136 -
228 2101 298 2144 45.

73 2172 141 2214 28.
189 2173 297 2216 Nota
329 2174 378 2216 de
400 2176 552 2218 mundo
576 2180 651 2219 etc.
699 2176 873 2227 Quidam
897 2190 969 2220 rex
992 2178 1195 2232 quendam
1218 2192 1457 2235 pauperem.
1506 2180 1751 2233 (Freundes-

189 2245 329 2300 probe,
363 2247 579 2300 variante.)
627 2261 721 2303 app.
745 2249 815 2290 42.

73 2315 127 2357 29
153 2332 201 2351 -·-
228 2316 296 2358 35.

73 2387 140 2428 30.
189 2386 385 2430 Historia.
433 2388 605 2443 Legitur
635 2390 677 2431 in
709 2390 835 2444 gestis
858 2404 1122 2433 romanorum
1146 2392 1253 2447 quod
1277 2396 1366 2435 erat
1385 2396 1598 2449 tyrannus.
1647 2394 1750 2445 (Ma-

190 2459 354 2502 xentius
387 2461 470 2502 und
503 2459 828 2514 Constantinus.)
876 2462 946 2504 lat.
971 2462 1039 2504 95.

73 2529 123 2571 31
152 2547 199 2565 -ε
224 2530 293 2572 20.
327 2531 381 2573 32
408 2549 455 2567 =
483 2533 551 2574 21.
587 2533 641 2573 33
667 2549 715 2568 --
742 2534 809 2574 32.
845 2534 898 2575 34
926 2550 973 2569 z
1000 2534 1067 2575 22.

73 2600 140 2642 35.
187 2601 296 2644 Nota
335 2603 443 2657 quod
483 2607 546 2645 est
576 2603 726 2646 mulier
756 2604 871 2646 sicud
905 2605 1047 2660 vipera
1079 2618 1156 2660 que
1187 2605 1276 2648 vult
1306 2606 1490 2662 copulari
1522 2619 1613 2649 cum
1645 2607 1747 2650 lam-

189 2674 330 2728 preda.
379 2673 538 2723 (Bricht
569 2675 641 2717 das
672 2675 750 2729 gift
781 2676 884 2728 aus.)

72 2741 127 2785 36
152 2761 200 2779 z
226 2744 295 2786 23.
329 2746 381 2787 37
412 2763 457 2780 z
484 2747 552 2788 24.
587 2747 640 2788 38
669 2764 715 2782 z
744 2748 809 2788 43.
845 2748 899 2789 39
927 2765 973 2783 =
1005 2748 1068 2790 12.

72 2814 140 2857 40.
188 2815 374 2858 Historia
412 2817 462 2859 de
499 2817 799 2873 redempcione.
863 2817 1033 2873 Legitur
1073 2820 1114 2861 in
1155 2820 1329 2862 cronicis
1368 2823 1407 2862 et
1445 2823 1507 2862 est
1543 2820 1666 2863 livius
1703 2821 1747 2864 in

188 2887 315 2938 gestis
346 2902 624 2931 romanorum.
674 2887 888 2936 (Curtius)
935 2890 1007 2932 lat.
1030 2891 1098 2933 43.

36 2957 122 2998 ,41
151 2975 200 2993 =
229 2960 294 3000 15.
329 2960 385 3001 42
412 2961 554 3002 :38.
586 2961 811 3002 43:39.
