1919 3157
888 72 962 112 eei

85 167 193 221 quod
239 167 458 222 ligaturam
498 171 621 225 fregit
659 179 699 216 et
738 175 994 219 discurrebat
1036 179 1129 222 hinc
1175 187 1216 223 et
1263 183 1356 225 inde
1404 190 1444 227 et
1485 187 1617 229 multa
1658 188 1768 230 mala

84 240 350 292 perpetravit.
392 241 507 284 Unde
532 245 669 299 puella
695 251 862 301 propter
889 248 1148 292 innumerum
1181 252 1384 296 defectum
1418 257 1653 300 mendicare
1686 273 1765 300 1100

83 308 360 353 erubescebat.
411 313 561 356 Milites
605 330 698 357 vero
733 323 902 373 propter
934 320 1138 363 defectum
1173 324 1301 365 multa
1336 328 1445 368 furta
1478 332 1517 369 et
1550 329 1766 371 latrocinia

81 380 414 429 committebant,
457 385 525 426 sed
566 399 705 428 <dinem
748 389 835 429 sine
875 389 1052 442 ligatura
1091 394 1245 447 optime
1280 397 1394 450 pavit
1435 402 1474 439 et
1514 401 1689 442 nutrivit
1726 406 1766 443 et

79 450 311 493 custodivit.
360 454 521 496 Accidit
554 458 658 510 «111011
694 473 878 501 rumores
913 468 1112 504 venerunt
1145 466 1251 518 quod
1285 467 1511 522 imperator
1539 476 1763 513 revertere-

79 523 166 573 tur,
206 524 484 567 marschalcus
527 527 601 568 1100
641 530 810 572 audiens
843 531 960 574 valde
1001 538 1061 574 est
1103 537 1359 589 perterritus.
1415 540 1640 593 Cogitavit:
1681 556 1761 584 non

78 595 213 645 potest
252 607 340 636 esse
380 598 542 649 quando
582 606 795 643 accusatus
836 616 903 644 ero
944 604 1051 658 apud
1092 605 1302 648 dominum
1344 623 1478 651 meum
1513 612 1562 653 de
1595 612 1679 654 filia
1712 613 1762 655 de

76 661 275 705 militibus
309 670 349 707 et
381 667 430 708 de
463 669 602 711 multis
637 671 726 712 aliis
759 675 1157 727 transgressionibus
1190 690 1291 731 quas
1323 683 1581 736 perpetravi;
1614 683 1761 726 melius

76 736 138 774 est
170 737 385 788 prevenire
418 751 538 792 quam
574 742 779 793 negligere
813 749 853 785 et
874 739 950 787 'me
974 747 1107 801 ipsum
1143 761 1336 792 accusare
1359 756 1399 793 et
1422 753 1581 794 veniam
1606 759 1758 809 petere.

75 802 278 858 Spoliavit
308 821 351 849 se
384 810 572 852 omnibus
596 814 850 856 vestimentis
884 817 968 858 suis
1001 824 1174 873 excepta
1206 822 1377 863 camisia
1416 828 1456 865 et
1493 826 1759 869 femoralibus

73 875 178 916 etin
211 890 335 919 manu
369 893 443 921 sua
475 881 619 924 dextra
651 889 733 926 tres
767 885 933 940 laqueos
968 890 1124 944 accepit
1156 896 1196 932 et
1229 892 1469 947 imperatori
1504 896 1663 938 obviam
1689 911 1758 939 cu-

71 947 212 988 currit.
271 948 498 1004 Imperator
529 966 620 995 cum
655 969 745 997 eum
780 971 804 998 a
836 958 955 1012 longe
988 960 1157 1014 videret,
1193 963 1421 1006 mirabatur
1454 980 1578 1020 quare
1610 968 1651 1009 in
1684 969 1757 1010 tali

70 1015 203 1059 forma
236 1021 404 1063 veniret.
454 1023 525 1064 Ait
557 1025 644 1067 ille:
679 1026 711 1068 O
745 1028 907 1071 domine
945 1031 1041 1084 quia
1073 1032 1192 1075 aliter
1224 1048 1303 1076 non
1338 1038 1482 1090 merui,
1518 1039 1639 1080 etiam
1673 1053 1755 1082 non

69 1100 235 1142 possum
278 1092 391 1134 vobis
431 1094 564 1137 dicere
605 1098 684 1139 nisi
724 1105 885 1142 constat
917 1102 1015 1143 mihi
1050 1103 1162 1157 prius
1197 1105 1245 1147 de
1279 1111 1415 1149 vestra
1447 1110 1581 1161 gratia
1614 1115 1654 1152 et
1686 1125 1755 1153 vo-

68 1157 226 1203 luntate
278 1167 319 1204 et
369 1170 463 1207 ante
515 1169 652 1210 omnia
705 1171 1028 1215 misericordiam
1082 1180 1189 1229 peto.
1264 1176 1365 1219 Cum
1420 1184 1555 1222 autem
1605 1195 1754 1237 appro-

66 1231 309 1285 pinquasset
359 1234 475 1278 flexis
526 1240 698 1292 genibus
751 1243 1041 1298 imperatorem
1103 1248 1296 1302 suscepit.
1380 1250 1453 1292 Ait
1505 1252 1751 1307 imperator:

65 1300 292 1346 Karissime
333 1319 458 1360 quare
498 1309 538 1350 111
580 1311 651 1352 tali
693 1312 824 1355 forma
857 1315 956 1356 mihi
997 1316 1204 1359 obviasti?
1245 1320 1340 1374 quia
1383 1325 1551 1377 propter
1593 1324 1752 1366 miseri-

63 1373 244 1416 cordiam
293 1376 369 1419 huc
409 1380 500 1421 veni
542 1381 582 1422 in
624 1383 703 1424 ista
742 1384 885 1427 forma.
950 1387 1022 1428 Ait
1067 1388 1315 1443 imperator:
1365 1392 1428 1433 Ad
1470 1393 1567 1447 quid
1610 1399 1750 1450 portas

62 1443 164 1486 istas
205 1449 288 1488 tres
329 1450 501 1492 cordas?
549 1451 623 1501 Qui
659 1456 891 1510 respondit:
938 1457 1117 1501 Primam
1155 1461 1319 1503 cordam
1354 1463 1404 1504 ad
1439 1463 1650 1518 ligandum
1685 1481 1749 1509 me

60 1516 250 1559 manibus
283 1523 323 1560 et
356 1521 527 1575 pedibus
561 1538 638 1578 quo
672 1539 800 1581 usque
834 1530 1000 1582 sanguis
1041 1536 1172 1573 exeat.
1229 1532 1458 1576 Secundam
1498 1537 1663 1579 cordam
1697 1539 1748 1580 ad

61 1585 306 1631 trahendum
346 1605 411 1634 me
451 1593 500 1635 ad
534 1595 704 1638 caudam
745 1599 837 1652 equi
880 1613 1090 1655 quousque
1129 1603 1178 1645 ab
1212 1604 1372 1647 ossibus
1405 1619 1548 1649 carnes
1581 1622 1748 1664 separa—

59 1661 214 1700 rentur.
264 1660 448 1704 Terciam
474 1665 522 1706 ad
547 1668 879 1722 suspendendum
904 1685 968 1713 me
991 1672 1040 1713 ad
1064 1674 1293 1728 patibulum
1327 1679 1411 1718 tam
1443 1678 1512 1720 diu
1536 1693 1747 1735 quousque

61 1740 156 1770 aves
193 1730 269 1772 celi
302 1732 351 1775 de
383 1735 550 1778 cerebro
583 1739 730 1793 capitis
762 1740 916 1784 fuerint
956 1743 1186 1787 refocillati.
1241 1747 1315 1788 Ait
1354 1748 1602 1803 imperator:
1642 1751 1744 1793 Tam

57 1798 268 1844 humiliter
299 1803 478 1858 loqueris
502 1812 541 1850 et
563 1812 647 1850 tam
671 1810 793 1853 vilem
817 1814 1012 1856 ostendis.
1055 1815 1146 1857 Tibi
1169 1818 1335 1859 remitto
1369 1820 1567 1874 quidquid
1600 1827 1744 1865 contra

57 1883 123 1913 me
155 1871 376 1927 deliquisti.
434 1876 511 1919 Dic.
543 1893 639 1933 ergo
673 1895 813 1925 secure
846 1898 924 1938 que
956 1886 1040 1927 sint
1071 1887 1256 1930 dicenda.
1314 1889 1387 1931 Ait
1418 1891 1507 1933 ille:
1550 1892 1740 1949 Domine,

56 1940 183 1984 filiam
224 1948 337 1988 tuam
370 1950 533 1991 unicam
567 1964 686 2005 quam
727 1954 824 1995 mihi
859 1955 909 1997 ad
941 1958 1167 2000 custodiam
1203 1964 1242 2001 et
1274 1961 1538 2022 nutriendum
1571 1967 1742 2007 commi-

57 2014 148 2057 sisti
180 2029 229 2058 ex
262 2017 422 2061 defectu
458 2019 582 2076 [meo]
619 2037 765 2077 panem
800 2025 849 2067 ab
882 2027 974 2069 aliis
1008 2030 1268 2072 mendicavit.
1325 2032 1423 2074 Item
1459 2033 1507 2076 de
1540 2035 1740 2079 militibus

57 2087 204 2140 quibus
251 2088 301 2130 de
345 2090 460 2132 bonis
500 2094 581 2135 tuis
620 2097 850 2139 nesessaria
891 2099 1126 2143 ministrare
1166 2101 1285 2144 debui
1326 2103 1427 2159 ipsis
1471 2106 1658 2149 subtraxi
1697 2109 1739 2150 in

55 2160 216 2200 tantum
250 2161 358 2213 quod
390 2162 499 2204 furta
531 2169 571 2206 et
602 2165 819 2209 latrocinia
847 2171 1142 2214 commiserunt
1163 2186 1237 2228 pro
1260 2176 1502 2218 necessariis
1524 2177 1736 2221 habendis.

56 2227 137 2271 Sed
183 2243 324 2272 canem
373 2234 527 2288 optime
574 2238 727 2280 nutrivi
776 2241 882 2293 quod
924 2241 1143 2295 ligaturam
1186 2245 1324 2299 sepius
1363 2246 1487 2300 fregit
1527 2252 1568 2290 et
1608 2250 1739 2292 multa

54 2300 164 2342 mala
209 2305 476 2357 perpetravit.
540 2306 768 2363 imperator
815 2324 905 2352 cum
946 2312 1019 2355 hos
1060 2327 1270 2357 sermones
1308 2317 1493 2360 audisset
1530 2324 1737 2363 commota

53 2375 150 2413 sunt
180 2374 318 2415 omnia
355 2375 513 2418 viscera
550 2379 636 2432 ejus
668 2384 708 2421 et
740 2381 815 2423 ait:
857 2382 890 2424 O
923 2384 1122 2438 pessime,
1166 2385 1200 2427 si
1238 2386 1308 2428 illa
1340 2390 1479 2431 omnia
1510 2391 1624 2445 prius
1657 2393 1735 2434 sei-

52 2442 201 2485 vissem
235 2449 366 2487 morte
398 2448 640 2502 turpissima
669 2454 709 2493 te
741 2452 1127 2509 eondempnassem;
1162 2457 1232 2498 sed
1255 2458 1352 2512 quia
1383 2460 1457 2502 tibi
1480 2462 1621 2504 remisi
1651 2476 1733 2505 000

51 2514 240 2557 morieris
279 2517 350 2559 sed
390 2518 469 2559 cito
502 2532 626 2574 perge
663 2525 703 2563 et
733 2522 857 2565 filiam
891 2538 1025 2568 meam
1058 2539 1148 2569 011111
1183 2528 1382 2572 militibus
1414 2531 1538 2573 ducas
1571 2532 1621 2574 ad
1652 2547 1730 2576 me.

51 2583 328 2629 Marschalcus
362 2590 545 2643 perrexit
577 2595 617 2633 et
647 2592 774 2635 filiam
807 2595 974 2649 optimis
1001 2598 1257 2641 vestimentis
1291 2601 1456 2644 vestivit
1486 2605 1527 2644 et
1557 2616 1648 2644 eam
1680 2604 1731 2646 ad

50 2654 341 2710 imperatorem
383 2660 501 2702 duxit
541 2666 581 2704 et
619 2676 762 2717 pac-em
801 2678 890 2707 eum
925 2667 1125 2710 militibus
1163 2669 1260 2712 fecit
1299 2675 1339 2713 et
1379 2673 1576 2727 quidquid
1609 2674 1731 2717 alicui

50 2724 218 2782 dampni
250 2742 324 2784 per
356 2730 488 2786 ipsum
513 2732 664 2774 factum
698 2739 760 2776 est
785 2749 912 2791 usque
945 2739 995 2780 ad
1018 2739 1208 2782 ultimum
1232 2742 1499 2795 quadrantem
1534 2745 1726 2788 restituit.

50 2795 278 2852 Imperator
309 2800 385 2843 hoe
417 2802 558 2845 videns
590 2805 844 2848 marschalco
876 2807 999 2850 filiam
1036 2810 1076 2851 in
1114 2824 1284 2854 uxorem
1316 2813 1449 2867 dedit,
1491 2813 1643 2858 Milites
1676 2817 1727 2858 ad

49 2866 221 2911 divicias
254 2875 294 2913 et
326 2871 498 2915 honores
533 2876 751 2929 promovit.
798 2876 853 2919 Et
885 2879 943 2921 sie
974 2881 1252 2925 marschalcus
1275 2884 1317 2924 10
1341 2897 1441 2939 pace
1472 2889 1565 2939 post
1591 2890 1726 2930 trans-

0 2965 3 2968 ·
48 2940 298 2990 gressionem
332 2956 422 2985 eum
454 2957 581 2986 uxore
613 2947 717 2988 vixit
749 2950 789 2989 et
820 2949 938 2991 ambo
972 2952 1098 2993 vitam
1134 2953 1281 2996 bonam
1316 2955 1355 2996 in
1389 2968 1490 3010 pace
1517 2956 1724 3001 linierunt.
