1949 3162
981 36 1063 77 648

864 141 960 196 247,
994 154 1095 196 app.
1120 141 1187 184 51.

304 232 405 274 Erat
437 231 602 286 quidam
632 231 861 287 imperator
892 232 962 287 qui
992 230 1119 274 filiam
1143 230 1354 287 pulchram
1377 231 1566 284 habebat,
1596 244 1673 285 que
1695 243 1857 285 semper

192 308 314 358 caput
346 307 524 345 erectum
557 303 608 344 ad
640 302 770 345 celum
803 303 992 346 habebat.
1026 303 1081 345 Et
1111 306 1248 345 tamen
1281 314 1376 345 ceca
1407 306 1495 345 erat
1525 305 1698 357 utroque
1728 301 1856 356 oculo,

190 379 229 417 et
259 387 405 415 manca
435 377 608 428 utraque
639 388 774 416 manu.
835 393 840 396 ·

305 446 538 487 Moralitas.
579 444 816 487 Karissimi:
849 444 1005 486 Eodem
1037 444 1157 486 modo
1192 444 1362 499 quilibet
1391 443 1526 486 <Iudex
1559 444 1679 487 debet
1708 444 1858 487 habere

190 515 403 571 pulchram
435 515 613 571 puellam
647 516 674 558 i.
701 530 735 558 e.
758 515 1034 558 intencionem
1064 516 1106 557 in
1138 515 1269 558 celum
1302 520 1481 558 erectum
1512 516 1540 557 i.
1564 528 1597 557 e.
1621 515 1858 558 muneribus

188 601 268 629 non
301 591 549 642 corruptam.
598 586 741 629 Puella
769 591 856 629 erat
877 599 972 628 ceca
994 590 1166 640 utroque
1189 586 1303 629 oculo
1336 587 1362 628 i.
1387 600 1420 629 e.
1443 587 1717 629 intencionem
1740 587 1860 629 debet

189 658 339 700 habere
370 658 411 699 in
445 657 575 700 celum
616 662 809 714 respectu
850 657 985 700 dextri
1024 658 1129 699 oculi
1163 658 1213 700 ad
1245 661 1491 713 potestatem
1523 657 1661 699 divitis
1692 670 1768 700 nec
1798 658 1858 700 fa-

191 742 328 771 vorem
371 730 504 772 amici.
557 729 613 772 Et
655 731 867 772 sinistrum
909 729 1071 771 oculum
1110 729 1160 770 ad
1198 729 1380 784 inopiam
1420 742 1647 784 pauperum
1687 742 1762 771 nec
1808 729 1856 771 ad

189 801 327 842 odium
359 801 533 855 inimici,
574 801 645 843 sed
678 801 794 856 quasi
825 813 942 842 cecus
975 799 1191 842 veritatem
1217 800 1453 854 Judicando.
1502 799 1694 855 Conpetit
1731 800 1852 843 eciam

190 872 296 926 quod
328 872 457 926 judex
495 872 614 914 debet
646 886 733 914 esse
766 885 933 913 mancus
966 874 1138 926 utraque
1171 885 1310 924 manu,
1344 885 1395 914 ne
1427 871 1480 913 sit
1510 872 1633 914 nimis
1663 872 1852 915 remissus

191 946 361 998 propter
392 956 563 985 munera
594 956 669 985 1100
698 943 822 985 11111115
856 945 1063 996 austerus,
1102 946 1148 984 ut
1186 943 1452 998 philosophus
1485 942 1730 998 pithagorax
1762 942 1854 985 dicit

188 1015 232 1056 in
263 1014 490 1069 proverbiis
523 1015 877 1070 philosophorum:

744 1095 864 1130 Judex
889 1087 984 1128 recte
1004 1094 1167 1139 judicare

745 1153 783 1188 Si
807 1153 861 1187 vis
885 1154 1000 1198 primo
1025 1154 1210 1188 meditare.

745 1212 824 1248 Non
849 1216 885 1247 10
911 1213 1042 1247 alliciat
1066 1223 1166 1248 amor

747 1271 821 1307 Nec
846 1271 1030 1316 perturbet
1054 1272 1105 1306 ire
1130 1272 1273 1306 clamor.

855 1510 957 1564 248,
991 1523 1096 1565 app.
1124 1511 1195 1554 52.

307 1597 477 1652 Legitur
509 1599 557 1641 de
590 1599 772 1653 vulture,
806 1601 874 1654 qui
906 1614 998 1642 cum
1031 1601 1186 1656 ceperit
1217 1601 1386 1656 predam
1427 1614 1562 1655 suam,
1602 1599 1764 1656 probat,
1805 1613 1856 1641 an

193 1672 324 1711 totam
356 1670 525 1724 predam
565 1672 696 1726 possit
735 1684 873 1713 secum
905 1676 1072 1727 portare
1111 1677 1151 1715 et
1188 1686 1279 1714 cum
1313 1686 1361 1714 ea
1391 1672 1542 1725 volare,
1582 1686 1634 1714 an
1665 1684 1760 1713 11011.
1814 1670 1857 1713 Si

194 1754 295 1794 non,
335 1744 433 1782 tunc
464 1741 611 1784 dividit
642 1746 682 1784 et
713 1746 871 1784 tantum
909 1757 1047 1786 secum
1080 1747 1240 1798 portat,
1280 1743 1386 1798 quod
1417 1744 1549 1799 possit
1577 1743 1676 1786 liber
1706 1742 1855 1784 volare.

192 1811 248 1853 Et
278 1813 336 1853 510
367 1812 489 1855 habet
528 1813 576 1855 de
614 1814 742 1869 preda
781 1815 887 1868 quod
928 1815 1006 1857 sibi
1039 1814 1203 1869 sufficit,
1243 1829 1317 1857 1100
1354 1818 1525 1870 propter
1563 1815 1635 1857 hoo
1665 1828 1690 1856 a
1719 1813 1858 1856 volatu

192 1884 416 1938 impeditur
448 1890 522 1926 etc.

312 1957 546 1997 Moralitas.
595 1956 835 1998 Karissimi:
877 1956 944 1998 Sic
983 1956 1062 1999 heu
1100 1957 1220 1999 multi
1259 1957 1405 1999 divites
1445 1958 1594 2013 predas
1629 1970 1722 1999 suas
1760 1957 1787 1998 i.
1821 1970 1854 1999 e.

197 2025 366 2068 divicias
406 2031 564 2081 ponunt
605 2028 646 2068 in
686 2027 937 2069 abscondito.
986 2027 1041 2070 Et
1079 2029 1137 2071 sic
1172 2042 1255 2070 non
1295 2032 1467 2083 possunt
1503 2029 1637 2072 volare
1676 2028 1728 2070 ad
1757 2027 1858 2070 libe-

195 2111 282 2139 ram
315 2111 432 2140 suam
463 2098 715 2141 voluntatem
747 2099 790 2140 in
821 2113 993 2152 regnum
1025 2099 1204 2142 celorum
1237 2104 1311 2142 etc.

865 2335 968 2391 ⁵249,
1002 2349 1104 2391 app.
1128 2336 1198 2379 53.

315 2422 564 2465 Octavianus
595 2425 782 2478 regnavit
813 2425 926 2468 dives
960 2426 1089 2479 valde,
1123 2427 1192 2481 qui
1223 2439 1346 2482 super
1377 2426 1515 2468 omnia
1545 2439 1710 2468 uxorem
1744 2439 1860 2468 suam

198 2494 343 2536 dilexit
373 2498 540 2550 propter
571 2496 670 2549 tria,
702 2497 835 2551 primo
868 2498 964 2551 quia
994 2497 1146 2551 fidelis,
1180 2497 1356 2539 secundo
1388 2498 1484 2552 quia
1514 2497 1702 2553 pulchra,
1733 2497 1860 2539 tercio
1910 2528 1915 2531 -

199 2566 293 2620 quia
324 2566 516 2608 obediens
548 2570 588 2608 et
619 2567 789 2610 stabilis.
836 2568 999 2611 Accidit
1028 2582 1110 2610 una
1141 2573 1259 2610 nocte
1291 2569 1398 2623 quod
1429 2581 1521 2610 cum
1549 2569 1592 2610 in
1624 2572 1756 2610 stratu
1787 2581 1860 2610 suo

192 2637 412 2691 jacuisset,
452 2638 643 2680 intimare
682 2639 790 2694 cepit
822 2639 897 2681 sibi
929 2640 1008 2695 ipsi
1040 2640 1082 2681 in
1115 2640 1235 2682 corde
1267 2640 1373 2694 quod
1404 2643 1552 2682 terram
1586 2643 1769 2682 sanctam
1801 2639 1861 2681 vi-

198 2708 321 2749 sitare
367 2708 500 2750 vellet.
563 2708 682 2751 Mane
729 2711 927 2764 surrexit,
981 2711 1142 2753 vocavit
1186 2711 1491 2766 imperatricem
1538 2716 1577 2754 et
1619 2724 1860 2765 germanum

198 2793 314 2821 suum
347 2780 510 2821 unicum
544 2793 662 2834 quem
693 2781 870 2823 habebat
908 2786 948 2824 et
986 2782 1109 2824 dixit:
1150 2782 1395 2838 Imperatrix
1433 2783 1670 2836 karissima,
1708 2786 1859 2824 terram

199 2855 379 2892 sanctam
421 2852 587 2894 visitare
625 2851 735 2906 volo,
776 2857 905 2895 totum
940 2853 1159 2909 Imperium
1199 2854 1272 2896 sub
1312 2859 1382 2896 tua
1413 2854 1598 2896 custodia
1636 2853 1860 2907 committo,

200 2922 294 2976 quia
331 2926 490 2965 tantum
532 2923 573 2964 in
605 2926 646 2967 te
688 2923 858 2966 confido.
913 2924 1100 2967 Fratrem
1131 2938 1266 2968 meum
1298 2925 1374 2967 tibi
1405 2925 1588 2979 assigno,
1627 2928 1673 2966 ut
1703 2925 1757 2966 sit
1786 2924 1861 2967 tibi
