1934 3142
985 83 1069 124 255

186 193 371 246 dagegen
401 192 495 233 siud
525 191 608 233 fast
639 190 922 244 durchgangig
952 189 1140 242 geistlich
1173 188 1377 242 gehalten.
1436 188 1520 230 Der
1550 186 1741 241 folgende
1773 199 1867 227 aus-

187 277 266 318 zug
304 263 407 305 wird
446 266 654 317 geniigen‚
695 262 806 304 diese
844 260 1010 313 fassung
1049 259 1108 302 als
1149 260 1266 302 einen
1308 258 1665 312 seitenschossling
1700 269 1869 300 unseres

186 335 346 378 werkes
379 349 430 376 zu
462 333 821 377 charakterisiren.

110 475 147 491 ‘³
221 479 255 519 1.

119 1265 160 1285 s
222 1265 260 1305 8.

195 1408 260 1449 10.

195 1480 261 1520 11.

196 1550 260 1591 12.

196 1622 262 1663 13.

196 1764 262 1806 14.

198 1835 262 1877 15.

197 1908 263 1949 16.

199 2050 264 2091 17.

206 2763 274 2804 23.

304 477 429 520 Libro
461 478 501 519 4.
532 476 790 530 Augustinus
825 475 882 517 ait
913 475 963 517 de
995 475 1072 517 civ.
1097 474 1163 517 dei
1195 487 1283 528 cap.
1308 474 1347 514 4.
1398 472 1652 523 (Alexander
1683 471 1769 514 und
1800 470 1873 513 der

307 549 557 600 seer'auber.)

248 654 256 662 .
306 620 379 662 Ait
409 620 588 663 valerius
620 619 725 661 libro
751 618 815 659 VI.
841 617 949 672 quod
982 617 1180 659 salautus.
1230 615 1476 667 (Zaleucus.)
1523 614 1594 656 lat.
1618 614 1688 657 50.

305 691 379 733 Ait
409 691 587 733 valerius
626 690 730 732 libro
753 689 801 731 V.
833 689 883 731 de
916 692 1125 730 senectute
1158 688 1207 730 de
1239 687 1404 729 chodro.
1455 685 1661 739 (Codrus.)
1709 684 1778 726 lat.
1803 685 1872 725 41.

307 762 423 805 Sicut
456 763 513 804 ait
544 762 724 804 resccius
756 761 862 803 libro
885 761 924 802 4.
952 761 1001 802 de
1023 774 1067 802 re
1091 759 1273 801 militari.
1321 758 1550 805 (Fabricius
1572 757 1656 800 und
1677 755 1875 812 Pyrrhus,

306 834 431 888 gold.)

306 906 460 948 Narrat
492 918 676 946 armenus
708 903 834 945 florus
863 904 905 945 in
929 903 1116 959 hystoria
1136 903 1428 944 Romanorum.
1479 900 1723 953 (Fabricius,
1757 898 1876 949 arzt.)

307 977 370 1019 De
401 976 593 1019 libertate
626 975 854 1018 allexandri
887 979 1032 1017 narrat
1057 974 1212 1017 Seneca
1243 973 1312 1015 lib.
1333 974 1371 1015 2.
1397 973 1447 1015 (16
1469 971 1690 1015 beneficiis.
1740 969 1879 1023 (Stadt

308 1048 586 1097 verschenkt.)

251 1153 260 1162 .
306 1120 460 1162 Narrat
491 1132 638 1161 seneca
670 1119 720 1160 de
753 1118 948 1171 antigono
981 1117 1085 1159 libro
1119 1117 1368 1172 supradicto.
1418 1115 1584 1162 (Talent
1606 1128 1657 1156 zu
1679 1113 1773 1167 viel,
1806 1112 1876 1155 de-

311 1206 386 1233 nar
419 1205 469 1233 zu
502 1191 666 1244 wenig.)

308 1263 462 1305 Narrat
494 1262 674 1304 valerius
706 1262 811 1304 libro
846 1263 884 1303 4.
936 1261 1230 1315 (Biirgschast.)
1277 1260 1347 1301 lat.
1377 1259 1471 1301 108.

307 1333 567 1390 Elymandus
596 1334 639 1375 in
661 1334 788 1387 gestis
810 1333 1088 1375 Romanorum
1113 1335 1268 1374 narrat.
1313 1331 1479 1384 (Trajan
1502 1329 1586 1370 und
1608 1328 1674 1370 die
1695 1327 1880 1379 wittwe.)

308 1406 463 1448 Narrat
494 1405 649 1460 plinius
683 1404 791 1459 quod
824 1404 1048 1446 victoribus
1081 1402 1361 1446 redeuntibus.
1412 1400 1664 1456 (Triumph.)
1715 1399 1787 1441 lat.
1811 1400 1880 1441 30.

309 1477 463 1519 Narrat
493 1477 603 1519 idem
635 1476 815 1519 valerius
847 1477 889 1518 in
911 1476 981 1518 lib.
1000 1477 1040 1517 4.
1087 1474 1422 1528 (Mantigeturius
1445 1473 1530 1514 und
1552 1472 1618 1514 die
1641 1470 1881 1522 Samnites.)

310 1548 473 1591 Dicitur
504 1548 547 1590 in
579 1548 666 1589 vita
696 1548 899 1590 »Iohannis
932 1547 1142 1590 elemosin.
1194 1546 1357 1598 (Kaiser
1387 1544 1473 1586 und
1505 1542 1571 1586 die
1603 1542 1850 1592 bildhauer.)

310 1621 515 1663 Narratur
547 1619 652 1662 libro
686 1620 819 1675 primo
853 1619 902 1661 de
934 1620 1054 1671 nugis
1083 1617 1450 1673 phylosophorum.
1502 1614 1685 1667 (Narben
1708 1613 1883 1668 zeigen.)

310 1692 381 1734 lat.
408 1692 475 1733 87.

311 1763 442 1818 Papia
474 1762 575 1804 dicit
607 1762 715 1817 quod
748 1762 1001 1804 achademia.
1052 1760 1292 1813 (Academie
1326 1760 1390 1802 bei
1422 1759 1592 1810 Athen.)

310 1834 463 1877 Narrat
485 1833 662 1876 valerius
686 1834 795 1888 quod
817 1847 1088 1887 anaxagoras.
1128 1833 1279 1884 (Anax.
1299 1831 1408 1873 beim
1429 1830 1526 1873 tode
1549 1829 1682 1872 seines
1705 1828 1885 1880 sohnes.)

312 1906 515 1948 Narratur
547 1906 644 1947 item
680 1905 728 1947 de
761 1904 855 1946 filiis
888 1905 1179 1947 Romanorum.
1232 1903 1386 1950 (Sbhne
1407 1902 1549 1944 todten
1570 1901 1660 1944 ihre
1683 1903 1800 1943 v'ater
1821 1900 1885 1942 bis

314 1978 386 2020 auf
415 1977 566 2028 einen.)

312 2049 427 2091 Dicit
450 2048 665 2103 egelippus
692 2048 733 2089 in
756 2047 940 2091 cladibus
957 2047 1190 2101 judeorum.
1241 2046 1344 2098 (Gift
1365 2046 1428 2087 ins
1452 2044 1539 2098 ohr,
1571 2043 1687 2087 nicht
1707 2043 1886 2099 priester

315 2135 367 2162 zu
399 2119 596 2169 werden.)

313 2191 535 2234 Detractor
567 2190 714 2232 similis
746 2195 809 2233 est
840 2191 954 2246 ydro.
1004 2188 1349 2242 (Drachenz‘ahne
1383 2188 1512 2238 saen.)

316 2263 418 2305 Item
464 2262 601 2304 Julius
653 2276 768 2304 cesar
814 2262 976 2305 rediens
1024 2276 1048 2303 a
1094 2261 1369 2315 delegacione.
1434 2257 1606 2305 (Findet
1651 2257 1764 2313 topfe
1812 2256 1889 2298 mit

319 2334 575 2387 schlangen.)

317 2406 426 2448 Nota
448 2404 684 2459 exemplum
707 2405 756 2446 de
779 2419 919 2460 symea
939 2408 979 2447 et
996 2404 1240 2447 catulorum.
1275 2402 1383 2455 (Affe
1405 2401 1546 2443 riihmt
1567 2401 1680 2442 seine
1695 2399 1884 2455 jungen.)

262 2511 270 2519 .
318 2477 466 2520 Petrus
506 2476 729 2532 alphonsus
769 2476 869 2518 dicit
908 2476 1017 2530 quod
1056 2476 1237 2530 quidam.
1294 2473 1417 2523 (Dieb
1456 2473 1513 2514 im
1545 2471 1732 2524 schatze3
1774 2470 1888 2514 weilt
1933 2498 1934 2506 .

321 2563 373 2590 zu
404 2548 538 2591 lancre.

319 2620 423 2662 Item
461 2549 556 2672 legi)
582 2618 689 2673 quod
721 2618 848 2660 semel
878 2618 957 2660 fuit
989 2618 1159 2672 quidam
1190 2617 1324 2659 homo,
1381 2615 1505 2669 (Zwei
1537 2614 1788 2669 brautpaare
1821 2612 1889 2655 be-

322 2690 532 2741 trachtet.)

322 2762 464 2804 Refert
501 2760 661 2803 oracius
700 2759 805 2801 libro
828 2760 876 2801 V.
908 2760 957 2802 de
989 2760 1174 2802 cladibus
1205 2770 1484 2802 romanorum.
1541 2756 1646 2808 (Auf
1673 2755 1798 2809 berge
1829 2767 1892 2797 er-

325 2833 495 2883 sroren.)

208 2904 275 2945 24.
325 2904 371 2945 111
410 2902 689 2946 ecelesiastica
726 2902 913 2957 hystoria
952 2902 1021 2945 lib.
1047 2903 1085 2943 3.
1120 2914 1210 2957 cap.
1235 2902 1291 2943 20
1329 2899 1493 2954 legitur.
1558 2897 1787 2950 (Domitian
1826 2894 1892 2939 bei

326 2974 480 3017 Christi
514 2974 719 3024 ankunft.)
