1949 3162
1005 63 1090 106 552

204 173 393 213 redditur
424 179 461 212 et
479 171 703 224 famosior.
759 171 979 225 Virqilius,
1014 171 1316 226 Lon-(jobardus
1350 172 1529 226 origine,
1561 173 1730 212 natione
1761 172 1886 213 Man-

205 251 354 284 tuanus
388 244 598 298 prosapia
637 242 786 283 humili
823 250 957 294 ortus,
999 244 1206 298 sapientia
1245 250 1379 283 tamen
1409 244 1612 283 maximus
1644 250 1681 284 et
1711 244 1884 284 eximius

200 322 419 370 poetarum
452 313 614 354 claruit.
659 312 758 354 Cum
791 314 961 368 quidam
991 313 1073 354 sibi
1102 315 1265 365 diceret,
1301 314 1412 368 quod
1442 328 1582 353 versus
1607 313 1749 355 Omeri
1769 316 1887 369 operi

208 400 280 426 suo
314 386 531 436 insereret,
572 385 807 440 respondit,
847 400 1098 439 maqnarum
1136 399 1218 425 esse
1247 386 1400 425 virium
1431 384 1591 425 clavam
1622 393 1805 426 eoecutere
1835 386 1886 426 de

134 461 155 496 5
204 471 331 496 manu
363 455 569 496 Herculis.
608 456 797 507 Quintus,
833 457 907 510 qui
935 458 981 496 in
1010 458 1088 497 isto
1120 457 1306 496 scacario
1341 456 1445 496 ludit
1476 464 1510 496 et
1541 457 1794 508 nominatur,
1829 463 1886 497 est

202 528 364 582 reyina,
398 527 514 580 cujus
540 542 789 583 proqressus
822 535 879 568 est
910 528 958 567 cle
989 526 1081 568 albo
1114 529 1159 567 in
1189 529 1371 582 myrum,
1407 534 1442 567 et
1465 528 1643 582 ponitur
1663 526 1790 580 juxta
1817 541 1885 568 re-

200 613 314 654 9em;
354 606 390 639 et
430 599 596 653 quando
635 599 787 639 recedit
826 615 852 639 a
889 613 1006 654 reye,
1047 600 1222 653 capitur.
1289 596 1377 649 Que
1408 613 1500 638 cum
1530 605 1642 638 mota
1666 597 1806 651 suerit
1835 598 1889 639 de

197 671 379 725 proprio
414 671 575 724 quadro
607 671 752 724 niqro,
785 669 859 710 ubi
882 672 1023 725 primo
1054 669 1148 724 fuit
1180 670 1334 721 locata,
1374 684 1458 710 non
1483 677 1620 724 potest
1643 669 1886 724 procedere,

205 741 292 780 nisi
321 756 347 781 a
379 741 540 795 quadro
572 742 618 781 in
651 742 858 795 quadrum
889 756 1036 793 unum,
1071 749 1108 782 et
1137 741 1211 782 boc
1242 741 1523 796 anyulariter,
1557 742 1641 781 sive
1665 741 1882 796 procedat,

136 817 178 852 10
203 812 287 852 sive
317 812 560 863 retrocedat,
594 813 678 852 sice
700 813 853 867 capiat,
887 813 970 852 sice
992 814 1196 867 capiatur.
1233 811 1318 854 Sed
1339 814 1377 853 si
1398 819 1610 867 queratur,
1643 826 1718 852 cur
1737 813 1891 867 reyina,

205 882 320 923 bellis
353 891 597 938 ea‘ponatur,
632 898 722 923 cum
754 883 933 924 conditio
966 884 1151 924 mulieris
1185 883 1329 924 debilis
1361 885 1415 924 sit
1446 892 1482 924 et
1500 883 1703 938 srayilis,
1745 883 1882 923 dicen-

203 954 301 994 dum
333 961 410 1005 est,
452 955 490 994 si
519 955 624 994 scire
654 954 844 1005 velimus,
890 955 1002 1009 quod
1030 969 1184 995 morem
1219 955 1391 996 illarum
1426 954 1644 995 mulierum
1683 956 1882 1009 sequitur,

201 1025 276 1066 ubi
304 1027 388 1066 viri
418 1026 474 1066 ad
505 1025 611 1065 bella
636 1025 903 1080 procedentes
933 1026 1124 1066 mulieres
1157 1034 1194 1067 et
1223 1041 1371 1067 ultores
1394 1041 1485 1067 cum
1517 1033 1602 1067 tota
1620 1025 1799 1079 santilia
1829 1026 1886 1066 ad

203 1105 341 1137 castra
380 1097 665 1146 deducuntur5
713 1095 886 1137 Tartari
924 1098 1030 1137 enim
1069 1097 1143 1138 boc
1170 1097 1364 1151 faciunt,
1406 1105 1443 1138 et
1481 1097 1573 1138 licet
1600 1111 1685 1138 non
1715 1104 1886 1138 utantur

135 1174 177 1209 15
203 1183 319 1219 arcu,
352 1169 486 1223 mayis
511 1176 692 1223 possunt
723 1175 858 1208 tamen
893 1167 1073 1208 homines
1104 1170 1320 1224 impedire,
1363 1184 1488 1224 quam
1519 1169 1707 1224 corporis
1736 1169 1886 1210 virtute

196 1247 471 1296 prosternere.
516 1238 567 1279 In
598 1239 799 1280 solacium
831 1248 966 1280 tamen
996 1241 1104 1294 reglis
1125 1240 1293 1294 sactum
1324 1248 1382 1281 est
1412 1248 1448 1281 et
1478 1241 1535 1281 ad
1565 1241 1719 1280 amoris
1751 1247 1884 1280 osten-

204 1312 358 1352 sionem
387 1312 618 1366 provisum,
652 1318 698 1351 ut
728 1311 784 1350 ad
815 1309 919 1351 bella
951 1325 1086 1366 reqem
1115 1313 1262 1367 reyina
1292 1320 1500 1366 sequatur.
1550 1309 1778 1363 Carissimi,
1805 1324 1887 1366 per

201 1383 391 1437 reyinam
421 1384 605 1423 animam
634 1390 820 1422 vnostram
850 1382 1139 1437 intelliyzbnus,
1183 1398 1260 1438 que
1298 1384 1443 1437 reqina
1481 1384 1526 1423 in
1557 1382 1652 1423 celis
1688 1397 1766 1438 per
1796 1390 1882 1422 tra-

202 1455 340 1494 mitem
371 1453 573 1494 bonorum
605 1468 775 1508 operum
815 1455 1091 1494 constituetur.
1145 1454 1234 1495 Hec
1264 1455 1410 1509 reyina
1442 1453 1539 1494 alba
1569 1461 1627 1494 est
1666 1461 1701 1495 et
1736 1455 1884 1508 niqra,-

134 1531 179 1566 20
203 1525 301 1566 alba
332 1540 414 1581 per
453 1524 750 1579 confessionem,
787 1533 824 1565 et
861 1524 1180 1577 absolutionem,
1224 1526 1390 1581 quando
1431 1540 1570 1566 servus
1609 1525 1695 1578 ejus
1733 1524 1887 1565 scilicet

203 1612 354 1652 corpus
379 1611 489 1652 pure
521 1597 730 1649 confitetur
763 1605 797 1637 et
830 1595 1078 1649 absolvitur,
1120 1597 1382 1652 satisfaciens
1414 1612 1497 1653 pro
1530 1597 1688 1638 delictis
1716 1597 1763 1637 in
1793 1604 1884 1637 tan-

203 1676 286 1709 tam
317 1668 546 1709 albedinem
581 1665 677 1720 [141
692 1666 733 1721 b]
766 1669 969 1720 redditur,
1004 1676 1040 1709 et
1071 1669 1201 1709 decies
1233 1669 1388 1709 clarior
1418 1668 1502 1709 sole
1532 1667 1774 1724 apparebit3
1813 1668 1886 1709 sed

202 1741 329 1795 niqra
375 1739 552 1794 efficitur
585 1755 666 1795 per
698 1741 865 1796 peccati
889 1740 1120 1794 s'ztlzyirzeni
1166 1749 1202 1780 et
1240 1741 1579 1795 deturpationem.
1642 1739 1729 1780 Hec
1757 1738 1886 1793 juxta

202 1826 337 1866 reqem
368 1819 476 1852 stare
508 1810 644 1860 debet,·
685 1812 798 1866 quod
828 1813 866 1852 si
894 1826 978 1852 non
997 1811 1169 1865 fecerit,
1211 1812 1376 1866 capitur
1406 1819 1443 1851 et
1479 1811 1672 1852 violatur.
1727 1810 1886 1852 Anima

134 1886 178 1921 25
203 1884 311 1924 enim
341 1890 486 1923 nostra
517 1883 573 1922 ad
603 1882 678 1923 lzoc
710 1884 880 1938 corpori
908 1882 1051 1937 infusa
1084 1890 1160 1934 est,
1200 1890 1246 1923 ut
1276 1882 1361 1935 ejus
1391 1884 1703 1937 recuperatione
1733 1889 1770 1923 et
1799 1882 1883 1923 sal-

202 1955 366 1995 vatione
397 1954 639 2008 anqelorum
673 1956 884 2005 exercitus,
920 1956 994 2009 qui
1021 1955 1189 1994 ruinam
1210 1969 1405 2008 maynam
1437 1968 1528 1994 cum
1548 1953 1746 2008 Lucifero
1765 1953 1883 2008 fece-

203 2032 284 2076 rat,
319 2025 376 2065 ad
404 2026 611 2079 inteyrum
640 2033 907 2076 restauretur,
951 2033 988 2066 et
1017 2033 1062 2065 ut
1091 2026 1148 2065 ad
1177 2040 1313 2080 reyem
1340 2025 1474 2080 9lorie
1505 2032 1550 2065 ut
1578 2026 1726 2080 reqina
1757 2024 1882 2066 collo'-

205 2103 326 2137 cetur.
364 2094 452 2147 Que
483 2111 574 2136 cum
605 2112 631 2136 a
660 2111 768 2151 regse,
802 2097 916 2149 cujus
949 2111 1050 2136 cura
1080 2097 1238 2151 reyitur
1270 2103 1305 2136 et
1332 2095 1604 2150 yspaniam,
1637 2097 1882 2148 discesserit,

205 2168 371 2222 capitur
403 2174 438 2207 et
462 2181 543 2222 per
572 2168 768 2208 mortalia
787 2167 913 2222 facta
944 2168 1000 2208 ad
1027 2167 1187 2221 inferos
1217 2174 1436 2219 mattatur,
1471 2176 1506 2208 et
1534 2167 1597 2208 ibi
1623 2169 1883 2223 irrecupera-

135 2246 179 2279 30
205 2237 341 2278 bil-iter
371 2238 634 2293 demeiyitur,
669 2247 706 2279 et
737 2240 925 2293 quamvis
955 2239 1102 2293 reqina
1133 2240 1215 2278 ista
1244 2239 1271 2278 i.
1297 2253 1327 2279 e.
1353 2240 1495 2279 anima
1524 2238 1574 2280 ab
1598 2247 1713 2280 extra-
1734 2238 1885 2280 bellare

203 2310 382 2360 nesciat,
423 2324 572 2364 corpus
605 2318 760 2362 tamen,
802 2319 845 2350 ut
875 2311 1088 2350 meritoria
1120 2317 1323 2365 operetur,
1358 2309 1521 2350 abintus
1557 2312 1744 2365 instiyet,
1785 2311 1885 2365 quia

205 2395 356 2435 corpus
385 2388 573 2421 nostrum
605 2382 711 2421 sicut
740 2382 920 2421 insessor
951 2396 1099 2435 eqmtm
1131 2382 1273 2421 anima
1303 2382 1329 2421 i.
1355 2395 1384 2421 e.
1410 2382 1516 2421 ratio
1541 2388 1683 2421 nostra
1706 2382 1885 2436 diriyere

205 2450 320 2492 debet
357 2452 414 2491 ad
446 2453 612 2492 vvirtutes
645 2460 681 2491 et
710 2452 962 2505 informare,
999 2467 1049 2492 ne
1079 2452 1191 2492 ultra
1224 2452 1370 2492 limites
1400 2453 1692 2493 mandatorum
1722 2452 1884 2493 ecclesie

199 2523 421 2578 prosiliat,
470 2523 541 2563 sed
577 2530 684 2563 recto
724 2524 886 2564 tramite
925 2525 973 2564 de
1013 2524 1174 2579 quadro
1214 2525 1337 2563 unius
1381 2525 1545 2564 virtutis
1589 2525 1634 2564 in
1677 2524 1908 2578 quadrum*

137 2602 180 2636 35
206 2594 374 2634 alterius
403 2608 589 2648 qressum
608 2593 771 2646 s'aciat3
797 2603 1023 2649 propterea
1052 2596 1198 2649 reyina
1227 2596 1274 2634 in
1294 2594 1506 2635 schacario
1525 2609 1711 2649 yressum
1733 2595 1884 2636 lentum

207 2673 243 2705 et
270 2679 355 2705 non
386 2665 535 2705 saltum
567 2664 682 2704 debet
711 2664 858 2705 habere
890 2674 926 2706 et
955 2666 1073 2720 infra
1098 2667 1298 2721 proprios
1324 2666 1470 2706 limites
1495 2680 1753 2720 permanere,
1784 2680 1884 2706 nam

206 2735 366 2790 Dyana
397 2735 528 2776 Jacob
556 2735 654 2787 filia
684 2737 964 2790 viryinitatem
995 2738 1185 2788 servavit,
1219 2737 1317 2777 dum
1347 2738 1393 2777 in
1425 2737 1544 2777 domo
1565 2736 1758 2790 fratrum
1787 2751 1882 2778 suo-

205 2820 298 2846 rum
331 2808 498 2861 quievit,
533 2808 603 2847 sed
633 2808 772 2847 statim
802 2821 892 2847 cum
923 2809 980 2848 ad
1008 2809 1232 2848 videndum
1262 2807 1370 2848 alias
1399 2809 1585 2862 reqiones
1607 2809 1766 2849 curiose
1796 2809 1882 2848 exi-

206 2878 278 2928 vit,
313 2893 338 2917 a
359 2878 453 2930 filio
487 2877 638 2920 Siclten
670 2886 865 2932 corrupta
885 2878 989 2932 fuit.
1055 2878 1213 2921 Seneca
1250 2879 1371 2930 dicit,
1413 2879 1525 2933 quod
1552 2879 1764 2932 mulieres,
1807 2893 1884 2934 que

138 2955 183 2990 40
206 2947 362 2988 malam
387 2948 551 3001 faciem
587 2948 754 2999 liabent,
799 2948 901 2990 leves
933 2957 971 2989 et
999 2950 1208 3003 impudice
1238 2957 1355 2998 sunt3
1394 2963 1478 2989 non
1516 2951 1624 2990 enim
1659 2950 1746 2991 illis
1776 2950 1886 2992 deest
1929 3002 1933 3003 ⁷
