<?xml version="1.0" encoding="UTF-8"?>
<!DOCTYPE html PUBLIC "-//W3C//DTD XHTML 1.0 Transitional//EN"
    "http://www.w3.org/TR/xhtml1/DTD/xhtml1-transitional.dtd">
<html xmlns="http://www.w3.org/1999/xhtml" xml:lang="en" lang="en">
 <head>
  <title>
</title>
<meta http-equiv="Content-Type" content="text/html;charset=utf-8" />
  <meta name='ocr-system' content='tesseract 3.04.00' />
  <meta name='ocr-capabilities' content='ocr_page ocr_carea ocr_par ocr_line ocrx_word'/>
</head>
<body>
  <div class='ocr_page' id='page_1' title='image "./gestaromanorum00oestuoft_0560.png"; bbox 0 0 1949 3162; ppageno 0'>
   <div class='ocr_carea' id='block_1_1' title="bbox 990 65 1075 106">
    <p class='ocr_par' dir='ltr' id='par_1_1' title="bbox 990 65 1075 106">
     <span class='ocr_line' id='line_1_1' title="bbox 990 65 1075 106; baseline 0 0"><span class='ocrx_word' id='word_1_1' title='bbox 990 65 1075 106; x_wconf 80' lang='lat'><em>538</em></span> 
     </span>
    </p>
   </div>
   <div class='ocr_carea' id='block_1_2' title="bbox 112 171 1882 1991">
    <p class='ocr_par' dir='ltr' id='par_1_2' title="bbox 112 171 1882 1991">
     <span class='ocr_line' id='line_1_2' title="bbox 186 171 1877 226; baseline -0.001 -13"><span class='ocrx_word' id='word_1_2' title='bbox 186 173 459 213; x_wconf 82' lang='lat' dir='ltr'><em>monoculum.</em></span> <span class='ocrx_word' id='word_1_3' title='bbox 517 171 671 213; x_wconf 80' lang='lat' dir='ltr'><em>Statim</em></span> <span class='ocrx_word' id='word_1_4' title='bbox 716 173 819 212; x_wconf 78' lang='lat' dir='ltr'><em>cluos</em></span> <span class='ocrx_word' id='word_1_5' title='bbox 858 172 1052 212; x_wconf 77' lang='lat' dir='ltr'><em>denarios</em></span> <span class='ocrx_word' id='word_1_6' title='bbox 1085 171 1135 211; x_wconf 88' lang='lat' dir='ltr'><em>ab</em></span> <span class='ocrx_word' id='word_1_7' title='bbox 1169 185 1213 211; x_wconf 90' lang='lat' dir='ltr'><em>eo</em></span> <span class='ocrx_word' id='word_1_8' title='bbox 1250 173 1384 226; x_wconf 83' lang='lat' dir='ltr'><em>petiit.</em></span> <span class='ocrx_word' id='word_1_9' title='bbox 1440 171 1560 213; x_wconf 83' lang='lat' dir='ltr'><em>Alter</em></span> <span class='ocrx_word' id='word_1_10' title='bbox 1598 173 1699 212; x_wconf 81' lang='lat' dir='ltr'><em>dare</em></span> <span class='ocrx_word' id='word_1_11' title='bbox 1728 173 1877 224; x_wconf 87' lang='lat' dir='ltr'><em>noluit,</em></span> 
     </span>
     <span class='ocr_line' id='line_1_3' title="bbox 187 242 1877 298; baseline 0 -15"><span class='ocrx_word' id='word_1_12' title='bbox 187 245 259 284; x_wconf 78' lang='lat' dir='ltr'><em>sesl</em></span> <span class='ocrx_word' id='word_1_13' title='bbox 277 244 433 297; x_wconf 64' lang='lat' dir='ltr'><em>s&#39;vtqere</em></span> <span class='ocrx_word' id='word_1_14' title='bbox 457 244 696 298; x_wconf 84' lang='lat' dir='ltr'><em>proposuit.</em></span> <span class='ocrx_word' id='word_1_15' title='bbox 748 242 833 284; x_wconf 73' lang='lat' dir='ltr'><em>,Sed</em></span> <span class='ocrx_word' id='word_1_16' title='bbox 853 242 1021 294; x_wconf 79' lang='lat' dir='ltr'><em>janitor</em></span> <span class='ocrx_word' id='word_1_17' title='bbox 1045 256 1126 296; x_wconf 91' lang='lat' dir='ltr'><em>per</em></span> <span class='ocrx_word' id='word_1_18' title='bbox 1158 243 1379 296; x_wconf 83' lang='lat' dir='ltr'><em>capucium</em></span> <span class='ocrx_word' id='word_1_19' title='bbox 1410 256 1501 282; x_wconf 83' lang='lat' dir='ltr'><em>eum</em></span> <span class='ocrx_word' id='word_1_20' title='bbox 1532 244 1674 294; x_wconf 73' lang='lat' dir='ltr'><em>traxit,</em></span> <span class='ocrx_word' id='word_1_21' title='bbox 1710 250 1747 283; x_wconf 87' lang='lat' dir='ltr'><em>et</em></span> <span class='ocrx_word' id='word_1_22' title='bbox 1777 257 1877 294; x_wconf 84' lang='lat' dir='ltr'><em>ecce,</em></span> 
     </span>
     <span class='ocr_line' id='line_1_4' title="bbox 185 311 1876 368; baseline 0 -15"><span class='ocrx_word' id='word_1_23' title='bbox 185 315 342 354; x_wconf 80' lang='lat' dir='ltr'><em>nudato</em></span> <span class='ocrx_word' id='word_1_24' title='bbox 376 315 512 368; x_wconf 79' lang='lat' dir='ltr'><em>capite</em></span> <span class='ocrx_word' id='word_1_25' title='bbox 532 313 628 366; x_wconf 79' lang='lat' dir='ltr'><em>jam</em></span> <span class='ocrx_word' id='word_1_26' title='bbox 651 313 862 354; x_wconf 79' lang='lat' dir='ltr'><em>scabiosus</em></span> <span class='ocrx_word' id='word_1_27' title='bbox 885 314 1099 367; x_wconf 77' lang='lat' dir='ltr'><em>apparuit.</em></span> <span class='ocrx_word' id='word_1_28' title='bbox 1146 311 1300 353; x_wconf 83' lang='lat' dir='ltr'><em>Statim</em></span> <span class='ocrx_word' id='word_1_29' title='bbox 1322 320 1402 353; x_wconf 83' lang='lat' dir='ltr'><em>tres</em></span> <span class='ocrx_word' id='word_1_30' title='bbox 1423 314 1617 353; x_wconf 81' lang='lat' dir='ltr'><em>denarios</em></span> <span class='ocrx_word' id='word_1_31' title='bbox 1634 313 1876 367; x_wconf 83' lang='lat' dir='ltr'><em>postulavit.</em></span> 
     </span>
     <span class='ocr_line' id='line_1_5' title="bbox 190 382 1881 438; baseline -0.001 -12"><span class='ocrx_word' id='word_1_32' title='bbox 190 382 396 426; x_wconf 81' lang='lat' dir='ltr'><em>Gibbosus</em></span> <span class='ocrx_word' id='word_1_33' title='bbox 428 384 498 424; x_wconf 80' lang='lat' dir='ltr'><em>hec</em></span> <span class='ocrx_word' id='word_1_34' title='bbox 529 385 687 436; x_wconf 69' lang='lat' dir='ltr'><em>videns,</em></span> <span class='ocrx_word' id='word_1_35' title='bbox 719 385 877 438; x_wconf 82' lang='lat' dir='ltr'><em>incepit</em></span> <span class='ocrx_word' id='word_1_36' title='bbox 908 385 946 423; x_wconf 79' lang='lat' dir='ltr'><em>ei</em></span> <span class='ocrx_word' id='word_1_37' title='bbox 966 385 1166 433; x_wconf 80' lang='lat' dir='ltr'><em>resistere,</em></span> <span class='ocrx_word' id='word_1_38' title='bbox 1200 384 1451 438; x_wconf 81' lang='lat' dir='ltr'><em>nudatisque</em></span> <span class='ocrx_word' id='word_1_39' title='bbox 1473 383 1655 424; x_wconf 76' lang='lat' dir='ltr'><em>brachiis</em></span> <span class='ocrx_word' id='word_1_40' title='bbox 1676 385 1881 438; x_wconf 88' lang='lat' dir='ltr'><em>apparuit</em></span> 
     </span>
     <span class='ocr_line' id='line_1_6' title="bbox 138 452 1880 509; baseline 0 -15"><span class='ocrx_word' id='word_1_41' title='bbox 138 461 160 494; x_wconf 82' lang='lat'>5</span> <span class='ocrx_word' id='word_1_42' title='bbox 184 455 512 509; x_wconf 31' lang='lat' dir='ltr'><em>impetitqinosus.</em></span> <span class='ocrx_word' id='word_1_43' title='bbox 555 455 729 496; x_wconf 78' lang='lat' dir='ltr'><em>Janitor</em></span> <span class='ocrx_word' id='word_1_44' title='bbox 758 470 853 495; x_wconf 74' lang='lat' dir='ltr'><em>vero</em></span> <span class='ocrx_word' id='word_1_45' title='bbox 888 462 1083 509; x_wconf 77' lang='lat' dir='ltr'><em>quartum</em></span> <span class='ocrx_word' id='word_1_46' title='bbox 1115 454 1335 493; x_wconf 80' lang='lat' dir='ltr'><em>denarium</em></span> <span class='ocrx_word' id='word_1_47' title='bbox 1358 454 1601 508; x_wconf 86' lang='lat' dir='ltr'><em>postulavit.</em></span> <span class='ocrx_word' id='word_1_48' title='bbox 1641 452 1719 494; x_wconf 87' lang='lat' dir='ltr'><em>Cui</em></span> <span class='ocrx_word' id='word_1_49' title='bbox 1738 453 1880 508; x_wconf 74' lang='lat' dir='ltr'><em>defen-</em></span> 
     </span>
     <span class='ocr_line' id='line_1_7' title="bbox 186 525 1881 580; baseline 0 -15"><span class='ocrx_word' id='word_1_50' title='bbox 186 526 300 565; x_wconf 82' lang='lat' dir='ltr'><em>clenti</em></span> <span class='ocrx_word' id='word_1_51' title='bbox 329 540 510 580; x_wconf 82' lang='lat' dir='ltr'><em>cappam</em></span> <span class='ocrx_word' id='word_1_52' title='bbox 542 525 733 577; x_wconf 76' lang='lat' dir='ltr'><em>abstulit,</em></span> <span class='ocrx_word' id='word_1_53' title='bbox 776 534 813 566; x_wconf 91' lang='lat' dir='ltr'><em>et</em></span> <span class='ocrx_word' id='word_1_54' title='bbox 849 527 1017 566; x_wconf 80' lang='lat' dir='ltr'><em>cadente</em></span> <span class='ocrx_word' id='word_1_55' title='bbox 1054 525 1130 565; x_wconf 84' lang='lat' dir='ltr'><em>illa</em></span> <span class='ocrx_word' id='word_1_56' title='bbox 1171 525 1386 565; x_wconf 74' lang='lat' dir='ltr'><em>herniosus</em></span> <span class='ocrx_word' id='word_1_57' title='bbox 1425 526 1650 579; x_wconf 83' lang='lat' dir='ltr'><em>apparuit3</em></span> <span class='ocrx_word' id='word_1_58' title='bbox 1690 526 1881 580; x_wconf 81' lang='lat' dir='ltr'><em>quintum</em></span> 
     </span>
     <span class='ocr_line' id='line_1_8' title="bbox 186 595 1881 651; baseline 0 -15"><span class='ocrx_word' id='word_1_59' title='bbox 186 610 316 651; x_wconf 82' lang='lat' dir='ltr'><em>quare</em></span> <span class='ocrx_word' id='word_1_60' title='bbox 348 597 567 636; x_wconf 80' lang='lat' dir='ltr'><em>denarium</em></span> <span class='ocrx_word' id='word_1_61' title='bbox 600 596 650 636; x_wconf 88' lang='lat' dir='ltr'><em>ab</em></span> <span class='ocrx_word' id='word_1_62' title='bbox 684 611 728 637; x_wconf 91' lang='lat' dir='ltr'><em>eo</em></span> <span class='ocrx_word' id='word_1_63' title='bbox 755 598 892 651; x_wconf 81' lang='lat' dir='ltr'><em>petiit,</em></span> <span class='ocrx_word' id='word_1_64' title='bbox 927 604 961 636; x_wconf 86' lang='lat' dir='ltr'><em>et</em></span> <span class='ocrx_word' id='word_1_65' title='bbox 993 597 1052 636; x_wconf 86' lang='lat' dir='ltr'><em>sic</em></span> <span class='ocrx_word' id='word_1_66' title='bbox 1083 596 1268 650; x_wconf 60' lang='lat' dir='ltr'><em>conticit,</em></span> <span class='ocrx_word' id='word_1_67' title='bbox 1303 597 1416 650; x_wconf 78' lang='lat' dir='ltr'><em>quod</em></span> <span class='ocrx_word' id='word_1_68' title='bbox 1448 597 1523 650; x_wconf 80' lang='lat' dir='ltr'><em>qui</em></span> <span class='ocrx_word' id='word_1_69' title='bbox 1550 611 1680 636; x_wconf 85' lang='lat' dir='ltr'><em>unum</em></span> <span class='ocrx_word' id='word_1_70' title='bbox 1711 596 1760 636; x_wconf 84' lang='lat' dir='ltr'><em>de</em></span> <span class='ocrx_word' id='word_1_71' title='bbox 1780 595 1881 649; x_wconf 81' lang='lat' dir='ltr'><em>jure</em></span> 
     </span>
     <span class='ocr_line' id='line_1_9' title="bbox 186 667 1027 721; baseline 0 -15"><span class='ocrx_word' id='word_1_72' title='bbox 186 667 288 707; x_wconf 76' lang='lat' dir='ltr'><em>clare</em></span> <span class='ocrx_word' id='word_1_73' title='bbox 318 667 467 718; x_wconf 84' lang='lat' dir='ltr'><em>noluit,</em></span> <span class='ocrx_word' id='word_1_74' title='bbox 501 669 656 707; x_wconf 74' lang='lat' dir='ltr'><em>invitus</em></span> <span class='ocrx_word' id='word_1_75' title='bbox 689 669 873 721; x_wconf 79' lang='lat' dir='ltr'><em>quinque</em></span> <span class='ocrx_word' id='word_1_76' title='bbox 904 667 1027 707; x_wconf 76' lang='lat' dir='ltr'><em>(ledit.</em></span> 
     </span>
     <span class='ocr_line' id='line_1_10' title="bbox 303 736 1880 791; baseline 0 -14"><span class='ocrx_word' id='word_1_77' title='bbox 303 737 594 778; x_wconf 62' lang='lat' dir='ltr'><em>bloralizacio.</em></span> <span class='ocrx_word' id='word_1_78' title='bbox 640 736 872 789; x_wconf 79' lang='lat' dir='ltr'><em>Carissimi,</em></span> <span class='ocrx_word' id='word_1_79' title='bbox 905 739 981 778; x_wconf 88' lang='lat' dir='ltr'><em>iste</em></span> <span class='ocrx_word' id='word_1_80' title='bbox 1010 738 1244 791; x_wconf 85' lang='lat' dir='ltr'><em>imperatur</em></span> <span class='ocrx_word' id='word_1_81' title='bbox 1276 744 1334 777; x_wconf 89' lang='lat' dir='ltr'><em>est</em></span> <span class='ocrx_word' id='word_1_82' title='bbox 1354 737 1546 777; x_wconf 82' lang='lat' dir='ltr'><em>dominus</em></span> <span class='ocrx_word' id='word_1_83' title='bbox 1569 744 1708 778; x_wconf 88' lang='lat' dir='ltr'><em>noster</em></span> <span class='ocrx_word' id='word_1_84' title='bbox 1728 736 1880 777; x_wconf 76' lang='lat' dir='ltr'><em>Jhesus</em></span> 
     </span>
     <span class='ocr_line' id='line_1_11' title="bbox 116 806 1881 864; baseline 0.001 -18"><span class='ocrx_word' id='word_1_85' title='bbox 116 813 160 846; x_wconf 88' lang='lat'><em>10</em></span> <span class='ocrx_word' id='word_1_86' title='bbox 186 806 387 859; x_wconf 76' lang='lat' dir='ltr'><em>Christus,</em></span> <span class='ocrx_word' id='word_1_87' title='bbox 412 808 579 861; x_wconf 81' lang='lat' dir='ltr'><em>janitor</em></span> <span class='ocrx_word' id='word_1_88' title='bbox 610 816 669 849; x_wconf 89' lang='lat' dir='ltr'><em>est</em></span> <span class='ocrx_word' id='word_1_89' title='bbox 692 809 884 864; x_wconf 80' lang='lat' dir='ltr'><em>prelatus</em></span> <span class='ocrx_word' id='word_1_90' title='bbox 916 815 989 848; x_wconf 87' lang='lat' dir='ltr'><em>aut</em></span> <span class='ocrx_word' id='word_1_91' title='bbox 1020 808 1220 848; x_wconf 78' lang='lat' dir='ltr'><em>discretus</em></span> <span class='ocrx_word' id='word_1_92' title='bbox 1253 807 1478 861; x_wconf 76' lang='lat' dir='ltr'><em>confessor,</em></span> <span class='ocrx_word' id='word_1_93' title='bbox 1518 809 1593 862; x_wconf 79' lang='lat' dir='ltr'><em>qui</em></span> <span class='ocrx_word' id='word_1_94' title='bbox 1621 807 1742 848; x_wconf 74' lang='lat' dir='ltr'><em>habet</em></span> <span class='ocrx_word' id='word_1_95' title='bbox 1771 814 1881 848; x_wconf 89' lang='lat' dir='ltr'><em>stare</em></span> 
     </span>
     <span class='ocr_line' id='line_1_12' title="bbox 184 876 1880 935; baseline 0 -17"><span class='ocrx_word' id='word_1_96' title='bbox 184 879 211 918; x_wconf 83' lang='lat' dir='ltr'><em>i.</em></span> <span class='ocrx_word' id='word_1_97' title='bbox 238 893 267 918; x_wconf 90' lang='lat' dir='ltr'><em>e.</em></span> <span class='ocrx_word' id='word_1_98' title='bbox 292 878 418 919; x_wconf 73' lang='lat' dir='ltr'><em>verba</em></span> <span class='ocrx_word' id='word_1_99' title='bbox 450 880 518 919; x_wconf 84' lang='lat' dir='ltr'><em>clei</em></span> <span class='ocrx_word' id='word_1_100' title='bbox 549 887 584 920; x_wconf 85' lang='lat' dir='ltr'><em>et</em></span> <span class='ocrx_word' id='word_1_101' title='bbox 616 879 702 932; x_wconf 80' lang='lat' dir='ltr'><em>ejus</em></span> <span class='ocrx_word' id='word_1_102' title='bbox 727 887 930 935; x_wconf 89' lang='lat' dir='ltr'><em>precepta</em></span> <span class='ocrx_word' id='word_1_103' title='bbox 955 879 1230 933; x_wconf 69' lang='lat' dir='ltr'><em>promulyare</em></span> <span class='ocrx_word' id='word_1_104' title='bbox 1259 880 1306 919; x_wconf 87' lang='lat' dir='ltr'><em>in</em></span> <span class='ocrx_word' id='word_1_105' title='bbox 1332 886 1461 933; x_wconf 84' lang='lat' dir='ltr'><em>porta</em></span> <span class='ocrx_word' id='word_1_106' title='bbox 1493 880 1683 919; x_wconf 81' lang='lat' dir='ltr'><em>civitatis.</em></span> <span class='ocrx_word' id='word_1_107' title='bbox 1725 876 1880 919; x_wconf 77' lang='lat' dir='ltr'><em>Civitas</em></span> 
     </span>
     <span class='ocr_line' id='line_1_13' title="bbox 184 948 1882 1004; baseline 0 -15"><span class='ocrx_word' id='word_1_108' title='bbox 184 950 267 989; x_wconf 86' lang='lat' dir='ltr'><em>ista</em></span> <span class='ocrx_word' id='word_1_109' title='bbox 306 957 364 990; x_wconf 88' lang='lat' dir='ltr'><em>est</em></span> <span class='ocrx_word' id='word_1_110' title='bbox 403 951 606 1001; x_wconf 77' lang='lat' dir='ltr'><em>mundus,</em></span> <span class='ocrx_word' id='word_1_111' title='bbox 657 951 732 1004; x_wconf 80' lang='lat' dir='ltr'><em>qui</em></span> <span class='ocrx_word' id='word_1_112' title='bbox 768 958 928 990; x_wconf 83' lang='lat' dir='ltr'><em>tantum</em></span> <span class='ocrx_word' id='word_1_113' title='bbox 966 964 1094 989; x_wconf 87' lang='lat' dir='ltr'><em>unam</em></span> <span class='ocrx_word' id='word_1_114' title='bbox 1127 957 1297 1003; x_wconf 84' lang='lat' dir='ltr'><em>portam</em></span> <span class='ocrx_word' id='word_1_115' title='bbox 1336 950 1528 989; x_wconf 83' lang='lat' dir='ltr'><em>intrandi</em></span> <span class='ocrx_word' id='word_1_116' title='bbox 1565 948 1685 990; x_wconf 79' lang='lat' dir='ltr'><em>habet</em></span> <span class='ocrx_word' id='word_1_117' title='bbox 1726 949 1882 990; x_wconf 68' lang='lat' dir='ltr'><em>seilicet</em></span> 
     </span>
     <span class='ocr_line' id='line_1_14' title="bbox 184 1019 1880 1075; baseline 0 -15"><span class='ocrx_word' id='word_1_118' title='bbox 184 1028 379 1071; x_wconf 80' lang='lat' dir='ltr'><em>ventrem,</em></span> <span class='ocrx_word' id='word_1_119' title='bbox 416 1021 516 1075; x_wconf 80' lang='lat' dir='ltr'><em>quia</em></span> <span class='ocrx_word' id='word_1_120' title='bbox 548 1036 656 1060; x_wconf 86' lang='lat' dir='ltr'><em>unus</em></span> <span class='ocrx_word' id='word_1_121' title='bbox 686 1022 883 1060; x_wconf 83' lang='lat' dir='ltr'><em>introitus</em></span> <span class='ocrx_word' id='word_1_122' title='bbox 914 1020 1128 1060; x_wconf 76' lang='lat' dir='ltr'><em>hominum</em></span> <span class='ocrx_word' id='word_1_123' title='bbox 1151 1027 1188 1060; x_wconf 90' lang='lat' dir='ltr'><em>et</em></span> <span class='ocrx_word' id='word_1_124' title='bbox 1207 1019 1491 1071; x_wconf 82' lang='lat' dir='ltr'><em>jumentorum</em></span> <span class='ocrx_word' id='word_1_125' title='bbox 1500 1036 1513 1068; x_wconf 81' lang='lat'><em>,-</em></span> <span class='ocrx_word' id='word_1_126' title='bbox 1544 1021 1616 1060; x_wconf 83' lang='lat' dir='ltr'><em>sed</em></span> <span class='ocrx_word' id='word_1_127' title='bbox 1637 1027 1733 1061; x_wconf 87' lang='lat' dir='ltr'><em>sunt</em></span> <span class='ocrx_word' id='word_1_128' title='bbox 1755 1019 1880 1060; x_wconf 84' lang='lat' dir='ltr'><em>multe</em></span> 
     </span>
     <span class='ocr_line' id='line_1_15' title="bbox 178 1091 1877 1145; baseline 0 -14"><span class='ocrx_word' id='word_1_129' title='bbox 178 1098 303 1145; x_wconf 82' lang='lat' dir='ltr'><em>porte</em></span> <span class='ocrx_word' id='word_1_130' title='bbox 335 1092 392 1131; x_wconf 80' lang='lat' dir='ltr'><em>acl</em></span> <span class='ocrx_word' id='word_1_131' title='bbox 429 1092 680 1142; x_wconf 62' lang='lat' dir='ltr'><em>eaeundum,</em></span> <span class='ocrx_word' id='word_1_132' title='bbox 721 1091 896 1142; x_wconf 74' lang='lat' dir='ltr'><em>scilicet,</em></span> <span class='ocrx_word' id='word_1_133' title='bbox 938 1091 1077 1145; x_wconf 81' lang='lat' dir='ltr'><em>aliqui</em></span> <span class='ocrx_word' id='word_1_134' title='bbox 1111 1092 1350 1130; x_wconf 74' lang='lat' dir='ltr'><em>moriuntur</em></span> <span class='ocrx_word' id='word_1_135' title='bbox 1385 1091 1552 1145; x_wconf 65' lang='lat' dir='ltr'><em>yladio,</em></span> <span class='ocrx_word' id='word_1_136' title='bbox 1594 1091 1731 1145; x_wconf 81' lang='lat' dir='ltr'><em>aliqui</em></span> <span class='ocrx_word' id='word_1_137' title='bbox 1766 1092 1877 1145; x_wconf 70' lang='lat' dir='ltr'><em>iyne,</em></span> 
     </span>
     <span class='ocr_line' id='line_1_16' title="bbox 117 1161 1879 1216; baseline 0.001 -17"><span class='ocrx_word' id='word_1_138' title='bbox 117 1166 159 1199; x_wconf 81' lang='lat'><em>15</em></span> <span class='ocrx_word' id='word_1_139' title='bbox 185 1162 323 1216; x_wconf 79' lang='lat' dir='ltr'><em>aliqui</em></span> <span class='ocrx_word' id='word_1_140' title='bbox 352 1162 501 1213; x_wconf 80' lang='lat' dir='ltr'><em>subito,</em></span> <span class='ocrx_word' id='word_1_141' title='bbox 535 1162 673 1216; x_wconf 80' lang='lat' dir='ltr'><em>aliqui</em></span> <span class='ocrx_word' id='word_1_142' title='bbox 702 1178 729 1202; x_wconf 89' lang='lat' dir='ltr'><em>a</em></span> <span class='ocrx_word' id='word_1_143' title='bbox 760 1161 913 1213; x_wconf 78' lang='lat' dir='ltr'><em>bestiis,</em></span> <span class='ocrx_word' id='word_1_144' title='bbox 948 1162 1175 1202; x_wconf 79' lang='lat' dir='ltr'><em>secundum</em></span> <span class='ocrx_word' id='word_1_145' title='bbox 1206 1162 1487 1202; x_wconf 66' lang='lat' dir='ltr'><em>diversitatem</em></span> <span class='ocrx_word' id='word_1_146' title='bbox 1518 1169 1556 1202; x_wconf 88' lang='lat' dir='ltr'><em>et</em></span> <span class='ocrx_word' id='word_1_147' title='bbox 1574 1163 1720 1202; x_wconf 86' lang='lat' dir='ltr'><em>mortis</em></span> <span class='ocrx_word' id='word_1_148' title='bbox 1740 1161 1879 1202; x_wconf 85' lang='lat' dir='ltr'><em>multi-</em></span> 
     </span>
     <span class='ocr_line' id='line_1_17' title="bbox 178 1231 1877 1287; baseline 0.001 -16"><span class='ocrx_word' id='word_1_149' title='bbox 178 1232 317 1287; x_wconf 82' lang='lat' dir='ltr'><em>plicia</em></span> <span class='ocrx_word' id='word_1_150' title='bbox 344 1248 509 1287; x_wconf 65' lang='lat' dir='ltr'><em>yenera.</em></span> <span class='ocrx_word' id='word_1_151' title='bbox 555 1231 641 1274; x_wconf 75' lang='lat' dir='ltr'><em>Sed</em></span> <span class='ocrx_word' id='word_1_152' title='bbox 662 1240 886 1287; x_wconf 72' lang='lat' dir='ltr'><em>antequam</em></span> <span class='ocrx_word' id='word_1_153' title='bbox 910 1247 992 1287; x_wconf 89' lang='lat' dir='ltr'><em>per</em></span> <span class='ocrx_word' id='word_1_154' title='bbox 1017 1239 1190 1286; x_wconf 85' lang='lat' dir='ltr'><em>portam</em></span> <span class='ocrx_word' id='word_1_155' title='bbox 1210 1233 1355 1272; x_wconf 86' lang='lat' dir='ltr'><em>mortis</em></span> <span class='ocrx_word' id='word_1_156' title='bbox 1376 1234 1578 1273; x_wconf 80' lang='lat' dir='ltr'><em>mundum</em></span> <span class='ocrx_word' id='word_1_157' title='bbox 1597 1234 1724 1273; x_wconf 85' lang='lat' dir='ltr'><em>istum</em></span> <span class='ocrx_word' id='word_1_158' title='bbox 1748 1239 1877 1284; x_wconf 69' lang='lat' dir='ltr'><em>eareat,</em></span> 
     </span>
     <span class='ocr_line' id='line_1_18' title="bbox 187 1302 1881 1358; baseline -0.001 -14"><span class='ocrx_word' id='word_1_159' title='bbox 187 1311 347 1358; x_wconf 89' lang='lat' dir='ltr'><em>oportet</em></span> <span class='ocrx_word' id='word_1_160' title='bbox 387 1305 436 1344; x_wconf 81' lang='lat' dir='ltr'><em>cle</em></span> <span class='ocrx_word' id='word_1_161' title='bbox 472 1305 733 1354; x_wconf 81' lang='lat' dir='ltr'><em>necessitate,</em></span> <span class='ocrx_word' id='word_1_162' title='bbox 785 1304 897 1357; x_wconf 76' lang='lat' dir='ltr'><em>quocl</em></span> <span class='ocrx_word' id='word_1_163' title='bbox 943 1303 1078 1343; x_wconf 76' lang='lat' dir='ltr'><em>solvat</em></span> <span class='ocrx_word' id='word_1_164' title='bbox 1105 1302 1290 1355; x_wconf 83' lang='lat' dir='ltr'><em>janitori</em></span> <span class='ocrx_word' id='word_1_165' title='bbox 1328 1303 1569 1355; x_wconf 77' lang='lat' dir='ltr'><em>denarium,</em></span> <span class='ocrx_word' id='word_1_166' title='bbox 1618 1305 1657 1344; x_wconf 91' lang='lat' dir='ltr'><em>si</em></span> <span class='ocrx_word' id='word_1_167' title='bbox 1691 1303 1881 1358; x_wconf 82' lang='lat' dir='ltr'><em>aliquam</em></span> 
     </span>
     <span class='ocr_line' id='line_1_19' title="bbox 183 1373 1880 1429; baseline 0 -15"><span class='ocrx_word' id='word_1_168' title='bbox 183 1375 392 1414; x_wconf 84' lang='lat' dir='ltr'><em>maculam</em></span> <span class='ocrx_word' id='word_1_169' title='bbox 423 1373 580 1415; x_wconf 74' lang='lat' dir='ltr'><em>habeat.</em></span> <span class='ocrx_word' id='word_1_170' title='bbox 627 1374 714 1414; x_wconf 84' lang='lat' dir='ltr'><em>Per</em></span> <span class='ocrx_word' id='word_1_171' title='bbox 743 1375 868 1414; x_wconf 87' lang='lat' dir='ltr'><em>istum</em></span> <span class='ocrx_word' id='word_1_172' title='bbox 895 1373 1127 1428; x_wconf 69' lang='lat' dir='ltr'><em>yibbosum,</em></span> <span class='ocrx_word' id='word_1_173' title='bbox 1162 1373 1395 1414; x_wconf 85' lang='lat' dir='ltr'><em>scabiosum</em></span> <span class='ocrx_word' id='word_1_174' title='bbox 1426 1382 1495 1415; x_wconf 91' lang='lat' dir='ltr'><em>etc.</em></span> <span class='ocrx_word' id='word_1_175' title='bbox 1523 1382 1785 1429; x_wconf 87' lang='lat' dir='ltr'><em>peccatorem</em></span> <span class='ocrx_word' id='word_1_176' title='bbox 1812 1375 1880 1414; x_wconf 85' lang='lat' dir='ltr'><em>in-</em></span> 
     </span>
     <span class='ocr_line' id='line_1_20' title="bbox 184 1445 1882 1501; baseline 0.001 -16"><span class='ocrx_word' id='word_1_177' title='bbox 184 1445 366 1500; x_wconf 65' lang='lat' dir='ltr'><em>telli&#39;yere</em></span> <span class='ocrx_word' id='word_1_178' title='bbox 398 1447 592 1499; x_wconf 69' lang='lat' dir='ltr'><em>conyruit</em></span> <span class='ocrx_word' id='word_1_179' title='bbox 623 1445 798 1500; x_wconf 85' lang='lat' dir='ltr'><em>plenum</em></span> <span class='ocrx_word' id='word_1_180' title='bbox 835 1445 950 1484; x_wconf 79' lang='lat' dir='ltr'><em>vitiis</em></span> <span class='ocrx_word' id='word_1_181' title='bbox 989 1451 1026 1484; x_wconf 90' lang='lat' dir='ltr'><em>et</em></span> <span class='ocrx_word' id='word_1_182' title='bbox 1061 1446 1427 1499; x_wconf 64' lang='lat' dir='ltr'><em>concupiscentiis,</em></span> <span class='ocrx_word' id='word_1_183' title='bbox 1471 1453 1508 1485; x_wconf 92' lang='lat' dir='ltr'><em>et</em></span> <span class='ocrx_word' id='word_1_184' title='bbox 1540 1447 1762 1501; x_wconf 77' lang='lat' dir='ltr'><em>precipue,</em></span> <span class='ocrx_word' id='word_1_185' title='bbox 1806 1447 1882 1501; x_wconf 81' lang='lat' dir='ltr'><em>qui</em></span> 
     </span>
     <span class='ocr_line' id='line_1_21' title="bbox 113 1514 1877 1571; baseline 0.002 -18"><span class='ocrx_word' id='word_1_186' title='bbox 113 1520 158 1553; x_wconf 80' lang='lat'><em>20</em></span> <span class='ocrx_word' id='word_1_187' title='bbox 182 1517 229 1556; x_wconf 85' lang='lat' dir='ltr'><em>in</em></span> <span class='ocrx_word' id='word_1_188' title='bbox 259 1523 413 1571; x_wconf 85' lang='lat' dir='ltr'><em>septem</em></span> <span class='ocrx_word' id='word_1_189' title='bbox 444 1517 631 1570; x_wconf 85' lang='lat' dir='ltr'><em>peccatis</em></span> <span class='ocrx_word' id='word_1_190' title='bbox 670 1514 917 1556; x_wconf 78' lang='lat' dir='ltr'><em>mortalibus</em></span> <span class='ocrx_word' id='word_1_191' title='bbox 958 1522 1017 1554; x_wconf 84' lang='lat' dir='ltr'><em>est</em></span> <span class='ocrx_word' id='word_1_192' title='bbox 1053 1515 1285 1566; x_wconf 72' lang='lat' dir='ltr'><em>involutus,</em></span> <span class='ocrx_word' id='word_1_193' title='bbox 1328 1517 1404 1570; x_wconf 82' lang='lat' dir='ltr'><em>qui</em></span> <span class='ocrx_word' id='word_1_194' title='bbox 1433 1531 1518 1571; x_wconf 87' lang='lat' dir='ltr'><em>pro</em></span> <span class='ocrx_word' id='word_1_195' title='bbox 1558 1516 1741 1571; x_wconf 80' lang='lat' dir='ltr'><em>quolibet</em></span> <span class='ocrx_word' id='word_1_196' title='bbox 1776 1518 1877 1558; x_wconf 85' lang='lat' dir='ltr'><em>vitio</em></span> 
     </span>
     <span class='ocr_line' id='line_1_22' title="bbox 182 1586 1877 1642; baseline 0.001 -16"><span class='ocrx_word' id='word_1_197' title='bbox 182 1602 312 1627; x_wconf 85' lang='lat' dir='ltr'><em>unum</em></span> <span class='ocrx_word' id='word_1_198' title='bbox 334 1587 554 1627; x_wconf 79' lang='lat' dir='ltr'><em>denarium</em></span> <span class='ocrx_word' id='word_1_199' title='bbox 585 1587 719 1627; x_wconf 79' lang='lat' dir='ltr'><em>solvat</em></span> <span class='ocrx_word' id='word_1_200' title='bbox 727 1602 740 1635; x_wconf 78' lang='lat'><em>3</em></span> <span class='ocrx_word' id='word_1_201' title='bbox 772 1586 928 1626; x_wconf 86' lang='lat' dir='ltr'><em>scilicet</em></span> <span class='ocrx_word' id='word_1_202' title='bbox 953 1600 1108 1625; x_wconf 81' lang='lat' dir='ltr'><em>avarus</em></span> <span class='ocrx_word' id='word_1_203' title='bbox 1131 1586 1379 1640; x_wconf 68' lang='lat' dir='ltr'><em>larqitatem,</em></span> <span class='ocrx_word' id='word_1_204' title='bbox 1410 1587 1583 1642; x_wconf 69' lang='lat' dir='ltr'><em>yulosus</em></span> <span class='ocrx_word' id='word_1_205' title='bbox 1603 1587 1877 1640; x_wconf 84' lang='lat' dir='ltr'><em>sobrietatem,</em></span> 
     </span>
     <span class='ocr_line' id='line_1_23' title="bbox 184 1657 1877 1713; baseline 0.001 -16"><span class='ocrx_word' id='word_1_206' title='bbox 184 1658 424 1698; x_wconf 67' lang='lat' dir='ltr'><em>luxuriosus</em></span> <span class='ocrx_word' id='word_1_207' title='bbox 458 1658 687 1697; x_wconf 83' lang='lat' dir='ltr'><em>castitatem</em></span> <span class='ocrx_word' id='word_1_208' title='bbox 719 1665 757 1697; x_wconf 90' lang='lat' dir='ltr'><em>et</em></span> <span class='ocrx_word' id='word_1_209' title='bbox 785 1658 845 1697; x_wconf 85' lang='lat' dir='ltr'><em>sic</em></span> <span class='ocrx_word' id='word_1_210' title='bbox 877 1657 925 1697; x_wconf 82' lang='lat' dir='ltr'><em>cle</em></span> <span class='ocrx_word' id='word_1_211' title='bbox 958 1657 1100 1696; x_wconf 87' lang='lat' dir='ltr'><em>ceteris</em></span> <span class='ocrx_word' id='word_1_212' title='bbox 1126 1658 1312 1711; x_wconf 87' lang='lat' dir='ltr'><em>peccatis</em></span> <span class='ocrx_word' id='word_1_213' title='bbox 1343 1658 1401 1698; x_wconf 86' lang='lat' dir='ltr'><em>ad</em></span> <span class='ocrx_word' id='word_1_214' title='bbox 1440 1660 1655 1699; x_wconf 86' lang='lat' dir='ltr'><em>contraria</em></span> <span class='ocrx_word' id='word_1_215' title='bbox 1679 1659 1877 1713; x_wconf 86' lang='lat' dir='ltr'><em>procede,</em></span> 
     </span>
     <span class='ocr_line' id='line_1_24' title="bbox 183 1727 1880 1784; baseline 0.001 -16"><span class='ocrx_word' id='word_1_216' title='bbox 183 1730 285 1783; x_wconf 80' lang='lat' dir='ltr'><em>quia</em></span> <span class='ocrx_word' id='word_1_217' title='bbox 318 1730 366 1769; x_wconf 82' lang='lat' dir='ltr'><em>cle</em></span> <span class='ocrx_word' id='word_1_218' title='bbox 397 1729 636 1768; x_wconf 74' lang='lat' dir='ltr'><em>necessitate</em></span> <span class='ocrx_word' id='word_1_219' title='bbox 667 1736 746 1779; x_wconf 87' lang='lat' dir='ltr'><em>est,</em></span> <span class='ocrx_word' id='word_1_220' title='bbox 789 1735 836 1768; x_wconf 90' lang='lat' dir='ltr'><em>ut</em></span> <span class='ocrx_word' id='word_1_221' title='bbox 873 1727 1007 1767; x_wconf 79' lang='lat' dir='ltr'><em>solvat</em></span> <span class='ocrx_word' id='word_1_222' title='bbox 1044 1727 1110 1767; x_wconf 72' lang='lat' dir='ltr'><em>hie</em></span> <span class='ocrx_word' id='word_1_223' title='bbox 1147 1728 1212 1768; x_wconf 80' lang='lat' dir='ltr'><em>vel</em></span> <span class='ocrx_word' id='word_1_224' title='bbox 1243 1727 1369 1780; x_wconf 78' lang='lat' dir='ltr'><em>alibi,</em></span> <span class='ocrx_word' id='word_1_225' title='bbox 1412 1736 1450 1769; x_wconf 86' lang='lat' dir='ltr'><em>et</em></span> <span class='ocrx_word' id='word_1_226' title='bbox 1489 1730 1603 1783; x_wconf 82' lang='lat' dir='ltr'><em>quod</em></span> <span class='ocrx_word' id='word_1_227' title='bbox 1625 1737 1765 1784; x_wconf 89' lang='lat' dir='ltr'><em>potest</em></span> <span class='ocrx_word' id='word_1_228' title='bbox 1793 1745 1880 1770; x_wconf 84' lang='lat' dir='ltr'><em>una</em></span> 
     </span>
     <span class='ocr_line' id='line_1_25' title="bbox 183 1798 1880 1854; baseline 0.001 -15"><span class='ocrx_word' id='word_1_229' title='bbox 183 1800 249 1839; x_wconf 85' lang='lat' dir='ltr'><em>die</em></span> <span class='ocrx_word' id='word_1_230' title='bbox 282 1799 408 1850; x_wconf 74' lang='lat' dir='ltr'><em>solvi,</em></span> <span class='ocrx_word' id='word_1_231' title='bbox 453 1800 525 1839; x_wconf 63' lang='lat' dir='ltr'><em>vim</em></span> <span class='ocrx_word' id='word_1_232' title='bbox 565 1798 671 1839; x_wconf 84' lang='lat' dir='ltr'><em>alibi</em></span> <span class='ocrx_word' id='word_1_233' title='bbox 695 1813 777 1853; x_wconf 87' lang='lat' dir='ltr'><em>per</em></span> <span class='ocrx_word' id='word_1_234' title='bbox 808 1814 965 1838; x_wconf 85' lang='lat' dir='ltr'><em>annum</em></span> <span class='ocrx_word' id='word_1_235' title='bbox 994 1800 1157 1853; x_wconf 79' lang='lat' dir='ltr'><em>poterit.</em></span> <span class='ocrx_word' id='word_1_236' title='bbox 1225 1798 1368 1839; x_wconf 74' lang='lat' dir='ltr'><em>Redde</em></span> <span class='ocrx_word' id='word_1_237' title='bbox 1406 1814 1502 1854; x_wconf 68' lang='lat' dir='ltr'><em>erqo</em></span> <span class='ocrx_word' id='word_1_238' title='bbox 1543 1814 1620 1854; x_wconf 84' lang='lat' dir='ltr'><em>que</em></span> <span class='ocrx_word' id='word_1_239' title='bbox 1660 1799 1799 1852; x_wconf 80' lang='lat' dir='ltr'><em>debes,</em></span> <span class='ocrx_word' id='word_1_240' title='bbox 1842 1807 1880 1841; x_wconf 82' lang='lat' dir='ltr'><em>et</em></span> 
     </span>
     <span class='ocr_line' id='line_1_26' title="bbox 112 1870 1875 1925; baseline 0.001 -16"><span class='ocrx_word' id='word_1_241' title='bbox 112 1876 157 1910; x_wconf 79' lang='lat'><em>25</em></span> <span class='ocrx_word' id='word_1_242' title='bbox 182 1884 323 1909; x_wconf 85' lang='lat' dir='ltr'><em>secure</em></span> <span class='ocrx_word' id='word_1_243' title='bbox 354 1871 516 1924; x_wconf 86' lang='lat' dir='ltr'><em>poteris</em></span> <span class='ocrx_word' id='word_1_244' title='bbox 557 1871 737 1910; x_wconf 87' lang='lat' dir='ltr'><em>transire</em></span> <span class='ocrx_word' id='word_1_245' title='bbox 769 1884 852 1924; x_wconf 89' lang='lat' dir='ltr'><em>per</em></span> <span class='ocrx_word' id='word_1_246' title='bbox 884 1877 1058 1925; x_wconf 86' lang='lat' dir='ltr'><em>portam</em></span> <span class='ocrx_word' id='word_1_247' title='bbox 1096 1870 1376 1910; x_wconf 87' lang='lat' dir='ltr'><em>clarissimam</em></span> <span class='ocrx_word' id='word_1_248' title='bbox 1415 1871 1474 1910; x_wconf 83' lang='lat' dir='ltr'><em>ad</em></span> <span class='ocrx_word' id='word_1_249' title='bbox 1516 1872 1646 1911; x_wconf 85' lang='lat' dir='ltr'><em>vitam</em></span> <span class='ocrx_word' id='word_1_250' title='bbox 1682 1878 1875 1911; x_wconf 87' lang='lat' dir='ltr'><em>eternam.</em></span> 
     </span>
     <span class='ocr_line' id='line_1_27' title="bbox 185 1939 408 1991; baseline 0 -11"><span class='ocrx_word' id='word_1_251' title='bbox 185 1939 309 1991; x_wconf 79' lang='lat' dir='ltr'><em>Quod</em></span> <span class='ocrx_word' id='word_1_252' title='bbox 339 1948 408 1981; x_wconf 88' lang='lat' dir='ltr'><em>etc.</em></span> 
     </span>
    </p>
   </div>
   <div class='ocr_carea' id='block_1_3' title="bbox 644 2096 1421 2243">
    <p class='ocr_par' dir='ltr' id='par_1_3' title="bbox 644 2096 1421 2243">
     <span class='ocr_line' id='line_1_28' title="bbox 920 2096 1146 2139; baseline 0 -1"><span class='ocrx_word' id='word_1_253' title='bbox 920 2096 1023 2139; x_wconf 77' lang='lat' dir='ltr'><strong>CAP.</strong></span> <span class='ocrx_word' id='word_1_254' title='bbox 1051 2096 1146 2138; x_wconf 79' lang='lat'>158.</span> 
     </span>
     <span class='ocr_line' id='line_1_29' title="bbox 644 2179 1421 2243; baseline 0 -15"><span class='ocrx_word' id='word_1_255' title='bbox 644 2179 783 2243; x_wconf 82' lang='lat'><strong>[134]</strong></span> <span class='ocrx_word' id='word_1_256' title='bbox 823 2183 898 2228; x_wconf 88' lang='lat' dir='ltr'><em>De</em></span> <span class='ocrx_word' id='word_1_257' title='bbox 925 2185 1224 2243; x_wconf 79' lang='lat' dir='ltr'><em>perpetuitate</em></span> <span class='ocrx_word' id='word_1_258' title='bbox 1261 2185 1421 2228; x_wconf 86' lang='lat' dir='ltr'><em>anime.</em></span> 
     </span>
    </p>
   </div>
   <div class='ocr_carea' id='block_1_4' title="bbox 111 2292 1909 2913">
    <p class='ocr_par' dir='ltr' id='par_1_4' title="bbox 111 2292 1909 2913">
     <span class='ocr_line' id='line_1_30' title="bbox 303 2292 1878 2347; baseline 0.001 -15"><span class='ocrx_word' id='word_1_259' title='bbox 303 2292 434 2332; x_wconf 85' lang='lat' dir='ltr'><em>Rome</em></span> <span class='ocrx_word' id='word_1_260' title='bbox 470 2293 683 2332; x_wconf 80' lang='lat' dir='ltr'><em>inventum</em></span> <span class='ocrx_word' id='word_1_261' title='bbox 722 2300 781 2332; x_wconf 85' lang='lat' dir='ltr'><em>est</em></span> <span class='ocrx_word' id='word_1_262' title='bbox 825 2307 977 2347; x_wconf 85' lang='lat' dir='ltr'><em>corpus</em></span> <span class='ocrx_word' id='word_1_263' title='bbox 1021 2294 1315 2347; x_wconf 84' lang='lat' dir='ltr'><em>incorruptum</em></span> <span class='ocrx_word' id='word_1_264' title='bbox 1361 2293 1487 2333; x_wconf 85' lang='lat' dir='ltr'><em>altius</em></span> <span class='ocrx_word' id='word_1_265' title='bbox 1531 2307 1650 2334; x_wconf 83' lang='lat' dir='ltr'><em>muro</em></span> <span class='ocrx_word' id='word_1_266' title='bbox 1698 2294 1878 2333; x_wconf 77' lang='lat' dir='ltr'><em>civitatis</em></span> 
     </span>
     <span class='ocr_line' id='line_1_31' title="bbox 111 2362 1877 2418; baseline -0.001 -13"><span class='ocrx_word' id='word_1_267' title='bbox 111 2372 155 2405; x_wconf 83' lang='lat'><em>30</em></span> <span class='ocrx_word' id='word_1_268' title='bbox 183 2378 275 2403; x_wconf 84' lang='lat' dir='ltr'><em>cum</em></span> <span class='ocrx_word' id='word_1_269' title='bbox 305 2365 397 2403; x_wconf 84' lang='lat' dir='ltr'><em>istis</em></span> <span class='ocrx_word' id='word_1_270' title='bbox 427 2362 635 2403; x_wconf 75' lang='lat' dir='ltr'><em>versibus:</em></span> <span class='ocrx_word' id='word_1_271' title='bbox 669 2362 807 2403; x_wconf 85' lang='lat' dir='ltr'><em>Filius</em></span> <span class='ocrx_word' id='word_1_272' title='bbox 829 2363 1038 2414; x_wconf 72' lang='lat' dir='ltr'><em>Evandri,</em></span> <span class='ocrx_word' id='word_1_273' title='bbox 1073 2363 1222 2403; x_wconf 82' lang='lat' dir='ltr'><em>Pallas</em></span> <span class='ocrx_word' id='word_1_274' title='bbox 1256 2378 1375 2418; x_wconf 81' lang='lat' dir='ltr'><em>quem</em></span> <span class='ocrx_word' id='word_1_275' title='bbox 1407 2364 1553 2404; x_wconf 88' lang='lat' dir='ltr'><em>lancea</em></span> <span class='ocrx_word' id='word_1_276' title='bbox 1576 2365 1695 2404; x_wconf 83' lang='lat' dir='ltr'><em>curvi</em></span> <span class='ocrx_word' id='word_1_277' title='bbox 1723 2363 1877 2404; x_wconf 82' lang='lat' dir='ltr'><em>Militis</em></span> 
     </span>
     <span class='ocr_line' id='line_1_32' title="bbox 183 2433 1878 2489; baseline 0.001 -16"><span class='ocrx_word' id='word_1_278' title='bbox 183 2435 347 2485; x_wconf 76' lang='lat' dir='ltr'><em>occidit,</em></span> <span class='ocrx_word' id='word_1_279' title='bbox 381 2441 510 2474; x_wconf 81' lang='lat' dir='ltr'><em>morte</em></span> <span class='ocrx_word' id='word_1_280' title='bbox 542 2449 619 2473; x_wconf 88' lang='lat' dir='ltr'><em>sua</em></span> <span class='ocrx_word' id='word_1_281' title='bbox 641 2433 765 2486; x_wconf 79' lang='lat' dir='ltr'><em>jacet.</em></span> <span class='ocrx_word' id='word_1_282' title='bbox 801 2433 996 2474; x_wconf 80' lang='lat' dir='ltr'><em>Lucerna</em></span> <span class='ocrx_word' id='word_1_283' title='bbox 1025 2435 1177 2474; x_wconf 76' lang='lat' dir='ltr'><em>ardens</em></span> <span class='ocrx_word' id='word_1_284' title='bbox 1199 2442 1290 2474; x_wconf 90' lang='lat' dir='ltr'><em>erat</em></span> <span class='ocrx_word' id='word_1_285' title='bbox 1320 2435 1376 2475; x_wconf 85' lang='lat' dir='ltr'><em>ad</em></span> <span class='ocrx_word' id='word_1_286' title='bbox 1407 2442 1534 2489; x_wconf 90' lang='lat' dir='ltr'><em>caput</em></span> <span class='ocrx_word' id='word_1_287' title='bbox 1563 2434 1663 2487; x_wconf 82' lang='lat' dir='ltr'><em>ejus,</em></span> <span class='ocrx_word' id='word_1_288' title='bbox 1697 2448 1775 2489; x_wconf 80' lang='lat' dir='ltr'><em>que</em></span> <span class='ocrx_word' id='word_1_289' title='bbox 1803 2448 1878 2475; x_wconf 86' lang='lat' dir='ltr'><em>nec</em></span> 
     </span>
     <span class='ocr_line' id='line_1_33' title="bbox 183 2504 1909 2560; baseline 0.001 -17"><span class='ocrx_word' id='word_1_290' title='bbox 183 2504 345 2558; x_wconf 77' lang='lat' dir='ltr'><em>liquore</em></span> <span class='ocrx_word' id='word_1_291' title='bbox 375 2519 449 2544; x_wconf 88' lang='lat' dir='ltr'><em>nec</em></span> <span class='ocrx_word' id='word_1_292' title='bbox 468 2505 578 2558; x_wconf 85' lang='lat' dir='ltr'><em>flatu</em></span> <span class='ocrx_word' id='word_1_293' title='bbox 612 2506 822 2559; x_wconf 60' lang='lat' dir='ltr'><em>eavstz&#39;nyui</em></span> <span class='ocrx_word' id='word_1_294' title='bbox 852 2513 1041 2559; x_wconf 85' lang='lat' dir='ltr'><em>poterat,</em></span> <span class='ocrx_word' id='word_1_295' title='bbox 1083 2506 1211 2545; x_wconf 80' lang='lat' dir='ltr'><em>donec</em></span> <span class='ocrx_word' id='word_1_296' title='bbox 1250 2505 1388 2546; x_wconf 80' lang='lat' dir='ltr'><em>subter</em></span> <span class='ocrx_word' id='word_1_297' title='bbox 1413 2506 1634 2560; x_wconf 83' lang='lat' dir='ltr'><em>flammam</em></span> <span class='ocrx_word' id='word_1_298' title='bbox 1657 2505 1909 2558; x_wconf 30' lang='lat' dir='ltr'><em>fora-mine*</em></span> 
     </span>
     <span class='ocr_line' id='line_1_34' title="bbox 170 2575 1879 2631; baseline 0 -16"><span class='ocrx_word' id='word_1_299' title='bbox 170 2575 293 2628; x_wconf 76' lang='lat' dir='ltr'><em>facto</em></span> <span class='ocrx_word' id='word_1_300' title='bbox 327 2590 419 2615; x_wconf 87' lang='lat' dir='ltr'><em>cum</em></span> <span class='ocrx_word' id='word_1_301' title='bbox 450 2590 526 2615; x_wconf 89' lang='lat' dir='ltr'><em>acu</em></span> <span class='ocrx_word' id='word_1_302' title='bbox 561 2590 633 2615; x_wconf 88' lang='lat' dir='ltr'><em>aer</em></span> <span class='ocrx_word' id='word_1_303' title='bbox 651 2575 811 2629; x_wconf 74' lang='lat' dir='ltr'><em>suisset</em></span> <span class='ocrx_word' id='word_1_304' title='bbox 839 2577 1049 2616; x_wconf 81' lang='lat' dir='ltr'><em>immissus</em></span> <span class='ocrx_word' id='word_1_305' title='bbox 1060 2591 1073 2624; x_wconf 75' lang='lat'><em>,-</em></span> <span class='ocrx_word' id='word_1_306' title='bbox 1114 2576 1265 2615; x_wconf 76' lang='lat' dir='ltr'><em>vulnus</em></span> <span class='ocrx_word' id='word_1_307' title='bbox 1303 2584 1439 2616; x_wconf 86' lang='lat' dir='ltr'><em>autem</em></span> <span class='ocrx_word' id='word_1_308' title='bbox 1472 2577 1659 2631; x_wconf 68' lang='lat' dir='ltr'><em>9iyantis</em></span> <span class='ocrx_word' id='word_1_309' title='bbox 1698 2583 1879 2630; x_wconf 81' lang='lat' dir='ltr'><em>quatuor</em></span> 
     </span>
     <span class='ocr_line' id='line_1_35' title="bbox 177 2645 1879 2701; baseline 0.001 -16"><span class='ocrx_word' id='word_1_310' title='bbox 177 2646 335 2700; x_wconf 78' lang='lat' dir='ltr'><em>pedum</em></span> <span class='ocrx_word' id='word_1_311' title='bbox 362 2646 458 2699; x_wconf 81' lang='lat' dir='ltr'><em>fuit</em></span> <span class='ocrx_word' id='word_1_312' title='bbox 496 2653 533 2686; x_wconf 85' lang='lat' dir='ltr'><em>et</em></span> <span class='ocrx_word' id='word_1_313' title='bbox 571 2646 750 2685; x_wconf 77' lang='lat' dir='ltr'><em>dimidii.</em></span> <span class='ocrx_word' id='word_1_314' title='bbox 808 2645 894 2696; x_wconf 77' lang='lat' dir='ltr'><em>Qui</em></span> <span class='ocrx_word' id='word_1_315' title='bbox 924 2654 1024 2701; x_wconf 89' lang='lat' dir='ltr'><em>post</em></span> <span class='ocrx_word' id='word_1_316' title='bbox 1054 2648 1305 2687; x_wconf 69' lang='lat' dir='ltr'><em>eversionem</em></span> <span class='ocrx_word' id='word_1_317' title='bbox 1342 2645 1465 2699; x_wconf 80' lang='lat' dir='ltr'><em>Troje</em></span> <span class='ocrx_word' id='word_1_318' title='bbox 1503 2648 1661 2686; x_wconf 82' lang='lat' dir='ltr'><em>occisus</em></span> <span class='ocrx_word' id='word_1_319' title='bbox 1682 2645 1879 2699; x_wconf 85' lang='lat' dir='ltr'><em>jacuerat</em></span> 
     </span>
     <span class='ocr_line' id='line_1_36' title="bbox 111 2716 1405 2771; baseline -0.002 -13"><span class='ocrx_word' id='word_1_320' title='bbox 111 2725 157 2758; x_wconf 81' lang='lat'><em>35</em></span> <span class='ocrx_word' id='word_1_321' title='bbox 176 2731 258 2770; x_wconf 87' lang='lat' dir='ltr'><em>per</em></span> <span class='ocrx_word' id='word_1_322' title='bbox 289 2717 370 2756; x_wconf 81' lang='lat' dir='ltr'><em>(luo</em></span> <span class='ocrx_word' id='word_1_323' title='bbox 403 2716 523 2756; x_wconf 84' lang='lat' dir='ltr'><em>milia</em></span> <span class='ocrx_word' id='word_1_324' title='bbox 555 2730 761 2756; x_wconf 83' lang='lat' dir='ltr'><em>annorum</em></span> <span class='ocrx_word' id='word_1_325' title='bbox 793 2717 987 2757; x_wconf 76' lang='lat' dir='ltr'><em>ducentos</em></span> <span class='ocrx_word' id='word_1_326' title='bbox 1019 2724 1056 2757; x_wconf 88' lang='lat' dir='ltr'><em>et</em></span> <span class='ocrx_word' id='word_1_327' title='bbox 1087 2718 1405 2771; x_wconf 67' lang='lat' dir='ltr'><em>quaclrinyenta.</em></span> 
     </span>
     <span class='ocr_line' id='line_1_37' title="bbox 303 2785 1879 2842; baseline 0.001 -16"><span class='ocrx_word' id='word_1_328' title='bbox 303 2785 542 2837; x_wconf 73' lang='lat' dir='ltr'><em>Cari-ssimi,</em></span> <span class='ocrx_word' id='word_1_329' title='bbox 581 2787 704 2840; x_wconf 55' lang='lat' dir='ltr'><em>[fissas</em></span> <span class='ocrx_word' id='word_1_330' title='bbox 735 2788 810 2826; x_wconf 80' lang='lat' dir='ltr'><em>iste</em></span> <span class='ocrx_word' id='word_1_331' title='bbox 843 2795 901 2827; x_wconf 87' lang='lat' dir='ltr'><em>est</em></span> <span class='ocrx_word' id='word_1_332' title='bbox 932 2789 1101 2842; x_wconf 81' lang='lat' dir='ltr'><em>primus</em></span> <span class='ocrx_word' id='word_1_333' title='bbox 1138 2795 1264 2842; x_wconf 79' lang='lat' dir='ltr'><em>pater</em></span> <span class='ocrx_word' id='word_1_334' title='bbox 1299 2794 1440 2828; x_wconf 86' lang='lat' dir='ltr'><em>noster</em></span> <span class='ocrx_word' id='word_1_335' title='bbox 1470 2786 1634 2838; x_wconf 80' lang='lat' dir='ltr'><em>Adam,</em></span> <span class='ocrx_word' id='word_1_336' title='bbox 1677 2788 1753 2841; x_wconf 81' lang='lat' dir='ltr'><em>qui</em></span> <span class='ocrx_word' id='word_1_337' title='bbox 1789 2794 1879 2827; x_wconf 87' lang='lat' dir='ltr'><em>erat</em></span> 
     </span>
     <span class='ocr_line' id='line_1_38' title="bbox 178 2857 1876 2913; baseline 0.001 -17"><span class='ocrx_word' id='word_1_338' title='bbox 178 2857 417 2911; x_wconf 82' lang='lat' dir='ltr'><em>plasmatus</em></span> <span class='ocrx_word' id='word_1_339' title='bbox 450 2865 487 2897; x_wconf 90' lang='lat' dir='ltr'><em>et</em></span> <span class='ocrx_word' id='word_1_340' title='bbox 515 2872 602 2897; x_wconf 88' lang='lat' dir='ltr'><em>non</em></span> <span class='ocrx_word' id='word_1_341' title='bbox 633 2865 855 2912; x_wconf 77' lang='lat' dir='ltr'><em>corruptus</em></span> <span class='ocrx_word' id='word_1_342' title='bbox 886 2859 972 2898; x_wconf 82' lang='lat' dir='ltr'><em>nisi</em></span> <span class='ocrx_word' id='word_1_343' title='bbox 994 2873 1077 2913; x_wconf 86' lang='lat' dir='ltr'><em>per</em></span> <span class='ocrx_word' id='word_1_344' title='bbox 1101 2866 1332 2913; x_wconf 85' lang='lat' dir='ltr'><em>peccatum.</em></span> <span class='ocrx_word' id='word_1_345' title='bbox 1367 2857 1450 2898; x_wconf 85' lang='lat' dir='ltr'><em>Iste</em></span> <span class='ocrx_word' id='word_1_346' title='bbox 1481 2865 1571 2898; x_wconf 83' lang='lat' dir='ltr'><em>erat</em></span> <span class='ocrx_word' id='word_1_347' title='bbox 1600 2857 1728 2898; x_wconf 84' lang='lat' dir='ltr'><em>altior</em></span> <span class='ocrx_word' id='word_1_348' title='bbox 1756 2871 1876 2898; x_wconf 85' lang='lat' dir='ltr'><em>muro</em></span> 
     </span>
    </p>
   </div>
   <div class='ocr_carea' id='block_1_5' title="bbox 278 2936 789 2982">
    <p class='ocr_par' dir='ltr' id='par_1_5' title="bbox 278 2936 789 2982">
     <span class='ocr_line' id='line_1_39' title="bbox 278 2936 789 2982; baseline 0 -12"><span class='ocrx_word' id='word_1_349' title='bbox 278 2936 321 2970; x_wconf 85' lang='lat'><em>13</em></span> <span class='ocrx_word' id='word_1_350' title='bbox 346 2936 525 2980; x_wconf 81' lang='lat' dir='ltr'><em>introitus]</em></span> <span class='ocrx_word' id='word_1_351' title='bbox 555 2942 640 2982; x_wconf 72' lang='lat' dir='ltr'><em>oriy.</em></span> <span class='ocrx_word' id='word_1_352' title='bbox 659 2936 789 2970; x_wconf 82' lang='lat' dir='ltr'><em>exitus.</em></span> 
     </span>
    </p>
   </div>
  </div>
 </body>
</html>
