1919 3131
73 874 99 915 9

47 1017 111 1058 10.

47 1089 111 1129 11.

47 1230 110 1272 12.

48 1374 112 1414 13.

47 1444 112 1485 14.

48 1586 111 1627 16.

47 1657 111 1698 17.

47 1800 110 1841 18.

48 1942 110 1984 10.

44 2085 111 2127 20.

43 2369 110 2411 22.

851 55 902 95 57

164 161 206 204 ln
240 166 369 204 morto
402 166 442 204 et
473 160 683 216 sepultura
716 160 927 203 alexandri
959 159 1123 215 plurimi
1148 159 1392 215 philosophi.
1443 159 1712 209 (Alexanders

162 232 410 286 begri'ibnis.)
459 232 528 274 lat.
553 234 619 273 31.

162 303 378 359 Dyogenes
419 316 508 345 cuni
551 316 688 344 amore
730 302 851 344 studii
894 303 1031 344 omnia
1071 302 1313 357 reliquisset.
1371 302 1591 356 (Diogenes
1632 303 1711 344 und

161 374 428 425 Alexander.)
476 375 694 428 gern1.l:'›.

90 448 113 487 '.
162 445 244 487 Fur
282 446 447 500 quidam
488 445 537 487 de
580 449 696 487 nocte
737 445 924 487 veniebat
964 445 1013 486 ad
1053 445 1216 486 domum
1258 445 1480 497 cujusdam.
1546 445 1713 491 (Mond-

161 516 322 567 strahl.)
370 516 439 558 lat.
468 517 560 557 13⁴5.

105 621 113 629 .
162 587 279 630 Miles
311 587 476 642 quidam
510 600 645 640 regen]
680 591 719 629 et
752 587 960 628 dominum
993 587 1172 640 graviter
1205 585 1439 629 offenderat.
1492 587 1613 634 (llalb
1645 601 1712 642 ge-

162 659 298 700 ritten.
363 658 433 700 lat.
464 659 554 699 124.

162 660 354 772 Hinriciis
395 731 620 785 imperator
659 729 862 783 quendam
903 742 1128 785 pauperem
1167 728 1244 770 sibi
1285 734 1577 772 occurrentem.
1632 729 1712 778 (111-

160 805 300 854 gratus
333 801 415 842 und
448 799 610 851 Guido.)
657 800 727 842 lat.
756 801 848 841 1155».

103 906 111 914 .
158 872 291 914 Erant
321 872 400 914 duo
433 872 532 913 socii
565 872 672 913 inter
704 885 746 914 se
773 872 1008 926 juramento
1031 869 1240 913 fidelitatis
1263 871 1524 913 confederati.
1569 870 1713 926 (Bi'1rg-

160 943 320 995 schaft.)
368 942 438 984 lat.
467 943 560 984 108.

160 1014 373 1065 Quondam
406 1027 477 1056 rex
511 1027 614 1055 unus
647 1014 792 1056 statuit
823 1027 897 1069 pro
929 1013 1030 1067 lege.
1080 1013 1466 1069 (Todestrompete.)
1520 1014 1591 1056 lat.
1618 1016 1711 1056 143.

160 1087 276 1129 Titus
307 1085 449 1127 Livius
489 1085 707 1141 descripsit
747 1085 864 1128 deam
902 1085 1063 1127 fortune
1105 1085 1163 1127 sic
1201 1085 1418 1141 depictam.
1477 1084 1712 1138 (Fortuna.)

160 1171 254 1214 app.
281 1158 346 1199 13.

160 1228 333 1271 Maritus
372 1228 538 1282 quidam
575 1228 759 1284 perrexit
792 1229 841 1270 ad
873 1227 1233 1284 peregrinandum.
1290 1227 1516 1282 (Angelicis
1548 1228 1712 1281 verbis.)

160 1300 355 1353 (Hahne.)
402 1299 472 1341 lat.
498 1300 564 1341 (38.

146 1371 247 1414 -Rex
280 1375 367 1414 erat
398 1372 439 1413 in
472 1371 637 1413 civitate
669 1383 850 1412 romana.
902 1371 1004 1422 (100
1034 1371 1264 1425 groschen.)
1311 1371 1381 1413 lat.
1407 1372 1473 1413 73.

161 1442 360 1496 Selongus
392 1442 617 1498 imperator
649 1441 795 1483 statuit
827 1455 901 1497 pro
933 1441 1035 1495 lege.
1085 1442 1330 1495 (Zaleucus.)
1375 1442 1445 1484 lat.
1470 1443 1537 1485 50.

159 1514 391 1570 Pompeyus
423 1514 466 1555 in
497 1513 664 1555 civitate
694 1526 865 1555 romana
896 1514 1095 1567 regnavit.
1145 1514 1318 1567 (Falke.)
1367 1514 1436 1556 lat.
1463 1514 1529 1556 84.

162 1585 267 1628 Olim
301 1588 417 1627 erant
445 1588 529 1627 tres
551 1585 650 1627 socii
674 1585 743 1639 qui
765 1597 857 1626 cum
881 1585 1003 1626 simul
1028 1586 1145 1627 irent.
1187 1585 1490 1637 (Traumbrod.)
1528 1585 1598 1628 lat.
1619 1586 1712 1628 106.

158 1656 263 1699 Erat
300 1656 465 1711 quidam
507 1669 580 1698 rex
621 1657 690 1711 qui
730 1655 941 1711 pulchram
983 1656 1127 1699 habuit
1164 1656 1339 1711 [filiam].
1395 1656 1509 1706 (Drei
1540 1657 1713 1711 fragen.)

158 1727 229 1770 lat.
253 1729 320 1770 70.

159 1798 261 1841 Erat
292 1798 456 1853 quidam
479 1799 706 1853 imperator
728 1798 796 1852 qui
819 1802 980 1840 tantum
1004 1799 1168 1841 unicum
1190 1798 1318 1841 filium
1342 1799 1497 1842 habuit.
1546 1799 1715 1852 (Freun-

159 1870 390 1925 desprobe.)
438 1869 629 1911 131129.

157 1941 261 1983 Erat
308 1941 472 1996 quidam
517 1941 617 1982 civis
663 1940 812 1983 nobilis
860 1942 928 1996 qui
974 1940 1118 1984 habuit
1163 1942 1312 1997 picam.
1376 1942 1491 1985 Ohne
1531 1941 1711 1984 moralis.

159 2012 326 2066 (Elster,
357 2012 431 2054 VII
463 2013 567 2068 sap.)

160 2083 315 2127 Civitas
356 2083 530 2138 quedam
570 2087 657 2126 erat
691 2084 813 2137 juxta
852 2096 976 2126 mare.
1036 2083 1250 2135 (Drachen
1289 2084 1416 2127 durch
1454 2084 1585 2127 lowen
1626 2088 1712 2127 ent-

158 2155 297 2207 fernt.)
346 2168 440 2210 app.
464 2155 503 2195 4.

102 2260 110 2268 .
158 2226 425 2269 Domicianus
456 2225 644 2279 regnavit
676 2225 855 2281 prudens
880 2225 1009 2268 valde.
1059 2226 1174 2274 (Drei
1196 2227 1435 2271 weisheiten
1458 2228 1711 2279 verkaufen.)

157 2297 227 2340 lat.
256 2297 349 2339 103.

158 2368 261 2411 Erat
292 2368 455 2423 quidam
491 2367 608 2410 miles
641 2368 805 2410 nomine
836 2367 1095 2411 Eustachius.
1145 2369 1383 2423 (Placidus)
1429 2370 1499 2412 lat.
1528 2372 1621 2413 110.

529 2543 632 2578 XIV.
671 2542 762 2578 Cod.
785 2543 987 2579 Ratisbon.
1008 2543 1065 2590 47,
1090 2545 1224 2589 quart.

379 2616 444 2650 126
469 2614 516 2650 bl.
535 2615 660 2660 papier
684 2615 757 2649 und
781 2619 1001 2660 pergament.
1038 2615 1118 2651 XV.
1131 2615 1183 2661 jh.
1222 2616 1267 2650 94
1291 2626 1369 2661 cap.

157 2711 218 2754 Β1.
242 2712 292 2754 19
321 2711 404 2754 und
434 2712 489 2753 20
520 2711 678 2764 fehlen,
712 2710 949 2754 enthaltend
981 2712 1058 2754 den
1084 2709 1256 2754 ‘Incest.³
1304 2711 1403 2754 Fast
1433 2711 1712 2767 durchgangig

43 2782 171 2837 gleieh
203 2783 273 2825 lat.
320 2782 526 2837 Incipiunt
557 2782 727 2824 historie
758 2795 828 2824 seu
861 2781 987 2825 Gesta
1016 2782 1306 2825 Romanorum.

76 2867 111 2908 1.

158 2864 327 2920 Legitur
358 2865 407 2907 de
439 2865 615 2920 quodam
648 2879 744 2919 rege
776 2865 844 2920 qui
877 2864 1001 2908 filiam
1036 2865 1248 2921 pulchram
1281 2865 1456 2908 habebat
1477 2879 1596 2921 quam
1622 2867 1711 2922 qui-

158 2936 252 2978 dam
286 2935 416 2978 miles.
469 2935 805 2992 (Fleischpfand.)
851 2949 977 2990 germ.
1003 2937 1070 2979 68.
