1919 3157
843 69 923 110 431

45 172 200 228 poteris
231 172 414 228 pericula
446 187 664 228 precavere
686 178 726 216 et
748 174 920 226 sagittas
942 173 1092 216 diaboli
1127 176 1343 231 expellere.
1393 177 1472 219 Sed
1495 178 1559 220 dic
1579 178 1718 231 michi,

45 242 274 298 quomodo?
314 243 419 286 Ecce
458 257 548 286 cum
591 259 708 287 arcus
748 244 972 286 diabolicus
1010 250 1152 287 contra
1184 247 1361 288 animam
1396 253 1506 290 tuam
1542 262 1614 304 per
1645 249 1719 291 ali-

45 327 168 368 quam
209 315 526 369 temptacionem
564 314 650 370 [82]
693 315 885 368 tetendit,
928 315 1089 358 involve
1128 321 1257 358 totum
1298 332 1445 374 corpus
1486 324 1600 362 tuum
1633 321 1658 361 i.
1683 334 1716 362 e.

44 384 241 440 quidquid
278 385 412 428 fecisti
452 387 688 439 cogitando,
728 386 988 438 delectando,
1028 388 1324 430 consenciendo
1365 390 1404 431 in
1446 390 1589 433 balneo
1622 404 1717 432 con-

42 455 233 498 fessionis
265 459 306 498 et
337 461 546 511 peccatum
592 457 820 508 evanescit3
860 470 950 498 cum
986 471 1080 499 vero
1113 460 1334 501 mundatus
1372 461 1519 514 fueris,
1559 466 1600 504 et
1631 462 1717 503 dia-

43 525 158 568 bolus
196 526 353 569 occisus
391 528 416 568 i.
449 541 482 569 e.
525 528 727 581 devictus,
776 527 898 569 indue
936 533 975 570 te
1015 530 1270 572 vestimentis
1316 531 1416 584 tuis,
1465 533 1488 573 i.
1522 546 1555 574 e.
1598 532 1716 574 bonis

41 596 276 651 virtutibus,
310 611 410 652 quas
444 599 483 640 in
509 599 713 654 baptismo
747 600 951 654 recepisti,
985 605 1025 642 et
1056 614 1179 655 perge
1203 601 1252 642 ad
1276 601 1441 643 domum
1465 604 1717 645 consciencie

42 671 112 709 tue
144 671 184 709 et
215 668 384 711 extrahe
416 682 564 724 corpus
587 670 765 712 defuncti
791 671 816 712 i.
841 683 874 712 e.
909 671 1092 726 quicquit
1123 672 1254 725 egisti.
1304 672 1461 714 Deinde
1494 674 1610 716 mitte
1642 687 1715 728 pro

41 737 282 793 parentibus
321 740 401 781 tuis
441 741 467 781 i.
492 754 524 782 e.
567 741 608 782 in
649 741 796 796 quibus
835 743 1014 796 peccatis
1046 756 1140 784 caro
1171 748 1243 784 tua
1275 757 1298 784 a
1330 744 1397 786 via
1428 745 1615 786 veritatis
1647 745 1716 787 de-

41 808 192 862 viabat,
224 813 265 852 et
294 813 392 852 tunc
423 823 588 853 carnem
620 812 714 865 igne
748 812 974 867 penitencie
1005 814 1198 856 combure
1234 818 1275 856 et
1306 828 1398 856 ossa
1430 815 1455 856 i.
1480 829 1512 857 e.
1548 820 1715 870 peccata

40 879 270 922 inveterata
306 881 608 924 annichilentur
649 887 689 925 et
720 883 778 924 sic
810 896 884 938 per
915 889 1080 926 ventum
1113 886 1139 926 i.
1163 898 1197 927 e.
1231 885 1365 927 cordis
1398 886 1713 928 amaritudinem

40 950 313 1006 expellantur,
346 957 387 995 et
419 954 572 1008 poteris
606 954 803 1007 virginem
839 954 986 996 ducere
1018 955 1043 995 i.
1068 968 1101 997 e.
1125 968 1288 998 carnem
1312 970 1336 998 a
1356 957 1472 999 viciis
1496 963 1711 1013 purgatam

39 1022 273 1077 perignem
305 1023 442 1066 divine
476 1024 756 1067 misericordie
788 1029 828 1067 et
858 1026 995 1079 gracie
1027 1030 1068 1068 et
1091 1026 1247 1081 prolem
1280 1028 1304 1068 i.
1330 1041 1363 1070 e.
1388 1028 1514 1070 bonas
1540 1030 1712 1072 virtutes

38 1105 113 1148 per
156 1106 410 1150 consequens
454 1109 670 1149 generare,
718 1110 792 1151 per
834 1110 952 1150 quem
1004 1097 1157 1152 poteris
1202 1097 1254 1139 ad
1296 1104 1481 1141 eternum
1525 1100 1711 1142 bravium

37 1177 266 1220 pervenire.

695 1330 798 1374 CAP.
826 1333 920 1374 103.
951 1333 1054 1384 (95.)

136 1415 211 1461 De
246 1417 453 1463 omnibus
488 1418 619 1464 rebus
656 1433 755 1464 cum
794 1433 1011 1464 consensu
1048 1425 1088 1464 et
1117 1421 1409 1480 providencia
1445 1437 1617 1483 semper

778 1502 973 1561 ayendz's.

150 1587 418 1632 Domicianus
448 1591 656 1644 regnavit,
697 1591 877 1646 prudens
915 1592 1032 1634 valde
1069 1596 1110 1634 et
1140 1606 1214 1648 per
1247 1594 1385 1636 omnia
1409 1595 1567 1649 justus,
1610 1611 1709 1652 quo-

32 1658 142 1701 niam
175 1659 278 1702 nulli
308 1661 516 1716 parcebat,
551 1662 647 1716 quin
681 1676 755 1717 per
784 1663 894 1704 viam
920 1663 1086 1717 justicie
1118 1665 1325 1707 transiret.
1374 1666 1537 1709 Accidit
1567 1669 1707 1723 semel,

32 1729 128 1772 dum
161 1730 203 1772 in
226 1744 368 1774 mensa
399 1733 573 1786 sederet,
606 1733 719 1775 venit
749 1734 914 1788 quidam
948 1739 1152 1777 mercator
1183 1740 1223 1778 et
1245 1736 1296 1778 ad
1311 1737 1482 1790 januam
1504 1739 1706 1794 pulsavit;

25 1800 182 1855 Janitor
214 1815 309 1844 vero
340 1807 503 1858 portam
538 1805 699 1859 aperuit
738 1809 798 1858 et,
840 1805 936 1860 quid
969 1806 1006 1848 ei
1039 1806 1239 1861 placeret,
1281 1808 1470 1862 quesivit.
1524 1810 1583 1852 At
1618 1811 1706 1853 ille:

30 1870 234 1915 Mercator
272 1886 384 1927 sum,
423 1874 561 1929 aliqua
600 1875 729 1918 habeo
772 1876 823 1918 ad
865 1878 1122 1920 vendendum
1161 1879 1280 1921 utilia
1317 1893 1391 1934 pro
1423 1894 1601 1935 persona
1630 1882 1707 1924 im-

30 1944 247 1999 peratoris.
295 1942 459 1986 Janitor
490 1945 564 1987 hoc
587 1946 755 1989 audiens
783 1961 873 1989 eum
907 1949 1155 2002 introduxit3
1188 1949 1257 1992 ille
1288 1964 1383 1993 vero
1414 1951 1706 2007 imperatorem

30 2014 130 2056 satis
162 2014 372 2057 humiliter
402 2015 608 2059 salutavit.
665 2019 738 2060 Ait
769 2019 805 2060 ei
836 2019 1082 2074 imperator:
1123 2019 1365 2075 Carissime,
1399 2022 1518 2076 quale
1550 2036 1706 2066 merca-

29 2085 181 2127 torium
214 2086 265 2128 ad
299 2085 554 2128 vendendum
588 2088 738 2131 habes?
784 2088 840 2131 Et
870 2089 960 2132 ille:
993 2090 1182 2146 Domine,
1215 2097 1299 2135 tres
1331 2093 1574 2148 sapiencias.
1628 2094 1704 2145 Qui

31 2156 107 2198 ait:
154 2155 209 2198 Et
247 2157 449 2211 quomodo
488 2158 612 2200 michi
652 2160 767 2202 dabis
807 2161 1032 2215 quamlibet
1068 2162 1344 2217 sapienciam?
1395 2162 1450 2205 Et
1486 2164 1576 2206 ille:
1623 2164 1703 2208 Pro

28 2226 140 2269 mille
170 2226 348 2270 florenis.
403 2229 476 2270 Ait
515 2243 607 2272 rex:
646 2230 701 2272 Et
732 2232 767 2273 si
798 2232 1004 2287 sapiencie
1035 2237 1104 2276 tue
1135 2235 1257 2276 michi
1290 2247 1373 2276 non
1404 2239 1595 2290 prosunt,
1633 2249 1703 2291 pe-

28 2298 189 2340 cuniam
228 2312 360 2342 meam
401 2300 541 2355 perdo.
596 2301 670 2343 Ait
707 2306 932 2345 mercator:
973 2302 1168 2359 Domine,
1212 2305 1246 2346 si
1288 2305 1494 2360 sapiencie
1533 2321 1622 2350 mee
1659 2308 1703 2350 in

27 2368 143 2411 vobis
173 2368 305 2412 locum
338 2384 422 2412 non
454 2373 653 2427 optinent,
686 2374 900 2428 pecuniam
933 2374 1116 2417 reddam.
1164 2375 1238 2418 Ait
1257 2377 1504 2432 imperator:
1538 2377 1702 2434 Optime

28 2438 142 2495 dicis,
175 2439 241 2483 dic
270 2441 392 2484 modo
424 2442 548 2484 michi
579 2444 822 2499 sapiencias,
861 2458 961 2499 quas
993 2446 1118 2489 michi
1151 2447 1326 2490 vendere
1358 2448 1470 2491 velis.
1524 2448 1580 2491 Et
1609 2449 1700 2492 ille:

27 2508 217 2566 Domine,
248 2512 384 2567 prima
414 2513 624 2568 sapiencia
660 2519 721 2558 est
751 2516 851 2558 ista:
884 2515 1086 2571 Quicquid
1118 2531 1230 2572 agas,
1262 2519 1486 2574 prudenter
1517 2533 1628 2574 agas,
1662 2524 1702 2562 et

26 2581 184 2637 respice
222 2580 359 2625 finem.
416 2582 604 2626 Secunda
636 2589 698 2628 est
734 2586 832 2628 ista:
870 2586 1104 2642 Numquam
1135 2589 1246 2632 viam
1278 2590 1483 2645 publicam
1515 2590 1700 2633 dimittas

27 2657 195 2708 propter
224 2653 426 2696 semitam.
480 2655 625 2697 Tereia
655 2657 865 2712 sapiencia
895 2661 958 2699 est
988 2658 1087 2701 ista:
1120 2659 1354 2715 Numquam
1387 2661 1617 2717 hospicium
1648 2662 1700 2704 ad

26 2723 272 2766 manendum
306 2724 356 2767 de
386 2728 506 2768 nocte
538 2726 581 2767 in
613 2726 733 2769 domo
766 2727 937 2782 alicujus
976 2730 1176 2785 accipias,
1217 2731 1288 2773 ubi
1326 2732 1515 2774 dominus
1554 2733 1699 2775 domus

27 2796 90 2835 est
119 2807 244 2837 senex
276 2798 317 2837 et
347 2809 451 2838 uxor
483 2796 718 2850 juvencula.
772 2797 858 2840 Hec
895 2799 976 2841 tria
1015 2801 1242 2855 custodias,
1284 2807 1325 2844 et
1364 2802 1464 2845 bene
1500 2803 1576 2845 tibi
1607 2803 1697 2846 erit.

26 2860 113 2906 Rex
152 2864 266 2908 dedit
303 2866 340 2909 ei
376 2879 452 2922 pro
492 2866 674 2922 qualibet
710 2869 920 2925 sapiencia
956 2871 1070 2914 mille
1107 2871 1301 2925 florenos;
1341 2877 1382 2915 et
1418 2873 1597 2928 primam
1634 2887 1698 2916 sa-

25 2933 243 2991 pienciam,
274 2936 449 2980 scilicet:
481 2936 683 2993 Quicquid
714 2953 812 2993 agas
843 2945 934 2994 etc„
965 2941 1063 2984 fecit
1093 2943 1218 2986 scribi
1248 2944 1292 2986 in
1325 2943 1430 2998 aula,
1462 2944 1505 2986 in
1536 2957 1700 2988 camera

1742 820 1785 855 10

1740 1176 1782 1210 15

1734 1677 1778 1711 20

1731 2033 1776 2068 25

1727 2389 1773 2423 30

1724 2742 1770 2778 35
