1949 3162
149 1007 193 1041 10

150 1397 192 1430 15

150 1752 194 1784 20

150 2105 194 2139 25

151 2463 196 2496 30

154 2819 198 2852 35

1014 79 1099 119 374

215 186 358 239 tingit,
399 185 505 239 quod
547 187 761 239 postquam
803 184 923 225 homo
961 184 1010 226 de
1050 183 1210 225 diabolo
1250 184 1589 238 triumphaverit,
1630 185 1736 226 sicut
1772 184 1892 226 multi

215 254 372 299 faciunt
402 256 444 297 in
477 255 803 309 quadragesima,
838 258 931 310 post
961 254 1112 310 pascha
1143 254 1315 296 redeunt
1346 255 1396 296 ad
1431 259 1609 310 peccata,
1642 259 1683 296 et
1713 255 1772 297 sic
1806 255 1892 309 glo-

217 328 313 370 bum
345 326 402 368 fili
434 326 461 367 i.
487 340 519 368 e.
553 327 744 368 virtutem
788 326 1034 368 sacramenti
1078 324 1199 378 [bib]
1236 325 1424 380 perdunt.
1474 325 1554 367 Fac
1586 339 1681 379 ergo
1713 330 1756 367 tu
1789 327 1894 368 sicut

216 399 313 440 fecit
351 397 481 439 miles.
531 396 573 438 Si
614 411 686 452 per
727 402 938 452 peccatum
981 397 1154 437 virtutes
1187 396 1416 450 perdidisti,
1450 396 1623 438 multum
1656 396 1792 438 dolere
1824 397 1892 439 de-

218 469 347 511 beres.
399 467 528 521 Perge
567 468 675 509 viam
718 468 842 509 trium
882 467 1038 508 dierum
1074 482 1146 522 per
1178 468 1485 521 contricionem,
1527 467 1820 509 confessionem
1855 474 1895 510 et

218 539 556 591 satisfactionem,
590 542 631 580 et
661 539 845 580 invenire
867 539 1021 593 poteris
1046 552 1092 580 ea
1115 552 1190 592 que
1214 538 1443 593 perdidisti,
1476 542 1516 580 et
1539 539 1596 580 sic
1619 552 1708 580 cum
1733 539 1893 581 veneris

218 611 267 652 ad
300 614 463 665 portum
497 609 654 663 mortis,
688 610 849 663 quando
884 610 1021 651 anima
1053 613 1268 664 separatur
1298 623 1321 650 a
1350 622 1533 663 corpore,
1568 610 1720 664 poteris
1750 610 1800 651 ad
1823 610 1893 651 do-

218 682 372 722 minam
407 681 546 722 solacii
580 681 795 735 pervenire
826 680 851 721 i.
877 694 909 722 e.
931 680 980 722 ad
1020 680 1212 733 gaudium
1247 683 1445 721 eternum.
1494 680 1558 721 Ad
1592 680 1698 734 quod
1730 684 1805 722 etc.

891 909 992 951 CAP.
1017 911 1085 951 64.
1120 910 1222 961 (56.)

708 996 782 1041 De
819 997 1045 1041 dominica
1084 998 1418 1041 incarnacione.

335 1104 508 1154 Quidam
542 1117 614 1146 rex
643 1104 832 1157 regnavit
860 1104 927 1158 qui
949 1107 1032 1146 tres
1055 1105 1228 1146 virtutes
1251 1104 1447 1146 habebat:
1481 1105 1613 1159 primo
1638 1109 1726 1146 erat
1745 1105 1895 1147 forciOr

219 1175 409 1217 omnibus
447 1175 680 1217 hominibus
713 1175 755 1216 in
796 1188 978 1230 corpore,
1020 1176 1196 1217 seeundo
1230 1176 1473 1231 sapiencior,
1506 1176 1630 1217 tercio
1664 1176 1893 1231 pulchrior3

220 1247 288 1300 qui
327 1247 397 1288 diu
436 1247 524 1288 sine
564 1260 691 1288 uxore
730 1247 846 1288 vixit.
901 1246 1083 1288 Tandem
1123 1251 1324 1289 venerunt
1364 1248 1483 1289 amici
1525 1248 1610 1301 ejus
1649 1247 1698 1288 ad
1731 1261 1824 1289 eum
1857 1253 1897 1290 et

219 1317 434 1359 dixerunt:
482 1317 673 1371 Domine,
712 1318 862 1359 bonum
905 1322 967 1359 est
1004 1332 1174 1360 uxorem
1214 1319 1361 1360 ducere
1402 1322 1442 1360 et
1480 1318 1637 1373 prolem
1684 1332 1894 1372 generare,

219 1389 316 1443 quia
346 1403 427 1431 non
460 1393 522 1431 est
552 1389 701 1431 bonum
737 1390 825 1431 sine
856 1404 984 1431 uxore
1016 1394 1137 1431 stare.
1193 1390 1247 1430 At
1278 1389 1365 1431 ille:
1398 1389 1625 1444 Carissimi,
1658 1389 1773 1431 vobis
1801 1403 1896 1431 con-

219 1463 302 1501 stat
341 1461 448 1515 quod
488 1461 587 1502 satis
628 1460 741 1502 dives
781 1464 821 1502 et
858 1465 1004 1516 potens
1044 1474 1148 1513 sum,
1188 1461 1277 1502 ideo
1311 1445 1481 1502 diviciis
1503 1474 1583 1502 non
1615 1461 1798 1514 indige03
1841 1462 1896 1502 ite

218 1544 314 1584 ergo
346 1545 420 1586 per
452 1545 579 1585 regna
611 1536 651 1573 et
681 1536 817 1574 castra
848 1536 888 1574 et
919 1532 1043 1574 michi
1075 1532 1273 1585 virginem
1309 1533 1536 1587 speciosam
1570 1545 1615 1573 ac
1652 1532 1895 1587 prudentem

219 1602 391 1656 querite,
425 1607 465 1644 et
497 1604 531 1644 si
562 1603 642 1645 ista
673 1603 751 1644 duo
783 1603 825 1644 in
858 1603 995 1658 aliqua
1026 1604 1281 1656 inveneritis,
1313 1603 1409 1644 licet
1438 1602 1701 1658 paupercula,
1734 1617 1822 1644 eam
1854 1603 1896 1644 in

221 1687 391 1715 uxorem
427 1674 596 1716 habebo.
643 1673 919 1716 Perrexerunt
949 1674 1009 1716 illi
1042 1689 1114 1729 per
1146 1688 1273 1727 regna
1305 1679 1344 1716 et
1375 1679 1511 1716 castra
1534 1678 1574 1716 et
1594 1674 1760 1716 tandem
1783 1674 1897 1729 puel-

220 1744 302 1786 lam
336 1745 460 1786 nimis
493 1745 707 1800 pulchram
741 1759 788 1787 ac
819 1746 1061 1801 prudentem
1096 1746 1340 1787 invenerunt
1371 1746 1420 1787 de
1443 1746 1639 1799 sanguine
1668 1759 1824 1799 regum,
1858 1749 1898 1787 et

223 1816 309 1869 ejus
350 1817 522 1858 virtutes
562 1817 648 1869 regi
690 1817 1054 1858 denunciaverunt.
1107 1816 1193 1858 Rex
1234 1816 1394 1858 volebat
1426 1817 1512 1871 ejus
1545 1817 1795 1871 sapienciam
1827 1830 1896 1858 ex-

224 1887 365 1942 periri,
406 1900 624 1942 preconem
658 1889 819 1929 vocavit
850 1892 890 1929 et
922 1889 980 1930 ait
1010 1888 1066 1930 ei:
1106 1887 1342 1941 Carissime,
1380 1888 1455 1930 tibi
1485 1888 1603 1930 trado
1634 1901 1815 1943 pannum
1849 1887 1897 1928 li-

220 1972 341 1999 neum
386 1958 602 2000 habentem
643 1960 684 2000 in
716 1959 972 2012 longitudine
1004 1963 1086 2001 tres
1119 1959 1306 2014 pollices3
1348 1959 1450 2000 vade
1483 1959 1533 2001 ad
1564 1959 1741 2015 puellam
1776 1963 1816 2000 et
1847 1972 1897 2000 ex

220 2034 338 2083 parte
380 2030 461 2071 mei
500 2043 587 2071 eam
632 2030 764 2071 saluta
806 2034 845 2072 et
877 2031 993 2072 trade
1026 2030 1061 2071 ei
1094 2030 1216 2071 istum
1252 2044 1448 2085 pannum,
1482 2030 1531 2072 de
1563 2044 1640 2084 quo
1674 2029 1896 2071 seeundum

221 2101 472 2154 sapienciam
514 2114 629 2142 suam
668 2101 793 2143 faciat
830 2101 955 2142 michi
996 2103 1095 2142 satis
1134 2101 1297 2154 longam
1341 2106 1381 2143 et
1420 2101 1544 2143 latam
1579 2101 1790 2143 camisiam
1822 2114 1896 2156 pro

221 2184 392 2226 corpore
431 2185 541 2224 meO,
582 2176 622 2213 et
654 2172 688 2213 si
720 2172 796 2213 hoc
835 2172 992 2225 fecerit,
1032 2173 1207 2225 conjunx
1240 2186 1331 2214 mea
1364 2173 1451 2214 erit.
1499 2172 1687 2214 Perrexit
1723 2172 1896 2214 nuncius

221 2242 274 2284 ad
307 2243 508 2295 virginem
543 2246 582 2284 et
614 2256 702 2284 eam
728 2257 776 2284 ex
799 2247 916 2298 parte
938 2244 1045 2296 regis
1069 2243 1278 2296 salutavit,
1313 2243 1496 2298 dixitque
1520 2244 1575 2286 ei:
1609 2243 1714 2285 Ecce
1736 2257 1896 2298 pannus

220 2314 352 2355 lineus
395 2313 548 2355 habens
589 2318 747 2355 tantum
790 2315 831 2355 in
872 2314 1126 2367 longitudine
1167 2318 1207 2356 et
1244 2314 1460 2356 latitudine
1500 2319 1583 2357 tres
1626 2314 1814 2370 pollices3
1863 2315 1897 2356 si

221 2385 432 2425 camisiam
467 2383 734 2426 sufficientem
769 2385 818 2427 de
850 2385 928 2426 isto
963 2399 1098 2440 panno
1130 2399 1204 2440 pro
1237 2399 1407 2441 corpore
1436 2386 1521 2439 ejus
1544 2386 1696 2441 poteris
1721 2386 1896 2440 operari,

222 2459 261 2497 te
293 2456 335 2497 in
367 2469 535 2497 uxorem
569 2455 746 2498 habebit.
796 2456 852 2498 At
882 2456 972 2497 illa:
1006 2456 1216 2506 Quomodo
1248 2457 1317 2498 fiet
1347 2457 1471 2510 istud,
1505 2471 1554 2499 ex
1588 2470 1666 2511 quo
1699 2470 1781 2498 non
1803 2463 1899 2498 sunt

221 2527 303 2568 nisi
334 2530 417 2568 tres
450 2526 617 2581 pollices
650 2527 690 2567 in
723 2527 979 2580 longitudine
1012 2532 1052 2569 et
1082 2528 1299 2569 latitudine
1332 2532 1372 2569 et
1403 2528 1497 2569 inde
1530 2528 1741 2569 camisiam
1773 2527 1809 2569 ei
1836 2527 1896 2579 faf

223 2611 313 2639 cere
345 2602 406 2639 est
437 2597 712 2651 impossibile;
746 2603 1056 2653 verumptamen
1081 2599 1202 2640 michi
1231 2613 1302 2640 vas
1332 2599 1538 2651 concedat,
1570 2599 1613 2639 in
1636 2613 1713 2653 quo
1736 2600 1898 2654 operari

223 2672 379 2723 potero,
420 2672 460 2710 et
497 2668 705 2709 camisiam
749 2670 848 2711 satis
882 2670 1043 2723 longam
1078 2670 1114 2710 ei
1148 2670 1352 2724 promitto.
1402 2670 1584 2711 Nuncius
1617 2674 1679 2712 est
1708 2683 1897 2712 reversus

225 2740 558 2793 denunciansque
595 2740 682 2792 regi
723 2740 771 2780 de
812 2741 982 2793 virginis
1015 2741 1294 2795 responsione,
1334 2741 1473 2782 statim
1507 2755 1578 2782 rex
1611 2755 1681 2782 vas
1714 2741 1895 2783 debitum

225 2814 266 2851 et
304 2811 537 2865 preciosum
571 2810 607 2851 ei
639 2810 764 2863 misit,
807 2811 876 2852 illa
915 2825 1009 2853 vero
1049 2812 1098 2853 de
1136 2816 1220 2853 tam
1261 2825 1388 2866 parva
1420 2812 1649 2866 quantitate
1680 2812 1722 2854 in
1755 2812 1895 2854 eodem

226 2895 320 2922 vase
353 2885 522 2936 operata
553 2884 615 2922 est
646 2881 855 2923 camisiam
889 2883 989 2924 satis
1013 2882 1281 2925 sufficientem
1311 2897 1384 2937 pro
1407 2896 1575 2938 corpore
1598 2897 1683 2925 suo.
1732 2883 1801 2925 [lle
1822 2883 1896 2924 hoc

225 2952 366 2994 videns
400 2953 539 2994 statim
573 2966 661 2994 eam
695 2952 735 2993 in
769 2967 936 2995 uxorem
970 2954 1098 2996 duxit.
