1919 3157
859 114 943 154 4th

61 211 132 254 Ille
170 227 241 255 rex
284 227 475 268 magnum
517 217 746 259 convivium
797 219 893 260 fecit
941 223 980 260 et
1020 232 1160 261 omnes
1199 220 1354 263 nobiles
1394 226 1582 278 satrapas
1623 225 1736 277 regni

59 284 196 325 vocari
228 284 338 336 fecit,
370 286 438 339 qui
471 300 612 328 omnes
647 294 855 330 venerunt.
912 289 955 330 ln
985 302 1064 343 quo
1087 291 1273 331 convivio
1308 296 1425 334 erant
1456 295 1565 335 omni
1589 308 1737 347 genere

59 354 246 396 musicali
286 357 426 410 periti,
470 355 622 412 [lle]
663 360 730 413 qui
771 374 962 413 magnum
997 361 1192 403 solacium
1234 364 1432 405 conviviis
1470 364 1655 407 fecerunt
1687 380 1736 407 ex

58 425 173 466 suavi
207 425 397 473 melodia,
432 441 501 469 rex
537 442 631 470 vero
664 430 818 471 nullum
854 431 1051 472 solacium
1085 446 1157 473 nec
1191 433 1350 485 signum
1376 433 1510 476 leticie
1543 436 1735 490 ostendit,

58 495 128 536 sed
163 496 317 538 vultum
352 498 510 539 tristem
545 499 688 542 habuit
720 506 759 542 et
791 502 971 556 suspiria
1002 505 1042 544 et
1073 504 1249 555 gemitus
1283 505 1507 547 emittebat.
1562 506 1646 549 Hec
1677 509 1736 549 vi·—
1761 513 1783 547 5

58 565 201 608 dentes
233 569 403 610 convive
437 570 574 611 mirati
608 576 703 612 sunt
735 576 774 613 et
805 586 885 613 non
918 573 1084 615 fuerunt
1115 575 1202 615 ausi
1236 579 1375 629 petere
1408 576 1457 617 ab
1490 590 1535 618 eo
1568 591 1733 620 causam

57 637 243 690 tristicie,
276 638 345 680 sed
380 639 573 681 dixerunt
605 642 721 683 fratri
755 643 876 696 regis,
910 648 954 685 ut
985 657 1149 686 causam
1181 650 1293 687 tante
1323 647 1495 689 tristicie
1516 648 1734 702 indigaret,

56 707 125 762 qui
158 713 198 750 et
229 709 327 751 fecit
357 709 495 751 dicens
529 712 620 764 sibi,
654 714 760 766 quod
794 728 934 756 omnes
968 715 1008 756 in
1042 716 1228 757 convivio
1261 717 1510 759 mirarentur
1542 719 1591 761 de
1621 724 1735 761 tanta

54 778 231 820 tristicia
263 785 303 822 et
334 793 499 823 causam
533 782 708 825 libenter
741 785 903 827 scirent.
952 786 1025 827 Ait
1056 800 1150 828 rex:
1185 787 1297 829 Vade
1331 788 1381 829 ad
1411 789 1574 831 domum
1598 792 1732 832 tuam!

54 847 132 891 Die
164 851 344 893 crastina
375 866 616 908 responsum
660 855 813 896 audies.
867 855 981 906 Quod
1022 862 1063 899 et
1100 858 1252 899 sactum
1294 863 1366 901 est.
1423 859 1510 902 Rex
1550 862 1734 917 precepit
1759 867 1803 901 10

55 919 383 976 bucinatoribus,
425 929 468 965 ut
508 926 693 979 sequenti
726 940 845 968 mane
883 928 1071 970 venirent
1102 933 1196 970 ante
1228 929 1393 971 domum
1426 931 1566 973 fratris
1599 933 1660 973 sui
1693 938 1734 975 et

51 990 161 1033 tubis
193 998 389 1035 canerent
422 999 462 1036 et
492 996 628 1050 ipsum
665 996 714 1038 ad
748 1010 839 1038 eum
873 998 1069 1041 ducerent
1100 1000 1321 1042 secundum
1357 1001 1508 1055 legem,
1549 1003 1655 1057 quod
1693 1008 1733 1046 et

51 1061 248 1106 fecerunt.
311 1065 495 1107 Audiens
542 1067 670 1109 frater
708 1069 816 1121 regis
863 1068 912 1110 de
953 1084 1072 1112 mane
1115 1071 1234 1113 tubas
1274 1077 1368 1114 ante
1407 1073 1572 1115 domum
1613 1088 1728 1116 suam

51 1139 256 1176 commota
287 1141 383 1178 sunt
421 1138 559 1179 omnia
592 1138 749 1180 viscera
780 1140 865 1193 ejus
900 1144 939 1182 et
978 1142 1176 1196 surrexit,
1217 1143 1478 1197 vestibusque
1518 1145 1647 1198 nigris
1687 1160 1730 1188 se

49 1204 203 1259 induit,
243 1208 411 1249 veniens
445 1209 493 1250 ad
528 1223 686 1263 regem,
728 1211 795 1264 qui
828 1210 925 1253 fecit
956 1212 1042 1254 fieri
1075 1213 1233 1255 foveam
1269 1214 1514 1269 profundam
1548 1220 1588 1257 et
1620 1216 1729 1258 ultra
1756 1222 1799 1255 15

48 1275 207 1317 foveam
242 1278 479 1320 cathedram
512 1280 715 1334 fragilem,
749 1294 826 1335 que
859 1287 1035 1336 quatuor
1057 1285 1179 1339 pedes
1201 1285 1368 1338 fragiles
1401 1284 1545 1328 habuit
1571 1291 1611 1328 et
1631 1288 1729 1330 fecit

47 1345 216 1389 fratrem
241 1362 360 1390 suum
393 1351 487 1391 exui
520 1351 701 1393 vestibus
734 1356 774 1393 et
806 1366 928 1408 super
949 1355 1184 1397 cathedram
1219 1356 1328 1411 poni.
1378 1356 1478 1399 Cum
1513 1361 1650 1400 autem
1684 1359 1726 1401 in

47 1417 242 1460 cathedra
281 1424 390 1462 esset
428 1421 672 1475 collocatus,
721 1423 945 1477 ordinavit,
992 1429 1038 1466 ut
1076 1426 1235 1479 gladius
1275 1431 1418 1469 acutus
1457 1428 1565 1470 ultra
1604 1434 1727 1485 caput

47 1501 165 1530 suum
202 1503 276 1545 per
306 1490 419 1533 filum
453 1493 625 1534 sericum
662 1494 875 1548 penderet3
915 1495 1062 1538 deinde
1095 1498 1303 1539 ordinavit
1334 1502 1509 1552 quatuor
1538 1500 1725 1543 homines

46 1571 138 1601 cum
171 1566 346 1615 quatuor
377 1562 525 1616 gladiis
559 1565 830 1619 acutissimis,
870 1579 993 1607 unum
1034 1580 1058 1608 a
1088 1571 1206 1622 parte
1239 1572 1353 1622 ante,
1394 1569 1518 1612 alium
1551 1584 1575 1612 a
1607 1577 1725 1627 parte
1751 1577 1796 1612 20

45 1631 276 1686 posteriori,
309 1634 482 1675 tercium
516 1648 540 1676 a
572 1641 688 1690 parte
720 1636 867 1678 dextra
898 1642 938 1679 et
970 1642 1160 1692 quartum
1195 1653 1218 1680 a
1245 1645 1363 1695 parte
1396 1641 1575 1683 sinistra.
1620 1642 1722 1685 Cum

46 1705 179 1744 autem
215 1703 273 1744 sic
304 1709 474 1758 starent,
508 1707 566 1747 ait
597 1720 670 1749 rex
693 1708 775 1750 illis
798 1712 991 1762 quatuor:
1027 1708 1129 1751 Cum
1162 1710 1318 1764 dixero,
1351 1711 1426 1753 sub
1450 1726 1555 1767 pena
1577 1715 1723 1757 mortis

44 1772 201 1826 gladios
223 1775 264 1816 in
289 1789 379 1817 eum
404 1776 581 1830 infigite!
605 1777 660 1820 Et
681 1780 800 1820 tubas
823 1780 1041 1834 omniaque
1058 1794 1210 1834 genera
1225 1782 1441 1824 musicalia
1460 1783 1559 1825 fecit
1577 1785 1723 1828 adduci

44 1856 180 1886 coram
214 1846 342 1888 fratre
374 1851 415 1890 et
446 1862 629 1890 mensam
668 1851 806 1905 parari
839 1855 879 1892 et
910 1852 1074 1893 diversa
1104 1852 1260 1894 fercula
1298 1854 1453 1909 apponi
1493 1859 1534 1897 et
1571 1856 1646 1898 ait:
1689 1856 1721 1899 O

41 1913 170 1957 frater
200 1917 257 1958 mi
289 1918 516 1972 carissime,
550 1933 676 1973 quare
707 1926 865 1963 tantum
890 1922 1003 1964 doles
1035 1927 1076 1965 et
1106 1927 1263 1965 tantam
1286 1925 1502 1967 tristiciam
1535 1926 1578 1968 in
1600 1928 1722 1970 corde
1747 1935 1792 1969 25

41 1984 194 2028 habes?
241 1987 346 2030 Ecce
393 1990 550 2045 optima
586 1991 758 2046 fercula,
807 2006 899 2036 ecce
937 1994 1114 2036 melodia
1153 1993 1417 2038 suavissima!
1466 1996 1600 2047 Quare
1638 2012 1721 2041 non

40 2057 193 2110 gaudes
226 2063 266 2100 et
296 2059 464 2102 letaris?
503 2061 560 2103 At
592 2062 679 2104 ille:
713 2063 924 2113 Quomodo
955 2068 1100 2119 potero
1132 2066 1324 2120 gaudere,
1357 2080 1449 2109 cum
1482 2068 1524 2109 in
1557 2069 1718 2122 signum

40 2129 182 2170 mortis
215 2129 336 2172 hodie
367 2144 487 2174 mane
520 2134 699 2175 sonitum
732 2134 828 2177 tube
861 2140 955 2178 ante
987 2136 1154 2178 domum
1187 2150 1319 2179 meam
1355 2138 1493 2180 audivi
1526 2144 1566 2181 et
1597 2141 1718 2182 modo

39 2200 295 2255 corruptibili
315 2206 355 2243 et
376 2203 511 2255 fragili
529 2204 723 2246 cathedra
741 2219 830 2247 sum
854 2206 1102 2249 collocatus?
1125 2206 1168 2249 Si
1190 2208 1410 2251 indiscrete
1432 2223 1498 2252 me
1516 2224 1717 2266 moveam,

38 2269 130 2324 ipsa
161 2271 356 2314 cathedra
387 2274 592 2327 frangitur
625 2279 665 2317 et
695 2276 735 2317 in
762 2280 929 2331 puteum
962 2278 1076 2332 cado,
1110 2279 1159 2321 de
1192 2293 1271 2333 quo
1304 2293 1517 2333 resurgere
1542 2295 1621 2323 non
1646 2297 1717 2337 po·
1742 2289 1787 2323 30

39 2343 147 2393 tero3
181 2343 216 2383 si
247 2348 372 2398 caput
393 2358 529 2386 meum
564 2346 688 2400 erig0,
721 2347 880 2401 gladius
904 2348 1014 2390 ultra
1035 2354 1159 2405 caput
1180 2364 1316 2392 meum
1343 2355 1483 2405 petens
1506 2356 1546 2394 et
1567 2353 1716 2396 cadens

37 2424 165 2466 usque
204 2414 255 2455 ad
286 2414 498 2456 cerebrum
539 2430 602 2457 me
634 2417 871 2471 interficiet3
913 2425 1088 2474 quatuor
1126 2425 1302 2463 tortores
1344 2422 1386 2463 in
1420 2423 1593 2464 circuitu
1624 2437 1714 2466 meo

37 2486 148 2525 stant
187 2486 322 2539 parati
361 2499 450 2527 cum
491 2486 638 2539 gladiis
678 2490 728 2530 ad
768 2490 932 2532 unicum
974 2491 1143 2534 verbum
1188 2497 1368 2535 vestrum
1411 2507 1476 2535 me
1508 2495 1713 2547 occidere3

36 2552 126 2595 istis
148 2556 432 2610 consideratis,
466 2557 500 2598 si
523 2558 713 2601 dominus
735 2561 864 2602 tocius
887 2562 1030 2603 mundi
1053 2575 1199 2615 essem,
1231 2563 1409 2616 gaudere
1431 2578 1511 2605 non
1534 2579 1710 2620 possem.

35 2621 109 2666 Cui
139 2639 212 2667 rex
246 2627 322 2669 ait:
355 2627 449 2669 Jam
484 2629 534 2670 ad
568 2631 822 2682 questionem
854 2631 1088 2674 hesternam
1122 2647 1248 2687 quare
1281 2648 1361 2676 non
1393 2635 1613 2688 gauderem
1647 2650 1710 2678 re·
1737 2643 1781 2678 35

34 2696 229 2749 spondeo.
273 2696 362 2751 Ego
395 2712 484 2740 sum
519 2700 625 2741 sicut
655 2705 699 2742 tu
732 2715 774 2743 es
807 2701 927 2743 modo
960 2703 1182 2746 collocatus
1214 2705 1255 2746 in
1282 2706 1477 2747 cathedra
1508 2707 1710 2761 corrupti-

35 2763 106 2807 bili
143 2770 184 2809 et
219 2768 379 2822 fragili,
426 2770 523 2824 quia
562 2771 603 2811 in
644 2783 814 2825 corpore
850 2772 987 2825 fragili
1026 2787 1118 2815 cum
1159 2780 1333 2829 quatuor
1373 2775 1545 2831 pedibus
1588 2775 1706 2832 [119]

33 2838 391 2892 corruptibilibus,
432 2841 588 2882 scilicet
619 2841 668 2883 de
700 2846 876 2896 quatuor
907 2843 1143 2898 elementis,
1185 2850 1226 2888 et
1265 2846 1338 2888 sub
1371 2860 1436 2888 me
1469 2851 1531 2888 est
1561 2852 1708 2902 puteus

31 2905 263 2961 infernalis3
295 2910 405 2952 ultra
436 2916 560 2966 caput
593 2925 727 2953 meum
759 2913 920 2966 gladius
953 2918 1095 2956 acutus
1128 2917 1284 2958 scilicet
1305 2917 1487 2958 divinum
1505 2918 1707 2971 judicium

30 2983 220 3031 paratum
253 2981 433 3023 animam
466 2995 599 3024 meam
632 2996 656 3024 a
686 2996 856 3038 corpore
889 2998 1103 3040 separare3
1142 2992 1236 3029 ante
1274 3002 1339 3029 me
1370 2988 1531 3041 gladius
1564 2994 1706 3031 acutus
1731 2997 1777 3031 40

1347 3063 1427 3097 325ε
