1954 3137
201 185 269 225 30.

202 325 270 366 31.

202 464 270 506 32.

203 605 272 646 33.

202 745 271 786 34.

203 886 272 928 35.

204 1028 272 1069 36.

205 1168 274 1209 37.

205 1308 274 1350 38.

205 1449 274 1491 39.

205 1589 276 1631 40.

206 1729 276 1770 41.

205 2010 276 2050 43.

1007 76 1091 117 194

319 182 507 225 Menalus
540 182 583 222 in
614 181 690 222 civ.
709 194 812 222 rom.
832 194 946 234 regn.
968 181 1038 234 qui
1061 184 1150 222 erat
1171 179 1407 221 misericors
1429 179 1538 220 unde
1561 178 1719 221 statuit.
1761 178 1894 233 (Asyl,

318 251 560 305 nachtigal.)
609 264 705 306 app.
730 252 799 293 54.

320 322 513 365 Declides
545 322 588 363 in
620 322 697 364 civ.
721 334 824 363 rom.
849 334 962 374 regn.
990 324 1031 363 et
1062 333 1187 375 super
1220 320 1360 361 omnia
1391 319 1639 361 misericors.
1687 318 1896 372 (Ingratus

319 393 404 434 und
436 391 602 443 Guido.)
649 391 720 433 lat.
749 393 843 432 119.

319 463 543 505 Anselmus
584 463 627 503 in
668 462 744 504 civ.
768 475 870 503 rom.
895 451 1009 514 regn.
1035 461 1104 514 qui
1135 460 1264 501 filiam
1296 460 1405 513 regis
1437 459 1714 501 Jherusalem.
1769 458 1898 511 (Sohn

320 547 373 576 an
404 533 758 583 feindestochter.)
808 546 903 587 app.
929 531 998 572 55.

324 603 576 659 Calepodius
615 603 658 644 in
698 603 776 644 civ.
799 616 902 644 rom.
926 615 1040 654 regn.
1073 601 1141 655 qui
1175 599 1390 655 pulchram
1423 600 1606 655 puellam
1637 600 1681 642 in
1711 613 1899 642 uxorem.

319 673 448 726 (Fiinf
474 673 606 716 f'asser
638 674 776 725 wein.)
824 673 895 714 lat.
921 673 990 713 72.

322 745 532 786 Antonius
571 744 613 786 in
655 744 732 785 civ.
763 757 865 785 rom.
896 755 1009 796 regn.
1044 742 1114 796 qui
1154 754 1247 783 cum
1281 741 1408 783 semel
1441 741 1483 782 in
1516 741 1632 782 mari.
1697 740 1899 792 (Rauber-

320 815 512 867 tochter.)
564 815 635 856 lat.
660 814 698 855 5.

321 885 562 928 Alexander
601 885 644 926 in
685 884 761 926 civ.
793 897 896 925 rom.
927 896 1041 936 regn.
1077 886 1117 924 et
1157 882 1365 937 possessio
1407 882 1493 936 ejus
1531 895 1695 936 magna.
1759 881 1902 933 (Brat-

321 956 454 1005 fisch.)
504 969 632 1008 germ.
659 955 727 996 (32.

324 1025 536 1068 Gemicius
568 1026 612 1066 in
644 1025 721 1067 civ.
741 1037 845 1066 rom.
866 1037 979 1076 regn.
1004 1023 1073 1076 qui
1097 1036 1188 1065 cum
1213 1023 1342 1065 semel
1364 1036 1438 1078 per
1462 1023 1669 1077 quandam
1689 1022 1901 1064 forestam.

324 1095 614 1148 (Wohlth'ater,
649 1095 789 1137 rebell.
838 1093 1122 1136 Erweckende
1156 1093 1322 1147 quelle.)
1368 1107 1464 1149 app.

324 1167 569 1208 Dunstanus
601 1166 644 1207 in
677 1167 753 1207 civ.
778 1179 881 1207 rom.
905 1178 1020 1218 regn.
1044 1164 1087 1205 in
1120 1164 1235 1218 cujus
1265 1164 1441 1219 imperio
1465 1167 1555 1207 erat
1577 1164 1743 1218 quidam
1765 1163 1898 1206 miles.

324 1236 630 1288 (Bi-uderneid.)
678 1236 749 1278 lat.
776 1237 814 1277 7.

324 1307 514 1349 Donatus
546 1307 590 1348 in
622 1306 698 1348 civ.
723 1319 826 1347 rom.
849 1319 964 1358 regn.
990 1305 1060 1360 qui
1091 1305 1190 1348 fecit
1222 1305 1311 1347 fieri
1336 1305 1378 1347 in
1402 1305 1557 1361 templo
1579 1310 1663 1348 tres
1685 1304 1901 1358 imagines.

325 1377 516 1427 (Statuen
548 1377 794 1428 bestehlen.)
841 1375 912 1417 lat.
938 1376 976 1416 8.

323 1448 461 1490 Eneas
494 1448 537 1489 in
570 1448 646 1490 civ.
666 1461 769 1489 rom.
789 1460 903 1499 regn.
929 1446 999 1500 qui
1024 1446 1230 1499 quendam
1253 1445 1435 1501 puellam
1456 1446 1500 1487 in
1520 1459 1708 1489 uxorem.
1757 1444 1905 1497 (Feuer

323 1517 408 1559 und
440 1517 590 1560 wasser
623 1517 875 1567 bewahren.)
921 1530 1017 1571 app.

326 1587 526 1630 Gerelaus
566 1589 609 1629 in
649 1589 725 1630 civ.
757 1601 858 1629 rom.
889 1600 1004 1640 regn.
1037 1587 1106 1640 qui
1144 1586 1273 1629 filiam
1313 1588 1422 1641 regis
1463 1586 1675 1641 hungarie.
1739 1585 1905 1637 (Hilde-

325 1658 485 1711 garde.)
532 1672 627 1713 app.
657 1659 725 1699 53.

326 1728 531 1770 Martinus
582 1729 626 1769 in
679 1728 791 1769 civit.
832 1741 935 1768 rom.
976 1740 1091 1780 regn.
1134 1728 1204 1781 qui
1250 1727 1381 1769 filium
1428 1728 1597 1770 nomine
1641 1726 1902 1780 fulgentium.

325 1798 584 1849 (Schlechter
617 1797 769 1850 athem,
804 1797 1136 1850 verl'aumdung.)
1186 1811 1281 1852 app.

324 1869 487 1911 Elfinus
527 1869 570 1910 in
603 1869 679 1910 civ.
704 1882 808 1910 rom.
832 1882 945 1922 regn.
971 1868 1090 1923 prud.
1116 1867 1234 1910 valde
1267 1868 1336 1922 qui
1368 1872 1531 1910 tantum
1563 1868 1729 1910 unicam
1761 1867 1903 1909 filiam.

326 1939 515 1991 (Redde.)
562 1939 634 1981 lat.
660 1940 728 1980 20.

326 2009 588 2051 Demaeenus
631 2010 671 2050 in
705 2010 782 2051 civ.
806 2022 909 2050 rom.
932 2022 1046 2061 regn.
1073 2009 1145 2063 qui
1177 2009 1325 2051 statuit
1357 2022 1432 2064 pro
1464 2008 1556 2062 lege
1588 2008 1699 2063 quod
1731 2008 1767 2050 si
1799 2008 1904 2062 quis.

327 2079 529 2132 (Untreue
561 2093 693 2133 gegen
726 2080 932 2130 erretter.)
980 2079 1051 2121 lat.
1078 2080 1174 2120 117.

562 2222 642 2258 XC.
682 2222 772 2258 Cod.
791 2223 958 2258 Londin.
980 2223 1086 2258 Bibl.
1109 2222 1251 2259 Sloane
1276 2221 1394 2268 4029,
1419 2223 1555 2267 quart.

262 2294 317 2328 Bl.
338 2294 527 2328 1—183b.
566 2294 697 2338 Papier
722 2294 796 2328 uncl
822 2294 1051 2337 Pergament.
1094 2294 1193 2329 XIV.
1214 2293 1266 2338 jh.
1306 2293 1350 2328 95
1377 2303 1468 2338 cap,
1494 2294 1540 2328 im
1568 2292 1704 2338 anfang
1729 2292 1861 2328 defect.

577 2426 679 2463 XCI.
722 2426 813 2462 Cod.
839 2427 961 2462 Lond.
985 2427 1091 2462 Bibl.
1117 2428 1214 2471 Reg.
1238 2427 1277 2473 8,
1302 2428 1347 2473 F,
1368 2427 1437 2473 VI,
1466 2428 1538 2463 fol.

619 2498 673 2532 131.
693 2498 849 2532 31—44.
888 2497 968 2533 XV.
986 2497 1040 2542 jh.
1078 2498 1122 2532 27
1142 2508 1221 2542 cap.
1259 2497 1499 2533 Bruohstiick.

478 2624 601 2660 XCII.
640 2624 731 2660 Cod.
752 2624 875 2660 oxon.
894 2625 999 2661 Bibl.
1018 2625 1131 2661 Bodl.
1152 2625 1224 2661 Ms.
1242 2626 1374 2661 Douoe
1398 2625 1483 2672 101,
1508 2626 1643 2670 quart.

682 2695 736 2728 Bl.
757 2696 897 2729 1—81.
935 2695 1015 2730 XV.
1033 2694 1086 2740 jh.
1125 2696 1170 2729 50
1194 2705 1286 2739 cap,
1312 2694 1443 2730 defect.

331 2776 516 2819 Historie
548 2777 687 2832 plures
711 2778 879 2820 collecte
901 2792 949 2820 ex
975 2769 1112 2820 Gestis
1134 2778 1429 2820 Romanorum.
1474 2778 1558 2822 Ine.
1582 2778 1757 2829 Quidam
1778 2777 1910 2820 Rome

214 2846 443 2901 imperator
482 2847 628 2890 habuit
666 2847 793 2889 filiam
835 2861 945 2890 nom.
976 2848 1129 2904 Leyke.
1183 2848 1328 2891 Bricht
1357 2849 1401 2891 in
1433 2862 1522 2904 cap.
1547 2849 1604 2891 50
1636 2848 1800 2902 (Hund,
1833 2847 1909 2890 VH

215 2917 320 2970 sap.)
354 2917 416 2959 ab.
