1919 3157
842 66 928 106 539

40 174 242 220 cii-itatis,
276 187 354 226 que
387 174 563 211 ventuius
597 174 670 212 istc
701 174 878 221 (licitur,
913 172 1040 212 altior
1071 173 1178 211 enim
1211 179 1319 215 crat,
1357 173 1457 225 quia
1491 178 1587 210 teste
1615 170 1731 224 psal-

40 244 162 283 mista
197 244 335 282 omnia
368 242 579 295 suly'ecisti
608 243 681 283 sub
710 243 888 298 pedibus
921 242 1006 294 ejus
1038 250 1106 282 etc.
1144 241 1226 281 Iste
1257 249 1345 281 erat
1371 243 1558 294 yria-iter
1588 241 1731 280 'vulne-

38 320 178 364 ratus,
219 314 386 367 quando
420 321 563 352 contra
597 315 665 353 ‹lei
691 321 933 368 pr‹¹‹·eJ,›tum
972 314 1021 352 (le
1048 312 1198 365 fructu
1241 313 1348 365 liqut
1384 313 1500 351 ‘vetiti
1537 312 1732 358 eomedit,-

40 398 125 424 non
166 391 300 423 tamen
340 385 428 438 ipse
470 384 728 429 vulneratus,
777 385 848 423 sed
894 390 931 423 et
970 390 1097 423 totum
1133 397 1263 436 (senus
1300 382 1527 422 humanum
1570 382 1734 421 vulnere

37 454 290 508 perditio-nis
325 454 663 508 prqfumlissimo
705 455 931 494 laceratum
972 461 1081 503 erat,
1122 454 1183 492 ita
1223 454 1336 506 quod
1365 467 1438 492 ne(-
1468 454 1515 492 in
1547 452 1629 492 celo
1660 466 1734 491 nec
1758 455 1780 489 5

40 526 85 565 in
118 532 228 564 terra
259 538 333 564 nec
365 526 471 564 inter
502 525 672 579 anqelos
704 539 776 564 nec
806 526 915 564 ‘inter
936 524 1119 564 homines
1149 525 1341 563 inventus
1374 530 1431 562 est
1455 523 1626 576 aliquis,
1662 523 1736 575 qui

35 602 204 650 poterat
234 594 342 634 *illud
381 609 550 645 curare,
593 596 721 635 donec
749 595 868 647 filius
909 595 978 634 dei
1013 595 1062 634 de
1098 593 1311 647 reqalibus
1351 592 1515 633 sedibus
1557 593 1613 632 acl
1648 593 1736 632 ima

39 672 179 705 nostre
210 666 477 705 77101'talita-tis
509 666 756 705 descendens
787 672 968 715 rene-rat,
1005 666 1079 718 qui
1103 678 1183 718 per
1210 665 1423 718 passionis
1459 677 1530 703 sue
1561 663 1734 717 sanqui-

39 750 133 775 nem
178 750 341 776 roseum
390 736 537 775 vulnus
580 736 755 776 humani
795 736 960 790 qeneris
999 736 1304 774 atrocissimum
1340 734 1522 788 perfecte
1560 734 1732 773 curavit.

42 805 235 846 Lucerna
267 807 418 846 ardens
450 807 506 846 acl
537 814 686 861 caput,
729 820 807 860 que
843 820 917 845 nec
950 806 1110 859 liquore
1140 820 1214 845 nec
1241 805 1350 858 flatu
1385 806 1595 859 erstinqui
1618 811 1736 858 pote·
1763 808 1806 842 10

40 884 123 927 rat,
157 884 215 917 est
244 891 354 931 pena
383 876 608 929 infernalis
619 909 630 927 ,
672 878 717 916 in
758 891 841 931 qua
881 877 1025 916 clii-ina
1057 877 1216 915 risione
1255 874 1422 915 carebat
1444 889 1526 930 per
1557 882 1738 929 quatuor

42 947 161 987 mil-ia
193 961 414 997 annorum,
450 961 528 1001 que
558 962 631 987 nec
664 947 825 1001 liquore
856 948 882 987 i.
909 961 939 986 e.
966 948 1159 986 oracione
1181 945 1360 997 alicujus
1382 947 1517 985 sancti
1535 959 1609 985 nec
1625 945 1737 998 flatu

42 1019 69 1058 i.
94 1032 124 1058 e.
139 1017 304 1071 jejunio
331 1025 500 1072 poterat
531 1032 622 1058 eum
653 1017 703 1058 ab
736 1019 817 1058 'ista
842 1032 957 1072 pena
990 1016 1168 1057 liberare
1197 1031 1271 1056 nec
1303 1017 1575 1070 exstinquere,
1610 1016 1738 1055 donec

31 1089 209 1143 flamma
247 1089 274 1128 i.
308 1102 338 1128 e.
370 1089 515 1129 clii-ina
555 1089 845 1128 misericorclia
885 1103 976 1128 cum
1015 1103 1093 1128 acu
1131 1086 1393 1127 acerbissime
1434 1087 1650 1141 passionis
1690 1099 1738 1126 ez

44 1159 129 1212 ejus
159 1160 312 1199 ‘virtute
343 1160 485 1199 anima
517 1175 608 1200 cum
641 1160 844 1214 cliqnitate
874 1159 1085 1199 descendit
1121 1158 1178 1198 acl
1213 1157 1374 1211 inferos
1415 1165 1452 1197 et
1483 1172 1573 1198 eum
1603 1171 1739 1197 secum
1766 1160 1808 1194 15

44 1230 102 1270 acl
131 1229 330 1284 paradisi
357 1231 519 1284 qazzdi‘a
545 1231 762 1285 perduxit,
797 1229 870 1270 ubi
901 1229 1134 1270 eternaliter
1155 1229 1272 1268 clara
1292 1229 1451 1268 visione
1477 1229 1544 1268 clei
1571 1227 1741 1282 pety‘rui

38 1301 209 1355 poterit,
241 1301 329 1340 nisi
353 1302 537 1355 peccatis
568 1315 609 1341 se
641 1300 876 1341 voluntarie
906 1299 1127 1352 subjiciens
1159 1298 1370 1351 subjacere
1395 1300 1519 1353 penis
1549 1298 1656 1338 velit.

778 1486 880 1528 CAP.
910 1486 1004 1527 159.

569 1567 644 1612 De
680 1567 935 1611 inventione
970 1568 1220 1611 vinearum.

163 1663 372 1719 Joseplzus
403 1665 449 1704 in
480 1663 586 1705 libro
620 1664 669 1704 cle
701 1665 838 1703 causis
859 1678 999 1704 rerum
1019 1663 1279 1703 naturalium
1299 1662 1441 1716 refert,
1477 1662 1591 1717 quod
1613 1659 1740 1714 [Noe]
1767 1663 1812 1697 20

45 1736 204 1775 invenit
234 1736 353 1775 vitem
391 1735 637 1785 silvestrem,
678 1735 726 1775 id
764 1742 821 1774 est
861 1734 1096 1774 labruscam
1135 1751 1160 1774 a
1204 1733 1334 1774 labris
1374 1741 1480 1774 terre
1512 1741 1548 1773 et
1576 1734 1744 1773 viarum

47 1806 212 1846 dictam.
270 1804 358 1857 Que
397 1821 489 1846 cum
520 1812 621 1846 esset
657 1819 825 1856 amara,
867 1805 963 1846 tulit
1000 1806 1245 1860 sanquinem
1284 1812 1465 1859 quatuor
1496 1803 1744 1844 animalium

47 1876 202 1917 scilicet
239 1876 381 1927 leonis,
423 1877 544 1930 aqni,
592 1877 715 1931 porci
751 1883 788 1917 et
826 1877 968 1927 simee,
1018 1890 1098 1930 quo
1139 1883 1246 1916 terre
1284 1877 1411 1915 miaeto
1439 1874 1551 1928 fecit
1577 1873 1741 1926 fimum,

48 1961 169 2002 quem
198 1948 255 1987 ad
284 1948 448 1987 radices
480 1946 770 1987 labruscarum
799 1948 951 2001 posuit.
996 1945 1070 1988 Sic
1091 1961 1187 2002 erqo
1209 1947 1354 2007 vinum
1374 1960 1516 1986 eorum
1540 1946 1744 2000 sanquine

48 2025 107 2058 est
136 2017 380 2058 dulceatum.
428 2016 519 2068 Quo
540 2017 663 2070 ¹facto
686 2017 779 2058 Noe
798 2025 947 2072 postea
969 2018 1018 2057 cle
1039 2019 1136 2057 vino
1157 2016 1460 2068 inebriabatur,
1495 2024 1532 2058 et
1560 2016 1748 2056 nudatus
1769 2021 1814 2055 25

38 2088 186 2142 jacens
217 2103 243 2128 a
268 2087 362 2140 filio
386 2087 556 2140 juniori
590 2084 744 2140 [134b]
778 2088 963 2139 derisus,
998 2089 1073 2142 qui
1104 2086 1293 2128 omnibus
1314 2086 1422 2138 filiis
1455 2085 1541 2139 ejus
1574 2099 1744 2140 conqre-

46 2160 157 2214 qatis
189 2159 311 2209 dixit,
345 2173 386 2199 se
406 2159 498 2199 icleo
521 2159 766 2213 sanquinem
787 2159 993 2198 (lictorum
1016 2158 1263 2198 animalium
1292 2158 1481 2212 posuisse
1508 2155 1743 2198 hominibus

43 2244 126 2286 pro
159 2230 361 2270 doctrina.

168 2298 408 2350 Carissimi,
437 2313 518 2354 per
547 2300 691 2339 vinum
721 2299 844 2339 multi
861 2299 979 2352 facti
1009 2306 1103 2339 sunt
1137 2299 1271 2339 leones
1296 2312 1378 2353 per
1408 2299 1533 2349 iram,
1565 2311 1639 2337 nec
1667 2296 1742 2337 illo

49 2378 230 2426 tempore
269 2370 419 2410 habent
457 2371 764 2421 discretionem,
813 2370 951 2424 aliqui
990 2371 1092 2424 aqni
1126 2384 1207 2424 per
1245 2369 1559 2418 verecundiam,
1608 2367 1746 2421 aliqui
1768 2371 1814 2405 30

50 2448 147 2481 sunt
191 2442 314 2481 simee
349 2455 426 2495 per
472 2441 752 2481 curiositatem
797 2447 1054 2495 assumptam
1095 2441 1361 2494 ineptamque
1399 2438 1599 2486 leticiam3
1645 2452 1744 2477 nam

50 2513 179 2552 simea
217 2512 357 2552 omnia
397 2525 538 2551 coram
577 2525 618 2551 se
644 2511 771 2565 facta
811 2512 939 2551 eciam
973 2510 1122 2564 facere
1167 2511 1389 2564 proponit,
1439 2509 1511 2549 secl
1556 2508 1740 2548 destruit.

54 2581 191 2633 Quam
221 2583 260 2621 si
289 2596 436 2636 capere
466 2581 669 2632 volueris,
708 2580 924 2636 plumbeos
964 2581 1121 2621 calceos
1160 2579 1334 2631 habeas,
1378 2587 1415 2620 et
1453 2579 1551 2619 (lum
1583 2585 1618 2618 te
1648 2578 1744 2618 illos

51 2659 260 2693 exuentem
279 2652 597 2706 incluentemque
619 2653 878 2706 conspeoeerit
899 2659 936 2691 et
954 2651 1132 2704 fortiter
1162 2650 1371 2705 liqantem,
1405 2649 1597 2689 similiter
1605 2648 1723 2701 facit
1730 2663 1743 2697 ,-

53 2736 152 2777 que,
196 2736 288 2762 cum
320 2736 486 2762 currere
519 2729 709 2776 temptat,
744 2729 959 2776 torquetur
987 2721 1214 2776 qravecline
1246 2728 1283 2760 et
1313 2720 1503 2774 capitur,·
1545 2718 1657 2772 quod
1696 2718 1745 2759 de
1769 2726 1815 2761 35

51 2791 192 2832 multis
224 2792 459 2833 hominibus
491 2799 549 2832 est
578 2792 725 2843 simile,
762 2793 836 2846 qui
860 2793 959 2832 (lum
990 2791 1157 2845 sinqula
1178 2797 1378 2845 temptant
1398 2791 1443 2829 in
1466 2788 1743 2841 ebrietatibus,

51 2863 124 2903 via:
154 2862 301 2917 aliqua
330 2862 564 2918 perficiunt,
598 2863 670 2903 secl
700 2863 806 2903 sicut
835 2863 964 2902 simea
996 2862 1214 2902 destruunt
1245 2868 1282 2901 et
1312 2859 1585 2914 confundunt.
