1919 3157
871 54 953 94 417

74 171 213 209 suum,
256 158 383 198 tercio
425 157 506 199 filio
548 159 742 200 annulum
784 160 1035 214 preciosum,
1078 161 1145 214 qui
1179 159 1270 214 plus
1304 160 1432 202 valuit
1465 174 1585 216 quam
1619 164 1750 203 totum

74 227 182 283 quod
203 227 356 281 legavit
377 228 468 270 aliis
492 229 662 271 duobus.
723 229 864 271 Eciam
889 229 1034 284 primis
1056 230 1170 272 dedit
1190 231 1362 272 annulos
1386 231 1487 272 duos
1510 245 1592 273 non
1612 234 1749 274 tamen

74 298 302 354 preciosos:
336 313 476 340 ornnes
510 300 648 341 annuli
683 305 801 342 erant
831 300 1011 353 ejusdem
1045 300 1174 342 forme
1207 301 1385 343 virtutis.
1447 301 1547 344 Post
1576 306 1748 344 mortem

73 370 202 424 patris
234 370 339 411 dixit
373 371 529 424 primus
563 371 690 413 filius:
724 371 811 424 Ego
844 371 972 412 habeo
1006 370 1201 412 annulum
1236 372 1365 425 patris
1398 372 1477 414 mei
1506 373 1748 427 preciosum.

74 439 284 482 Secundus
316 440 424 482 tilius
456 440 581 482 dixit:
624 442 682 483 Tu
716 456 796 483 non
830 441 968 493 habes,
1001 441 1070 483 sed
1104 455 1177 494 ego
1209 441 1351 484 habeo.
1424 443 1591 485 Tercius
1624 444 1748 485 dixit:
1775 451 1796 485 5

72 510 164 552 Non
186 515 248 553 est
273 512 446 565 justum,
480 512 585 566 quod
620 527 690 554 vos
721 513 920 565 habeatis,
953 526 999 554 eo
1030 512 1136 566 quod
1169 513 1307 555 senior
1336 513 1459 555 habet
1480 513 1748 556 hereditatem

71 586 112 623 et
151 581 254 623 alius
294 582 552 628 thesaurum:
601 597 697 637 ergo
739 584 848 625 racio
890 583 1038 635 dictat,
1084 588 1128 624 ut
1166 597 1240 637 ego
1281 583 1475 626 annulum
1517 585 1748 640 preciosum

71 652 256 694 habeam.
319 654 393 694 Ait
425 654 602 708 primus:
637 654 860 696 probemus
893 654 1078 706 infacto,
1113 655 1203 708 quis
1237 654 1411 696 annulus
1436 655 1490 697 sit
1512 656 1748 711 preciosior,

71 728 112 765 et
149 723 217 766 ille
256 727 319 765 est
355 724 512 766 melior.
584 725 641 767 At
672 725 760 767 ille:
801 724 923 767 Michi
959 724 1102 779 placet.
1175 724 1325 767 Statim
1364 726 1529 768 adducti
1561 731 1656 769 sunt
1686 727 1749 768 in—

69 792 177 835 firmi
217 794 367 837 diversi
407 797 541 837 varias
582 796 842 838 infirmitates
888 795 1102 847 habentes3
1151 797 1274 851 primi
1322 797 1401 839 duo
1441 797 1582 839 annuli
1622 797 1749 840 nichil
1778 803 1820 837 10

70 865 229 920 operati
261 871 369 919 sunt,
403 867 472 908 sed
505 867 680 909 annulus
713 867 883 909 minoris
916 880 1057 908 omnes
1091 868 1261 909 curavit.

186 936 413 986 carissimi,
446 938 564 980 miles
596 939 673 981 iste
705 942 766 980 est
797 938 986 979 dominus
1008 941 1148 979 noster
1170 937 1311 980 Ihesus
1333 937 1535 992 Christus,
1570 939 1638 993 qui
1665 942 1748 981 tres

68 1006 173 1049 filios
223 1008 418 1062 habebat,
466 1009 623 1052 scilicet
661 1008 862 1062 JudanS,
913 1008 1138 1051 Saracenos
1178 1012 1218 1051 et
1258 1008 1528 1051 Christianos.
1601 1008 1748 1052 Judeis

70 1078 183 1120 dedit
222 1083 373 1121 terram
414 1081 719 1135 promissionis,
763 1079 979 1122 Saracenis
1018 1079 1131 1122 dedit
1169 1079 1408 1122 thesaurum
1445 1080 1565 1134 hujus
1605 1080 1748 1122 mundi

70 1154 267 1203 quantum
291 1151 341 1192 ad
364 1152 574 1206 potencias
597 1156 637 1205 et
658 1152 843 1204 divicias,
878 1150 1123 1193 Christianis
1146 1151 1260 1193 dedit
1281 1151 1476 1193 annulum
1500 1151 1747 1206 preciosum,
1776 1157 1819 1191 15

68 1221 225 1263 scilicet
254 1220 390 1275 fidem,
425 1223 520 1276 quia
552 1236 624 1277 per
655 1222 775 1265 fidem
800 1222 1024 1265 Christiani
1057 1226 1230 1277 possunt
1260 1222 1394 1264 varias
1417 1221 1679 1264 infirmitates
1702 1235 1749 1264 ac

68 1291 286 1346 languores
327 1294 462 1336 anime
500 1308 664 1347 curare,
703 1295 808 1336 sicut
847 1295 1046 1349 scriptum
1085 1298 1166 1336 est:
1216 1292 1364 1335 Omnia
1404 1293 1616 1348 possibilia
1655 1296 1750 1335 sunt

70 1363 265 1406 credenti.
328 1364 451 1406 Item:
486 1364 529 1407 Si
562 1364 786 1407 habueritis
809 1364 944 1418 fidem,
978 1365 1084 1407 sicut
1108 1378 1282 1418 granum
1304 1363 1462 1419 sinapis
1484 1367 1560 1406 etc.
1623 1363 1747 1407 Item:

69 1433 326 1490 Impossibile
359 1439 421 1478 est
452 1436 540 1478 sine
571 1434 650 1478 fide
682 1435 844 1491 placere
876 1436 966 1479 deo,

735 1665 837 1708 CAP.
861 1666 930 1708 90.
966 1666 1068 1718 (82.)
1773 1674 1818 1709 20

644 1754 717 1798 De
753 1752 949 1798 libertate
986 1751 1176 1797 arbitrii.

182 1859 269 1902 Lex
303 1860 522 1915 aliquando
555 1865 643 1903 erat
675 1861 716 1902 in
750 1860 925 1915 quodam
958 1873 1098 1914 regno,
1132 1859 1240 1915 quod
1269 1859 1398 1902 frater
1430 1859 1566 1901 senior
1587 1857 1747 1901 heredi-

67 1934 191 1973 tatem
225 1931 428 1974 divideret
459 1935 499 1973 et
524 1932 666 1985 junior
698 1932 885 1985 eligeret3
926 1932 1041 1986 cujus
1073 1931 1183 1973 racio
1216 1934 1300 1984 est,
1338 1930 1434 1984 quia
1464 1929 1632 1983 majoris
1664 1928 1746 1971 dis-

66 2002 264 2044 crecionis
297 2006 359 2045 est
380 2002 563 2044 dividere
586 2016 707 2057 quam
742 2002 904 2057 eligere,
938 2003 1075 2045 senior
1098 2006 1235 2044 autem
1259 2001 1479 2043 discrecior
1500 2013 1589 2043 esse
1611 1999 1743 2042 debet.

66 2073 162 2114 Alia
183 2073 250 2116 lex
280 2074 370 2127 fuit,
405 2073 511 2128 quod
542 2073 685 2116 liceret
708 2073 837 2116 filium
861 2087 911 2116 ex
935 2073 1084 2116 ancilla
1105 2072 1376 2115 hereditatem
1409 2073 1607 2128 accipere,
1640 2071 1746 2114 sicut
1771 2077 1815 2112 25

66 2148 107 2186 et
136 2144 210 2186 filii
241 2144 373 2187 liberi.
444 2144 625 2198 Contigit
657 2149 808 2197 autem,
842 2145 942 2187 duos
975 2145 1138 2198 fratres,
1172 2156 1298 2185 unum
1333 2141 1423 2197 [75]
1459 2143 1508 2185 de
1532 2143 1682 2186 ancilla
1704 2147 1744 2186 et

66 2228 190 2256 unum
225 2215 275 2257 de
295 2215 438 2269 libera,
472 2215 740 2258 hereditatem
775 2215 970 2258 dividere.
1033 2214 1178 2257 Frater
1210 2215 1318 2256 enim
1342 2214 1478 2256 8011101
1499 2214 1641 2256 divisit
1663 2214 1742 2256 sic:

67 2299 116 2328 ex
139 2299 220 2328 11113
240 2292 358 2342 parte
390 2290 518 2328 totam
551 2286 819 2329 hereditatem
854 2287 991 2342 posuit
1023 2289 1063 2328 et
1092 2300 1141 2328 ex
1164 2285 1245 2327 alia
1266 2288 1384 2340 parte
1406 2289 1581 2327 matrem
1602 2284 1744 2327 fratris

66 2358 128 2399 sui
161 2358 310 2412 posuit.
382 2357 526 2399 Frater
558 2358 644 2411 ejus
681 2357 906 2412 cogitabat:
946 2357 1120 2399 Matrem
1154 2369 1287 2398 meam
1321 2358 1415 2397 ante
1446 2356 1585 2398 omnia
1617 2355 1743 2398 debeo

65 2427 247 2482 diligere.
309 2428 364 2471 Et
395 2442 468 2484 per
490 2442 740 2482 consequens
772 2428 972 2483 preelegit
1002 2432 1177 2470 matrem
1201 2431 1241 2470 et
1269 2426 1538 2469 hereditatem
1571 2426 1742 2480 dimisit,
1768 2431 1814 2466 30

65 2512 236 2554 sperans
275 2499 324 2542 de
356 2499 588 2542 curialitate
626 2499 766 2541 fratris
807 2499 871 2540 sui
903 2498 1058 2554 aliquid
1096 2499 1302 2554 optinere,
1344 2497 1417 2540 sed
1454 2497 1581 2539 nichil
1612 2497 1664 2539 ab
1696 2510 1743 2539 eo

65 2570 291 2625 optinebat.
359 2570 476 2613 Adiit
509 2570 689 2624 judicem
722 2573 762 2611 et
793 2570 964 2611 fratrem
997 2583 1114 2611 suum
1156 2569 1385 2622 accusavit,
1427 2568 1535 2623 quod
1567 2581 1659 2610 eum
1693 2567 1743 2610 ab

65 2639 292 2684 hereditate
331 2654 405 2682 sua
443 2640 629 2683 exclusit.
700 2640 925 2695 Respondit
962 2639 1089 2681 frater
1129 2653 1226 2681 suus
1259 2643 1299 2682 et
1337 2639 1463 2692 dixit,
1503 2638 1611 2693 quod
1650 2651 1742 2680 eum

64 2723 145 2753 non
178 2711 351 2767 decepit,
384 2712 480 2767 quia
511 2711 592 2764 ille,
625 2711 695 2765 qui
726 2711 861 2764 elegit,
894 2723 975 2751 non
1008 2709 1076 2764 qui
1109 2710 1270 2764 dividit,
1303 2713 1438 2752 certus
1470 2713 1543 2751 est.

182 2781 410 2836 Carissimi,
443 2782 541 2824 deus
573 2786 692 2837 pater
723 2782 824 2823 duos
856 2780 961 2822 filios
992 2780 1148 2835 habuit,
1180 2794 1306 2822 unum
1340 2780 1390 2822 de
1419 2779 1581 2833 ancilla,
1613 2778 1741 2822 alium
1766 2784 1811 2819 35

64 2851 115 2894 de
144 2851 293 2906 libera3
334 2853 384 2895 de
422 2853 552 2896 libera
584 2851 814 2906 Christum,
856 2852 926 2906 qui
967 2856 1029 2894 est
1066 2851 1116 2894 de
1153 2851 1293 2894 eadem
1335 2850 1540 2904 essencia,
1579 2850 1629 2893 de
1661 2863 1742 2905 qua

157 2933 202 2968 22
226 2933 312 2977 Lex]
340 2940 425 2979 oriy.
442 2934 530 2968 Rex.

125 3003 149 3030 Ο
160 3005 345 3042 enterley.
370 3004 460 3032 Gesta
481 3004 689 3032 Romanorum.
1417 2997 1458 3030 27
