1919 3157
875 95 956 135 :347

81 200 169 242 Non
201 200 382 242 creditur
413 213 502 241 esse
534 213 611 240 vox
647 200 836 247 humana,
870 200 964 254 quia
997 199 1215 241 clamorem
1251 201 1444 254 pauperis
1469 203 1654 254 potentes
1679 212 1757 240 non

80 270 257 313 libenter
289 271 472 323 audiunt,
506 271 576 312 sed
610 271 770 313 dicunt:
804 272 955 312 Servus
989 275 1057 311 aut
1090 271 1266 311 rusticus
1295 276 1369 323 est,
1403 271 1540 311 omnia
1569 284 1641 311 sua
1665 274 1761 311 sunt

79 355 183 384 mea.
232 341 310 384 Sed
343 342 480 396 sepius
514 341 629 386 tales.
663 342 731 395 qui
764 342 865 383 alios
899 341 1086 394 affligunt
1118 342 1158 382 in
1182 341 1323 382 eadem
1356 342 1416 382 vel
1448 342 1591 393 majori
1615 341 1759 395 ‹lamp-

79 413 251 454 nacione
292 414 519 468 puniuntur
559 418 596 454 et
640 413 743 453 male
783 413 868 454 dies
909 427 1003 453 suos
1036 413 1202 464 liniunt,
1243 412 1348 453 unde
1383 411 1622 453 psalmista:
1665 411 1757 452 Vidi

80 484 252 539 impium
295 498 419 538 super
457 484 628 525 altatum
669 488 706 525 et
747 483 950 525 elevatum
989 484 1095 525 sicut
1125 483 1267 525 cedros
1297 482 1456 524 Libani.
1507 483 1695 524 Transivi
1720 486 1760 524 et
1809 489 1828 521 5

81 567 173 596 ecce
205 567 285 596 non
319 558 417 596 erat.

742 713 844 755 CAP:
864 714 932 754 49.
969 714 1100 763 (144.)

603 801 677 846 De
712 800 863 846 subtile·
898 799 1070 845 diaboli
1106 799 1322 845 illusione.

197 907 348 950 Paulus
379 907 744 962 Longobardorum
778 908 1133 963 historiographus
1165 908 1304 961 refert,
1338 907 1446 961 quod
1468 907 1658 949 Conanus
1688 920 1759 949 rex

81 978 355 1033 Ungariorum
378 979 539 1022 obsedit
559 981 600 1021 in
623 981 709 1022 foro
726 979 826 1021 Julii
850 984 1029 1022 castrum
1054 979 1208 1020 dictum
1228 978 1396 1020 Soudat.
1445 978 1571 1028 Quem
1597 991 1686 1019 cum
1713 978 1762 1020 de
1792 983 1832 1017 10

85 1063 256 1106 corpore
287 1051 393 1093 miro
415 1057 601 1094 cerneret
622 1051 960 1107 pulcherrimum,
992 1050 1190 1092 Rosimila
1220 1050 1389 1091 duxissa
1411 1050 1565 1092 habens
1590 1054 1764 1103 quatuor

81 1120 187 1164 filios
229 1126 270 1164 et
308 1122 409 1164 duas
448 1123 553 1164 filias
593 1123 759 1177 scripsit
790 1122 868 1163 sibi
909 1121 1085 1163 occulte:
1129 1120 1173 1163 Si
1205 1134 1270 1162 me
1302 1121 1344 1162 in
1377 1134 1544 1162 uxorem
1581 1120 1761 1172 duxeris,

83 1198 264 1236 castrum
287 1193 363 1235 hoc
384 1193 459 1235 tibi
481 1194 598 1236 dabo.
648 1194 734 1244 Quo
760 1193 1039 1249 promittente,
1073 1206 1161 1234 eam
1192 1205 1235 1233 se
1266 1192 1368 1233 velle
1391 1192 1550 1245 ducere,
1583 1196 1763 1233 castrum

83 1266 119 1307 ei
152 1265 278 1318 dedit,
319 1265 474 1319 filiique
515 1279 654 1307 omnes
693 1266 898 1318 fugerunt.
948 1263 1139 1306 conanus
1179 1270 1316 1305 autem
1359 1277 1431 1305 rex
1471 1263 1637 1305 duxisse
1672 1276 1765 1317 pro-

81 1337 253 1378 missum
286 1340 429 1379 tenens
462 1351 551 1379 eam
575 1337 709 1392 primo
741 1336 806 1378 die
829 1337 869 1377 iu
900 1335 1207 1377 matrimonium
1233 1334 1309 1376 sibi
1333 1334 1554 1390 copulavit,
1587 1334 1764 1376 secundo
1794 1342 1835 1375 15

82 1404 156 1449 die‘
189 1407 401 1450 duodecim
444 1408 636 1462 Ungariis
675 1407 847 1449 tradidit
884 1420 973 1448 eam
1016 1406 1177 1461 publice
1215 1406 1488 1459 illudendam,
1533 1407 1660 1447 tercia
1701 1405 1766 1447 die

86 1483 174 1521 toto
214 1492 385 1534 corpore
423 1493 552 1534 usque
591 1479 640 1521 ad
673 1479 811 1532 gulam
844 1478 1031 1532 transfigi
1062 1478 1159 1519 fecit
1190 1477 1351 1519 dicens:
1389 1477 1500 1519 Talis
1532 1490 1649 1529 uxor,
1689 1490 1766 1530 que

84 1550 255 1592 libidine
295 1564 367 1592 sue
405 1551 540 1592 carnis
580 1551 789 1592 civitatem
825 1551 1032 1605 propriam
1073 1549 1268 1604 perdidit,
1307 1548 1430 1590 talem
1465 1548 1586 1590 debet
1616 1547 1767 1590 habere

83 1622 291 1664 maritum.

202 1691 429 1746 Carissimi,
462 1694 539 1735 iste
572 1692 762 1734 Conanus
795 1696 857 1734 est
878 1692 1079 1744 diabolus,
1113 1692 1180 1745 qui
1213 1691 1373 1733 obsedit
1401 1694 1581 1733 castrum
1612 1691 1769 1732 scilicet
1792 1698 1837 1732 20

85 1778 155 1807 cor
186 1764 411 1806 humanum
443 1777 535 1806 cum
569 1764 685 1805 viciis
708 1768 747 1805 et
779 1763 1139 1818 concupiscenciis.
1188 1762 1387 1804 Rosimila
1416 1762 1597 1815 duxissa,
1631 1762 1769 1803 anima

85 1836 256 1888 scilicet,
289 1848 367 1889 que
399 1840 461 1877 est
493 1848 566 1890 per
598 1835 805 1877 diabolum
838 1835 1020 1888 seducta,
1060 1834 1230 1889 respicit
1268 1833 1377 1875 ultra
1409 1846 1547 1875 muros
1579 1834 1604 1874 i.
1629 1847 1662 1874 e.
1697 1846 1769 1888 ap-

88 1907 194 1962 petit
224 1906 383 1959 illicita,
416 1907 521 1949 sicut
553 1906 696 1948 videns
729 1905 941 1947 mulierem
976 1905 1026 1947 ad
1060 1919 1148 1947 eam
1182 1905 1551 1960 concupiscendam
1576 1905 1698 1946 etsie
1719 1904 1769 1946 de

86 1977 234 2020 ceteris
267 1977 468 2020 sensibus.
519 1977 634 2020 Unde
666 1978 791 2019 miser
822 1977 943 2019 homo
975 1981 1135 2019 tantum
1170 1976 1408 2029 delectatur,
1449 1976 1555 2030 quod
1588 1980 1767 2017 castrum

86 2049 112 2090 i.
137 2062 171 2090 e.
205 2061 274 2091 cor
314 2061 431 2090 suum
473 2049 620 2102 reddit,
655 2049 816 2102 quando
850 2053 1017 2103 peccato
1056 2048 1273 2089 consentit.
1296 2052 1301 2059 '
1322 2047 1438 2089 Unde
1472 2051 1646 2100 quatuor
1678 2046 1768 2097 filii,
1795 2056 1838 2090 25

86 2120 113 2161 i.
138 2133 170 2162 e.
206 2123 379 2174 quatuor
402 2119 575 2161 virtutes
597 2119 827 2162 cardinales
851 2120 900 2161 ab
919 2133 965 2161 eo
996 2120 1172 2172 fugiunt,
1206 2124 1246 2161 et
1277 2119 1335 2160 sic
1368 2118 1554 2160 diabolus
1587 2118 1767 2159 animam

87 2195 259 2246 occupat
290 2203 381 2232 cum
415 2191 571 2233 duabus
606 2191 766 2233 filiabus
798 2192 823 2233 i.
850 2206 883 2233 e.
918 2191 1195 2233 delectacione
1227 2190 1337 2231 mala
1377 2195 1417 2231 et
1449 2190 1658 2231 voluntate
1690 2189 1768 2230 ini-

88 2275 179 2315 qua.
227 2261 376 2304 Postea
397 2262 526 2304 tradit
554 2276 643 2304 eam
668 2262 880 2304 duodecim
906 2262 1097 2315 Ungariis
1129 2263 1154 2303 i.
1180 2275 1214 2304 e.
1245 2261 1433 2303 omnibus
1457 2261 1573 2302 viciis
1596 2260 1768 2301 illuden—

87 2332 194 2374 dam.
242 2332 341 2375 Post
372 2334 445 2376 hec
476 2347 565 2376 eam
599 2334 759 2387 occidit,
793 2333 954 2388 quando
989 2333 1038 2374 ad
1070 2333 1274 2374 infernum
1310 2346 1400 2374 eam
1432 2332 1556 2374 ducit.

743 2564 844 2605 CAP.
869 2564 937 2605 50.
972 2563 1104 2613 (145.)
1795 2563 1841 2596 30

560 2651 634 2696 De
671 2650 803 2695 laude
837 2655 950 2695 recte
970 2649 1290 2709 judicantium.

207 2757 348 2800 Refert
379 2758 582 2811 Valerius,
624 2758 731 2812 quod
763 2757 966 2811 Zelongus
999 2758 1138 2800 consul
1172 2758 1301 2800 edidit
1333 2771 1406 2813 pro
1439 2758 1542 2810 lege,
1582 2756 1703 2810 quod,
1737 2757 1768 2798 si

92 2829 182 2883 quis
213 2830 414 2883 virginem
448 2830 680 2883 defloraret,
715 2833 933 2883 utrumque
974 2829 1134 2871 oculum
1179 2829 1399 2871 amitteret.
1448 2827 1624 2881 Accidit,
1664 2827 1771 2881 quod

184 2911 205 2944 9
231 2910 376 2954 Paulus]
404 2916 490 2956 ori-q.
517 2910 658 2945 Saulus.
760 2911 810 2953 11,
837 2912 878 2944 ⁶21
909 2910 1090 2954 Rosimila]
1118 2916 1202 2955 orig).
1224 2909 1410 2945 Rofinilda.
1511 2910 1555 2942 32
1583 2907 1770 2952 Zelongus]

92 2987 176 3027 oriy.
203 2981 364 3025 elongus.
