1954 3137
215 160 283 201 57.

215 300 282 342 58.

215 442 282 484 59.

216 585 282 626 60.

215 727 281 769 61.

216 869 282 912 62.

214 1013 281 1054 63.

214 1157 280 1197 64.

214 1298 281 1340 65.

214 1441 281 1482 66.

215 1583 282 1625 67.

217 1726 283 1767 68.

216 1869 283 1910 69.

1025 54 1081 96 50

332 159 394 202 De
426 159 562 214 puella
593 163 634 202 et
664 160 920 215 pedissequa.
968 159 1071 201 Erat
1103 159 1269 213 quidam
1301 161 1526 216 imperator
1547 161 1710 204 unicam
1733 161 1886 204 habens

331 229 472 272 filiam.
523 230 858 283 (Kaisertochter,
891 229 1071 285 pallast.)
1121 243 1247 284 germ.
1272 231 1339 272 22.

332 301 394 343 De
424 301 602 354 Zelongo
634 302 884 357 imperatore
917 305 957 343 et
987 300 1070 343 filio
1103 315 1187 344 suo.
1236 301 1377 344 Refert
1408 301 1585 345 valerius
1618 302 1726 357 quod
1750 302 1887 346 zelon-

333 386 419 425 gus.
470 371 712 424 (Zaleucus.)
760 373 830 414 lat.
855 374 922 413 50.

331 442 393 485 De
423 443 661 485 Alexandro
693 457 841 497 magno
875 447 915 484 et
946 456 1060 498 poro.
1109 442 1346 486 Alexander
1379 457 1550 498 magnus
1582 445 1673 500 pori
1695 445 1804 498 regis
1826 444 1889 486 in-

332 514 489 556 dorum.
539 514 748 566 (Gesohirr
780 514 970 565 stehlen.)
1018 528 1113 569 app.
1138 515 1175 555 2.

330 584 393 628 De
427 586 668 641 probatione
699 586 899 628 bonorum
933 588 972 627 et
1004 585 1218 627 malorum.
1267 585 1466 629 Ezechias
1498 599 1676 641 regnans
1707 590 1791 629 tres
1815 586 1888 628 ha-

331 656 419 699 buit
449 656 566 699 filios.
620 656 896 709 (Baumerbe.)
947 670 1073 710 germ.
1099 658 1166 698 81.

331 728 463 780 (Ohne
495 728 771 779 iiberschrift.)
825 728 976 770 Darius
1016 727 1206 782 regnavit
1236 728 1278 769 in
1310 741 1482 770 romana
1512 728 1690 771 civitate.
1747 727 1889 780 (Jona-

331 799 455 850 thas.)
502 799 572 842 lat.
602 800 695 841 120.

331 870 393 912 De
426 870 535 912 dulci
567 871 745 913 melodia
777 875 817 913 et
849 872 1054 926 piscatore
1087 873 1127 912 et
1158 869 1413 914 sibilitatore.
1463 870 1662 926 Tyberius
1686 870 1886 925 regnavit.

332 940 508 994 (Goldne
540 942 690 996 angel.)
737 942 807 984 lat.
833 943 900 984 85.

329 1012 391 1055 De
432 1013 601 1055 Claudio
648 1014 899 1069 imperatore
945 1014 1058 1067 eujus
1105 1012 1232 1055 filiam
1276 1013 1393 1055 duxit
1437 1017 1628 1056 soei-ates.
1692 1012 1887 1056 Claudius

330 1098 519 1138 regnans.
569 1084 777 1137 (Socrates
810 1085 1044 1137 heirathet.)
1092 1084 1162 1126 lat.
1188 1085 1255 1125 61.

329 1155 391 1197 De
421 1154 640 1198 florentina
671 1157 851 1198 animam
884 1157 1084 1210 signante.
1139 1155 1290 1197 Darius
1322 1155 1503 1210 prudens
1534 1155 1655 1198 valde
1685 1155 1885 1210 regnavit.

330 1226 616 1278 (Florentina.)
663 1227 733 1269 lat.
760 1229 827 1270 62.

329 1298 392 1340 De
438 1298 555 1340 leone
602 1302 642 1340 et
687 1298 806 1341 leena
847 1303 888 1341 et
927 1297 1140 1340 adulterio.
1205 1297 1379 1347 Quidam
1419 1311 1493 1341 rex
1534 1297 1678 1340 habuit
1713 1297 1885 1340 leonem.

329 1368 520 1421 (Lowin.)
575 1369 647 1411 lat.
674 1370 767 1411 181.

329 1440 393 1482 De
431 1441 590 1494 virgine
630 1441 845 1483 camisiam
882 1440 1056 1483 faciente
1090 1443 1164 1482 ete.
1218 1439 1453 1483 Anthonius
1485 1454 1675 1495 regnans.
1724 1439 1888 1493 (Hemd,

331 1512 419 1554 drei
450 1512 560 1563 zoll.)
608 1512 678 1554 lat.
704 1513 771 1554 64.

331 1583 394 1626 De
434 1583 600 1626 domina
637 1583 770 1626 milite
807 1588 847 1626 et
876 1583 1036 1626 falcone
1068 1586 1108 1625 et
1137 1582 1259 1625 rebus
1292 1583 1601 1639 temporalibus.
1653 1583 1886 1639 Pompejus.

333 1654 508 1707 (Falke.)
555 1655 626 1697 lat.
651 1656 719 1697 84.

331 1725 394 1768 De
425 1727 556 1769 tribus
589 1726 711 1768 soeiis
744 1730 785 1769 et
816 1740 896 1768 uno
919 1740 1024 1782 pane
1048 1729 1122 1768 ete.
1173 1725 1279 1768 Olim
1304 1730 1421 1768 erant
1441 1730 1525 1769 tres
1547 1726 1659 1769 socii.
1701 1725 1889 1778 (Traum-

333 1797 465 1850 brod.)
512 1798 583 1839 lat.
610 1799 704 1840 106.

331 1868 395 1911 De
426 1869 645 1911 nutriendo
676 1882 804 1924 puero
838 1872 878 1911 et
907 1869 1003 1924 lupo
1036 1873 1078 1912 et
1107 1872 1285 1924 pastore.
1338 1868 1490 1911 Lucius
1521 1882 1698 1923 regnans
1730 1867 1887 1911 statuit.

334 1940 460 1991 (Kind
492 1943 743 1993 anvertraut,
777 1939 902 1992 wolf.)
949 1954 1076 1994 germ.
1101 1941 1168 1982 34.

333 2011 396 2053 De
427 2012 585 2065 virgine
615 2011 875 2066 impregnata
896 2015 936 2054 et
957 2012 1116 2066 virgine
1138 2011 1270 2054 beata.
1311 2011 1521 2054 Adrianus
1542 2024 1731 2066 regnans.
1773 2009 1891 2057 (Ker-

336 2082 642 2138 kergespraeh.)
688 2082 760 2124 lat.
786 2083 853 2124 86.

277 2185 286 2194 .
334 2152 397 2195 De
443 2157 618 2208 quatuor
662 2153 741 2195 viis
788 2158 829 2195 et
867 2154 952 2196 vita
997 2154 1187 2196 hominis.
1250 2153 1394 2196 Delius
1431 2167 1608 2208 regnans
1645 2153 1690 2195 in
1726 2153 1893 2196 civitate

335 2238 518 2267 romana.
568 2224 718 2275 (Kreuz
751 2225 827 2267 mit
855 2224 1127 2277 insehriften.)
1174 2226 1245 2268 lat.
1271 2226 1338 2268 65.

335 2295 398 2338 De
429 2296 546 2350 nigro
579 2309 692 2349 cane,
724 2295 883 2338 falcone
916 2300 956 2338 et
983 2309 1120 2339 cornu.
1170 2296 1385 2340 Simaehus
1406 2296 1605 2350 regnavit.
1652 2294 1892 2348 (Sohwarz.)

335 2367 407 2409 lat.
432 2367 499 2408 35.

336 2437 399 2480 De
436 2437 522 2479 filia
559 2438 666 2491 regis
707 2451 780 2492 pro
821 2451 901 2492 qua
939 2437 1057 2480 miles
1095 2439 1294 2494 pugnavit
1331 2443 1404 2482 ete.
1467 2437 1651 2494 Nereyus
1689 2437 1890 2492 regnavit.

338 2507 514 2560 (Waffen
545 2509 810 2561 aufhangen.)
857 2509 928 2551 lat.
953 2510 1020 2551 66.

336 2579 399 2621 De
429 2579 583 2632 milite,
615 2579 753 2633 leone,
787 2579 963 2622 dracone
995 2583 1036 2622 et
1065 2581 1182 2622 mari.
1245 2581 1456 2624 Anthonio
1487 2580 1675 2635 regnavit
1703 2579 1748 2622 in
1778 2570 1915 2634 eujus⁸

337 2650 524 2705 imperio.
574 2651 764 2702 (Wuste.)
812 2664 905 2706 app.
931 2652 968 2692 3.

336 2720 399 2763 De
437 2721 696 2776 carpentario
733 2724 773 2762 et
811 2721 982 2763 camisia
1022 2726 1062 2764 et
1098 2736 1227 2765 uxore
1258 2727 1371 2765 easta
1403 2726 1478 2766 eto.
1533 2721 1675 2764 Gallus
1705 2721 1895 2776 regnavit

337 2791 530 2846 prudens.
580 2791 1021 2845 (Keuschheitshemd.)
1067 2793 1139 2835 lat.
1163 2795 1231 2836 69.

337 2861 400 2904 De
432 2863 658 2916 sagittario,
690 2862 926 2918 philomena
956 2868 997 2905 et
1027 2868 1169 2907 saneta
1196 2864 1392 2907 trinitate.
1443 2862 1691 2918 Sagittarius
1712 2863 1891 2919 quidam.

339 2932 455 2983 (Drei
485 2933 723 2976 weisheiten
754 2933 926 2987 lehren.)
972 2934 1042 2977 lat.
1069 2936 1164 2977 167.
