1954 3137
166 159 235 200 76.

167 302 236 342 77.

167 443 235 485 78.

168 728 235 770 80.

168 871 235 913 81.

168 1014 235 1056 82.

168 1158 235 1199 83.

168 1302 237 1343 84.

169 1444 238 1485 85.

169 1587 237 1629 86.

172 1730 239 1772 87.

173 1873 241 1915 88.

173 2017 241 2058 89.

174 2160 243 2202 90.

175 2304 244 2345 91.

176 2447 244 2488 92.

177 2589 245 2630 93.

984 52 1041 94 46

284 158 346 200 De
386 157 552 200 homine
594 171 777 214 paupere
819 158 997 201 dracone
1038 161 1078 200 et
1119 162 1310 214 serpente
1353 162 1428 200 etc.
1484 157 1662 208 Quidam
1704 172 1863 215 pauper

284 234 384 272 erat.
434 229 871 279 (Di-achenschwanz.)
920 229 991 271 lat.
1020 229 1116 270 114.

283 301 346 343 De
378 304 529 342 natura
559 301 770 343 unicornis
809 304 849 343 et
881 300 931 342 de
964 300 1229 356 reparatione
1262 304 1338 342 eto.
1393 300 1498 342 Erat
1530 299 1698 354 quidam
1731 301 1863 357 impe-

283 376 409 414 rator.
459 371 586 423 (Zwei
617 372 744 414 nakte
771 371 1055 426 jungfrauen.)
1102 371 1173 413 lat.
1201 372 1296 413 115.

284 443 346 485 De
378 456 474 496 rege
507 446 548 485 et
578 447 756 498 tyranno
791 443 861 498 qui
894 443 1098 496 virginem
1131 441 1349 485 defloravit
1381 447 1456 485 etc.
1506 442 1698 485 Justinus
1731 443 1774 485 in
1807 444 1864 486 ci-

284 514 424 556 vitate.
474 514 674 566 (Untreue
705 528 835 568 gegen
870 516 1075 566 erretter.)
1123 513 1193 556 lat.
1222 515 1317 556 117.

284 585 348 628 De
386 585 590 628 divisione
637 585 879 628 hereditatis
927 586 1036 629 inter
1084 586 1289 628 seniorem
1330 588 1405 628 etc.
1469 585 1625 628 Narrat
1662 585 1862 641 hystoria.

286 657 607 712 (Erbtheilung.)
656 657 727 699 lat.
753 658 822 699 90.

286 728 420 780 (Ohne
450 729 732 779 fiberschrift.)
778 729 938 783 Regina
969 728 1147 784 quedam
1180 728 1371 784 concepit
1401 741 1452 771 ex
1483 727 1685 771 adulterio
1718 726 1864 770 filium.

286 799 516 851 (Zweierlei
547 800 675 852 tuch.)
723 800 795 843 lat.
820 802 888 842 26.

287 871 350 914 De
382 875 574 927 serpente
605 871 732 925 ligato
767 875 808 914 et
829 872 917 914 viro
951 871 1021 926 qui
1052 884 1145 914 eum
1179 870 1342 913 solvens
1376 874 1450 913 etc.
1497 870 1670 925 Legitur
1692 871 1742 914 de
1765 884 1865 926 quo-

285 942 379 985 dam
413 943 514 985 viro.
566 942 789 997 (Schlange
820 943 967 994 lesen.)
1015 942 1086 985 lat.
1115 943 1211 984 174.

285 1014 348 1057 De
387 1014 554 1057 homine
591 1014 783 1069 gibboso,
825 1014 1062 1068 monoculo,
1101 1013 1289 1057 scabioso
1324 1018 1399 1056 etc.
1454 1013 1631 1064 Quidam
1671 1013 1865 1056 dominus

284 1090 440 1128 narrat.
489 1086 625 1139 (Zoll.)
677 1086 748 1128 lat.
776 1086 871 1128 157.

284 1156 346 1200 De
378 1158 599 1200 inimicitia
631 1157 807 1200 duorum
829 1158 1006 1200 fratrum
1041 1161 1116 1200 etc.
1167 1156 1339 1211 Legitur
1367 1157 1410 1199 in
1432 1157 1560 1211 gestis
1582 1156 1864 1200 romanorum.

286 1229 542 1279 (Feindliche
574 1229 758 1281 briider.)
806 1229 878 1271 lat.
905 1230 973 1271 39.

284 1301 348 1343 De
378 1301 666 1356 redemptione
697 1301 861 1355 generis
893 1300 1077 1343 humani.
1127 1299 1305 1342 Cosdras
1330 1300 1559 1356 imperator
1589 1303 1862 1356 pugnaturus.

287 1371 494 1424 (Codrus.)
541 1372 613 1414 lat.
639 1373 708 1414 41.

285 1443 349 1486 De
379 1444 715 1500 peregrinatione
747 1443 926 1486 hominis
964 1444 1008 1486 in
1048 1443 1124 1486 hoc
1155 1443 1323 1485 mundo.
1382 1443 1486 1486 Erat
1518 1443 1689 1498 quidam
1727 1442 1862 1485 homo.

287 1514 495 1567 (Briicke.)
543 1529 671 1570 germ.
696 1516 765 1557 53.

286 1586 349 1629 De
380 1600 477 1641 rege
509 1587 580 1642 qui
610 1590 696 1630 tres
727 1586 834 1628 filios
866 1586 1011 1629 habuit
1042 1590 1120 1629 etc.
1167 1585 1346 1637 Quidam
1367 1599 1441 1629 rex
1464 1586 1610 1629 habuit
1634 1589 1719 1629 tres
1741 1585 1862 1628 filios.

288 1657 571 1710 (Glassteine.)
620 1672 715 1715 app.
736 1659 803 1700 14.

287 1729 351 1772 De
375 1730 672 1786 dampnatione
703 1734 744 1773 et
773 1730 1063 1786 redemptione
1093 1733 1170 1772 etc.
1218 1729 1361 1772 Refert
1381 1729 1641 1772 Valerianus.
1691 1728 1864 1783 (Mutter

290 1801 459 1853 stillen.)
509 1815 604 1857 app.
632 1802 698 1843 19.

288 1872 352 1915 De
384 1873 549 1929 ethiope
582 1873 652 1928 qui
682 1873 797 1927 ligna
826 1873 870 1915 in
903 1873 1008 1916 silva
1039 1873 1215 1927 collegit.
1266 1872 1438 1927 Legitur
1468 1873 1512 1915 in
1541 1872 1648 1915 vitas
1680 1875 1862 1928 patrum.

291 1944 407 1997 (Drei
439 1946 622 1996 nari-en.)
669 1944 740 1986 lat.
768 1944 864 1986 165.

289 2015 352 2058 De
385 2015 517 2058 milite
549 2016 619 2070 qui
650 2016 863 2058 civitatem
895 2016 1103 2071 quandam
1127 2017 1176 2059 ab
1198 2016 1367 2059 inimico
1398 2015 1594 2059 liberavit
1619 2019 1695 2059 etc.
1743 2014 1866 2058 Pom-

290 2100 422 2143 peyus
454 2088 612 2129 statuit.
663 2087 726 2140 (In
758 2087 906 2130 waffen
937 2087 1176 2142 begraben.)
1222 2087 1294 2130 lat.
1322 2088 1417 2130 134.

290 2159 354 2201 De
385 2159 686 2212 ingratitudine
722 2162 797 2201 etc.
852 2159 1058 2202 Henricus
1095 2160 1287 2214 regnavit
1324 2163 1473 2216 potens
1503 2158 1636 2202 valde.
1694 2157 1866 2215 (Sydo.)

292 2230 500 2284 (Ingratus
531 2230 617 2272 und
649 2229 815 2282 Guido.)
864 2230 936 2273 lat.
964 2231 1059 2273 119.

291 2301 355 2344 De
386 2305 616 2344 mercatore
647 2302 717 2357 qui
749 2302 994 2358 imperatori
1025 2306 1109 2345 tres
1131 2302 1319 2345 vendidit
1350 2302 1576 2358 sapientias
1599 2305 1674 2343 etc.
1723 2300 1868 2343 Domi-

293 2374 445 2416 tianus.
494 2373 612 2425 (Drei
643 2373 884 2416 weisheiten
916 2374 1175 2425 verkaufen.)
1222 2373 1293 2416 lat.
1322 2374 1417 2415 103.

293 2445 356 2487 De
399 2444 576 2499 quodam
623 2444 756 2487 milite
802 2445 970 2487 nomine
1016 2445 1204 2501 placidus
1245 2449 1320 2487 etc.
1382 2444 1487 2487 Erat
1524 2444 1691 2498 quidam
1734 2443 1866 2486 miles.

295 2515 535 2568 (Placidus.)
583 2515 654 2557 lat.
683 2517 778 2557 110.

293 2588 357 2630 De
398 2587 652 2642 imperatore
691 2587 761 2641 qui
798 2586 928 2628 filium
974 2600 1095 2629 suum
1133 2591 1210 2630 etc.
1268 2586 1457 2629 Valerius
1504 2586 1695 2639 regnavit
1740 2598 1866 2628 rome.
1926 2575 1930 2577 i

297 2657 507 2710 (Stricke.)
555 2671 650 2714 app.
678 2659 744 2699 16.
