1919 3157
835 67 914 108 441

50 162 140 205 aliis
179 163 268 213 fiet;
309 166 342 207 si
375 180 469 208 vero
502 168 641 211 eodem
675 170 739 212 die
772 185 849 213 non
885 174 1059 226 venerit,
1100 177 1195 229 quid
1233 178 1282 219 ad
1314 178 1388 221 hoc
1420 181 1709 235 respondebis?

47 233 105 276 At
141 234 227 277 ille:
270 235 462 290 Domine,
504 252 662 282 omnem
703 243 984 297 securitatem,
1033 259 1110 300 que
1148 247 1220 288 tibi
1261 249 1413 303 placet,
1453 251 1706 307 adimplebo;

47 316 168 358 quam
201 306 235 347 si
268 320 346 349 non
380 311 557 363 venerit,
592 325 664 366 pro
697 313 782 366 ejus
815 327 951 355 amore
983 321 1154 358 mortem
1189 320 1408 362 sustinebo.
1463 322 1534 364 Ait
1559 324 1704 377 judex:

45 373 292 419 Peticionem
325 382 436 420 tuam
470 382 705 435 exaudiam,
748 384 805 426 ita
836 388 991 435 tamen,
1034 388 1138 440 quod
1172 393 1211 430 te
1244 391 1283 431 in
1318 391 1487 434 vinculis
1521 394 1704 448 habeam,

46 458 254 501 quousque
289 446 356 501 [87
372 449 410 503 h]
440 451 528 505 ipse
551 453 727 495 redierit.
777 455 829 496 Et
860 455 946 498 ille:
981 456 1089 499 Bene
1112 458 1246 513 placet
1267 461 1401 503 michi.
1451 464 1562 505 Tune
1577 466 1703 519 judex
1754 474 1775 508 5

43 515 166 558 istum
207 519 342 573 posuit
373 521 413 562 in
447 535 606 564 carcere
640 528 679 566 et
710 525 832 567 alium
866 526 991 568 libere
1023 529 1136 570 misit
1174 530 1297 573 abire.
1353 532 1424 575 1110
1464 549 1558 576 vero
1597 537 1704 579 (101111

43 589 230 642 recessit,
270 590 319 632 de
350 605 496 645 uxore,
530 594 642 648 prole
675 600 715 637 et
744 596 900 638 familia
933 599 1159 653 ordinavit,
1200 605 1241 642 et
1271 603 1426 645 tamdiu
1460 609 1703 661 expectavit,

43 658 148 712 quod
187 660 238 702 ad
275 665 359 704 tres
399 663 484 705 dies
516 664 683 718 judicii,
724 666 763 707 in
804 681 880 721 quo
918 682 1057 711 omnes
1090 671 1372 715 malefactores
1404 688 1538 718 coram
1565 679 1704 731 judice

42 733 137 771 sunt
176 734 421 786 presentati,
461 738 500 775 et
538 735 645 777 inter
685 736 784 778 alios
824 738 910 791 ille,
952 741 1018 794 qui
1060 748 1248 798 prompte
1285 757 1327 786 se
1359 748 1511 788 carceri
1543 749 1703 802 obtulit,

41 812 115 855 pro
148 802 277 844 amico
310 817 382 846 suo
415 809 477 847 est
515 811 785 860 presentatus.
841 809 913 850 Ait
951 811 986 852 ei
1012 812 1163 864 judex:
1205 813 1279 856 Ubi
1319 820 1380 857 est
1411 819 1564 860 amicus
1594 823 1701 874 tuus,
1731 829 1773 863 10

41 871 108 925 qui
140 871 259 916 hodie
292 874 458 918 deberet
487 877 620 920 redire
654 882 693 920 et
724 883 763 921 te
795 879 968 923 liberare
1000 895 1046 923 ac
1078 883 1264 927 salvare?
1301 887 1357 928 At
1387 887 1476 930 ille:
1514 889 1701 945 Domine,

39 954 172 997 spero,
205 945 311 998 quod
343 959 423 987 non
457 946 627 990 deficiet.
681 949 815 992 ,Iudex
849 965 944 993 vero
977 953 1043 994 diu
1077 957 1361 1011 exspectabat,
1395 959 1428 1000 si
1462 960 1630 1015 veniret,
1664 967 1703 1004 et

38 1024 119 1054 non
158 1015 280 1056 venit.
337 1015 483 1059 Statim
518 1018 630 1061 dedit
660 1034 733 1075 pro
774 1024 1002 1077 sentencia,
1043 1030 1087 1067 ut
1123 1026 1171 1067 ad
1205 1028 1431 1082 patibulum
1465 1031 1699 1086 duceretur3

38 1087 78 1125 et
108 1084 162 1126 sit
190 1085 341 1128 factum
382 1092 456 1130 est.
511 1089 609 1131 Cum
652 1105 745 1133 vero
787 1093 837 1134 ad
875 1094 1101 1148 patibulum
1144 1098 1341 1153 venisset,
1383 1101 1441 1143 ait
1480 1103 1515 1144 ei
1549 1103 1698 1157 judex:

37 1153 277 1210 Carissime,
318 1158 599 1214 imputestibi
634 1167 674 1204 et
704 1176 784 1204 non
817 1164 962 1218 michi,
1002 1167 1107 1220 quod
1139 1181 1247 1211 nunc
1278 1172 1477 1214 morieris.
1533 1173 1699 1229 Dixisti,
1728 1184 1770 1218 15

38 1226 144 1280 quod
177 1228 331 1271 amicus
364 1234 457 1272 tuus
490 1233 647 1275 veniret
679 1238 719 1276 et
749 1239 788 1276 te
819 1235 1025 1278 liberaret.
1076 1238 1148 1281 Ait
1178 1240 1267 1283 ille:
1306 1242 1502 1297 Domine,
1541 1259 1589 1287 ex
1622 1260 1700 1301 quo

34 1298 139 1339 mori
178 1298 324 1354 debeo,
363 1301 566 1344 instanter
605 1309 718 1359 peto,
759 1310 803 1347 ut
844 1311 937 1349 ante
975 1312 1147 1351 mortem
1182 1325 1314 1354 meam
1347 1314 1512 1369 pulsare
1543 1321 1697 1371 potero.

33 1368 107 1410 Ait
131 1369 280 1423 judex:
314 1370 552 1426 eujusmodi
585 1375 766 1429 pulsacio
799 1378 876 1419 erit
904 1378 1000 1421 illa?
1032 1380 1108 1430 Qui
1130 1382 1205 1424 ait:
1238 1384 1346 1426 Ante
1369 1390 1543 1428 mortem
1564 1401 1698 1431 meam

35 1439 166 1482 tribus
198 1442 354 1484 vicibus
386 1443 576 1487 clamare.
630 1445 685 1488 Et
715 1447 802 1490 ille:
843 1448 965 1492 Michi
1003 1452 1148 1506 placet.
1201 1453 1272 1496 Ille
1304 1455 1458 1511 incepit
1486 1457 1571 1500 alta
1601 1473 1699 1503 voce

33 1509 210 1554 clamare
231 1513 378 1568 primo,
411 1516 601 1570 secundo,
635 1518 773 1572 tercio,
807 1523 846 1561 et
873 1523 1055 1577 respexit
1077 1524 1405 1581 circumquaque,
1429 1532 1469 1570 et
1490 1529 1695 1573 hominem
1722 1539 1768 1574 20

31 1581 129 1636 agili
173 1596 294 1626 cursu
340 1586 570 1629 venientem
618 1588 720 1630 vidit
766 1604 789 1632 a
827 1591 945 1645 longe
985 1599 1024 1636 et
1065 1595 1122 1636 ait
1152 1596 1301 1649 judici:
1349 1598 1522 1642 Mortem
1563 1615 1696 1655 meam

31 1651 214 1706 differas3
251 1668 342 1698 ecce
374 1656 577 1700 hominem
612 1661 841 1703 venientem
876 1663 1014 1717 video,
1052 1665 1156 1708 forte
1188 1667 1276 1722 ipse
1309 1673 1370 1710 est
1400 1671 1533 1713 socius
1567 1686 1694 1727 meus,

29 1724 96 1778 qui
128 1738 193 1768 me
224 1725 343 1769 hodie
379 1727 583 1771 liberabit.
637 1730 771 1774 Judex
813 1747 908 1775 vero
945 1748 1034 1777 cum
1068 1737 1202 1792 ipsum
1237 1740 1466 1782 venientem
1500 1743 1693 1798 audisset,

28 1797 301 1851 exspectavit3
334 1802 374 1840 et
406 1813 497 1842 0000
529 1802 661 1843 8001118
684 1803 769 1857 ejus
803 1805 914 1847 venit
945 1811 985 1848 et
1016 1808 1091 1850 ait:
1126 1808 1158 1850 Ο
1191 1809 1367 1864 domine,
1400 1825 1472 1865 ego
1499 1826 1588 1855 sum
1611 1815 1692 1869 ille,

26 1867 96 1921 qui
127 1867 176 1910 de
209 1868 323 1911 bonis
361 1871 484 1923 meis,
523 1885 650 1914 uxore
687 1878 726 1915 et
758 1876 898 1918 amicis
930 1878 1031 1920 meis
1070 1879 1273 1934 disposui,
1314 1888 1354 1923 et
1392 1884 1546 1926 amicus
1579 1899 1692 1929 meus
1718 1894 1762 1928 25

25 1938 189 1980 interim
221 1939 263 1981 in
299 1941 477 1995 periculo
509 1944 654 1985 mortis
685 1959 759 2000 pro
792 1960 857 1988 me
898 1949 1030 2001 stetit;
1069 1950 1183 1992 illum
1216 1951 1343 1994 libere
1374 1955 1589 2008 permittas
1621 1957 1692 1999 ab·

25 2008 106 2062 ire,
146 2010 241 2064 quia
280 2016 447 2066 paratus
480 2027 591 2068 sum,
634 2029 706 2070 pro
740 2018 916 2071 peccatis
948 2020 1050 2061 meis
1082 2026 1255 2064 mortem
1288 2024 1502 2067 sustinere.
1557 2026 1690 2070 Judex

24 2081 206 2135 respexit
236 2095 327 2124 eum
360 2087 401 2125 et
432 2084 507 2126 ait:
540 2084 572 2127 O
605 2087 828 2142 carissime,
862 2089 927 2131 dic
951 2090 1072 2132 michi
1103 2105 1282 2147 causam,
1316 2108 1440 2149 quare
1463 2097 1689 2141 adinvicem

25 2151 122 2192 estis
155 2156 238 2194 tam
270 2151 437 2196 fideles?
475 2154 531 2196 Et
566 2156 655 2198 ille:
695 2157 892 2212 Domine,
932 2174 956 2202 a
993 2163 1170 2216 pueritia
1211 2165 1383 2218 quilibet
1420 2167 1536 2210 alteri
1568 2168 1689 2212 fidem

24 2220 149 2275 dedit,
181 2226 227 2264 ut
257 2223 297 2265 in
331 2225 518 2267 omnibus
551 2226 687 2270 fideles
721 2243 920 2283 essemus;
955 2235 995 2274 et
1025 2233 1099 2276 1100
1131 2240 1193 2277 est
1223 2249 1357 2291 causa,
1391 2251 1516 2292 quare
1537 2240 1625 2295 ipse
1646 2241 1687 2282 in
1713 2249 1758 2283 30

22 2290 110 2334 loco
142 2306 232 2335 meo
265 2307 307 2336 se
338 2297 494 2350 posuit,
533 2311 740 2354 quousque
772 2301 821 2343 de
853 2302 972 2344 domo
1004 2317 1094 2347 mea
1125 2307 1390 2350 ordinassem.
1442 2309 1577 2352 ι11111011
1610 2311 1686 2354 ait:

22 2360 85 2404 Ex
118 2376 197 2418 quo
229 2364 287 2407 ita
318 2371 392 2419 est,
425 2367 499 2409 tibi
531 2373 702 2412 mortem
737 2373 915 2427 remitto,
949 2378 989 2416 et
1021 2376 1110 2418 sitis
1143 2378 1265 2420 michi
1291 2379 1449 2431 fideles3
1481 2381 1531 2422 de
1553 2385 1686 2424 cetero

21 2446 178 2476 mecum
226 2437 465 2491 manebitis,
511 2443 551 2481 et
594 2440 643 2482 de
684 2443 892 2497 prebenda
929 2448 1160 2489 necessaria
1199 2449 1312 2492 vobis
1352 2451 1573 2505 providebo
1613 2466 1686 2508 per

22 2505 170 2547 omnia.
217 2507 274 2549 At
305 2507 383 2550 illi:
418 2509 605 2564 Domine,
639 2524 798 2555 omnem
826 2515 1063 2559 fidelitatem
1088 2520 1233 2561 amodo
1255 2522 1533 2575 promittimus
1556 2523 1682 2566 vobis.

20 2573 154 2618 Judex
185 2577 311 2631 igitur
342 2593 410 2622 eos
442 2582 597 2636 recepit
618 2583 668 2624 ad
690 2586 884 2639 graciam,
917 2591 957 2629 et
989 2602 1128 2631 omnes
1145 2590 1324 2644 judicem
1348 2592 1582 2647 laudabant,
1615 2596 1683 2648 qui
1708 2602 1754 2637 35

19 2644 115 2689 fecit
144 2648 202 2689 eis
234 2649 357 2692 talem
390 2652 725 2696 misericordiam.

135 2720 420 2764 Moralizacio.
489 2722 730 2779 Carissime,
770 2741 840 2769 rex
881 2729 958 2771 iste
995 2730 1218 2786 imperator
1258 2737 1320 2775 est
1359 2737 1476 2788 pater
1507 2734 1682 2790 celestis,

19 2786 98 2830 duo
129 2789 308 2833 latrones
339 2794 477 2835 anima
509 2799 549 2836 et
579 2808 738 2851 corpus,
772 2799 840 2852 qui
871 2799 969 2842 facti
1001 2806 1096 2844 sunt
1126 2816 1198 2858 per
1223 2808 1432 2859 peccatum
1466 2806 1578 2859 socii,
1611 2807 1682 2849 sed

18 2857 59 2900 in
82 2859 285 2916 baptismo
319 2863 545 2907 adinvicem
572 2865 661 2921 [88]
696 2869 813 2922 uniti,
846 2870 915 2924 ita,
950 2872 1057 2925 quod
1082 2874 1254 2929 quilibet
1273 2875 1386 2918 dedit
1407 2875 1524 2917 alteri
1545 2876 1680 2932 fidem,

109 2941 130 2974 5
155 2941 309 2987 redierit]
337 2950 420 2991 ori9.
440 2945 617 2983 redierint.
714 2950 735 2982 8
761 2950 842 2995 quo]
871 2957 954 2996 oriq.
972 2961 1054 2997 qua.
