1919 3131
76 738 144 780 60.

75 880 144 922 61.

75 1023 143 1065 62.

75 1166 143 1208 63.

75 1308 144 1351 64.

75 1451 142 1494 65.

74 1595 141 1636 66.

73 1737 142 1780 67.

74 1881 142 1924 68.

74 2024 141 2066 69.

73 2167 143 2210 70.

75 2310 143 2352 71.

75 2453 144 2496 72.

75 2595 144 2638 73.

76 2737 144 2779 74.

77 2879 145 2922 75.

895 63 952 103 45

136 199 146 208 .
196 166 256 208 De
295 167 511 219 sagittario
553 171 591 208 et
633 167 870 222 philomena
914 176 954 210 et
996 168 1046 210 ‹le
1085 172 1227 210 sancta
1266 170 1464 211 trinitate.
1523 171 1772 224 Sagittarius

195 237 376 292 quidam.
426 238 542 285 (Drei
576 239 817 281 weisheiten
850 239 1024 290 lehren.)
1074 240 1142 281 lat.
1172 241 1266 281 167.

136 342 144 350 .
194 307 257 351 De
279 308 364 351 lilia
385 310 494 362 regis
525 324 602 364 que
632 310 765 352 noluit
788 310 919 352 virum
945 311 1093 353 ducere
1126 311 1206 352 nisi
1229 312 1310 353 tria
1344 315 1616 367 perpetraret.
1668 312 1771 354 Erat

194 380 362 435 quidam
397 394 481 422 rex.
533 380 648 427 (Drei
683 382 857 433 fragon.)
906 382 976 423 lat.
1003 383 1070 423 70.

136 484 144 492 .
194 451 256 493 De
289 451 371 493 filio
405 452 472 506 qui
507 466 529 493 a
565 457 681 507 patre
715 467 788 495 suo
821 453 1036 496 licenciam
1071 453 1196 508 peciit
1229 456 1302 495 etc.
1356 453 1458 495 Erat
1481 454 1647 508 quidam
1683 469 1768 497 rex.

194 522 583 578 (Freundesprobe.)
629 523 700 565 lat.
730 526 823 566 120.

134 627 143 636 .
193 594 255 637 De
288 608 411 636 avaro
445 594 638 637 thesauro
680 600 720 638 et
758 595 886 638 fabro.
944 596 1048 638 Erat
1081 595 1248 651 quidam
1288 610 1449 638 avarus.
1500 596 1673 648 (Schatz
1713 597 1768 638 im

193 665 372 717 baume.)
420 665 490 708 lat.
520 668 613 707 109.

194 737 256 779 De
290 751 384 791 rege
425 738 493 791 qui
533 738 630 779 fecit
671 751 867 791 magnum
900 739 1135 781 convivium
1177 743 1217 782 et
1249 739 1423 782 fratrum
1462 743 1538 782 etc.
1594 739 1768 790 Quidam

192 823 278 851 rex.
328 808 718 864 (Todestrompete.)
765 808 836 851 lat.
865 811 960 852 143.

192 880 255 923 De
288 893 383 934 rege
416 881 486 934 qui
518 880 666 922 statuit
699 880 806 934 quod
841 881 1014 936 quilibet
1045 881 1145 924 deus
1179 885 1254 924 etc.
1304 881 1532 932 Quincillus
1564 883 1767 937 regnavit.

194 952 296 1003 (100
327 951 560 1006 groschen.)
612 952 682 994 lat.
708 953 776 993 73.

192 1022 255 1066 De
286 1036 408 1078 pomo
433 1037 556 1066 aureo
590 1028 630 1066 et
654 1023 813 1079 mayori
837 1023 976 1066 stulto.
1026 1024 1288 1075 Quirelianus
1320 1026 1522 1079 regnavit.
1571 1025 1768 1075 (Narren-

193 1094 334 1150 apsel.)
380 1094 451 1136 lat.
477 1095 544 1137 74.

193 1164 256 1208 De
286 1179 383 1220 rege
416 1167 485 1221 qui
518 1167 745 1209 invidiosos
779 1167 866 1223 pati
899 1166 1032 1209 noluit
1064 1170 1139 1209 etc.
1189 1167 1363 1218 Quidam
1398 1183 1470 1212 rex
1503 1172 1604 1211 erat.
1661 1168 1768 1221 (Zie-

191 1238 407 1292 genauge.)
456 1237 527 1280 lat.
553 1239 621 1280 76.

191 1308 255 1352 De
285 1309 403 1352 leone
436 1323 636 1365 suspenso
671 1314 711 1352 et
743 1310 793 1352 de
827 1310 1018 1365 passione
1051 1309 1219 1352 domini.
1269 1310 1452 1361 Quedam
1485 1312 1631 1354 civitas
1665 1315 1766 1354 erat.

160 1416 164 1420 .
193 1380 402 1429 (Drachen
436 1381 563 1423 durch
597 1381 729 1424 lowen
764 1381 973 1431 entfernt.)
1021 1394 1116 1436 app.
1141 1383 1181 1423 4.

190 1451 254 1494 De
286 1452 418 1495 milite
451 1454 521 1508 qui
553 1466 672 1495 servo
706 1467 779 1495 suo
813 1453 960 1509 pedem
994 1452 1172 1495 abscidit
1203 1456 1278 1496 etc.
1326 1453 1444 1497 Miles
1469 1455 1637 1509 quidam
1664 1458 1766 1497 erat.

192 1522 306 1576 (Fuss
341 1524 422 1577 ab.)
471 1523 542 1566 lat.
571 1525 665 1566 127.

190 1594 253 1638 De
284 1608 380 1649 rege
413 1596 481 1650 qui
513 1595 643 1638 filium
677 1609 796 1638 suum
827 1596 1087 1650 unigenitum
1111 1596 1296 1639 occidere
1319 1595 1448 1639 voluit
1470 1600 1545 1640 etc.
1594 1596 1767 1640 Poncia-

190 1679 267 1708 nus
298 1680 412 1721 regn.
462 1666 552 1719 (Vll
582 1681 685 1723 sap..
719 1667 905 1721 rahmen,
939 1668 1016 1710 mit
1048 1667 1233 1720 schluss.)
1280 1681 1409 1722 germ.
1434 1669 1503 1711 40.

190 1736 270 1781 Per
298 1739 421 1781 istam
454 1739 630 1781 formam
664 1753 743 1794 que
775 1739 963 1793 sequitur
995 1739 1154 1795 primus
1184 1740 1383 1793 magister
1415 1743 1491 1783 etc.
1541 1739 1645 1782 Erat
1677 1740 1766 1795 qui-

190 1809 285 1852 dam
318 1809 449 1853 miles.
504 1810 658 1864 (Hund‚
690 1810 765 1853 VII
798 1810 904 1866 sap.)
952 1824 1081 1864 germ.
1105 1812 1174 1853 41.

190 1880 254 1924 De
291 1885 459 1937 pastore
500 1882 570 1937 qui
611 1896 759 1939 aprum
799 1882 1007 1926 interfecit
1046 1886 1121 1926 etc.
1179 1881 1354 1933 Quidam
1396 1882 1624 1938 imperator
1663 1887 1763 1926 erat.

192 1952 331 2007 OEber,
354 1952 428 1995 VII
457 1954 564 2009 sap.)

191 2023 254 2067 De
285 2024 417 2067 milite
447 2038 545 2067 sene
585 2028 626 2067 et
658 2038 786 2067 uxore
817 2039 892 2067 sua
923 2025 1159 2080 juvencula.
1214 2025 1430 2076 Quondam
1464 2030 1553 2068 erat
1592 2026 1635 2067 in
1668 2026 1768 2068 civi-

190 2099 277 2138 tate
307 2109 411 2138 rom.
461 2095 802 2150 (Hausschliissel‚
833 2096 906 2139 VII
938 2097 1044 2153 sap.)

192 2166 325 2220 (Ohne
356 2167 635 2220 iiberschrift.)
684 2167 788 2210 Erat
810 2167 1016 2222 quondam
1047 2167 1215 2223 quidam
1249 2167 1381 2210 miles.
1431 2167 1546 2210 Ohne
1579 2168 1762 2211 moralis.

193 2238 366 2290 (Thurm
398 2238 616 2293 Hemdots,
647 2238 719 2281 VII
751 2239 857 2295 sap.)
905 2253 1034 2293 germ.
1058 2240 1128 2281 42.

192 2309 256 2352 De
285 2310 380 2365 pica
412 2324 490 2364 que
522 2310 769 2365 loquebatur
801 2324 879 2365 que
901 2310 1006 2353 vidit
1037 2313 1078 2353 et
1109 2310 1278 2353 audivit.
1328 2310 1440 2352 Civis
1463 2310 1629 2365 quidam
1662 2314 1763 2354 erat.

193 2381 310 2424 Ohne
340 2381 521 2424 moralis.
572 2381 740 2435 OElster,
769 2381 842 2424 VII
874 2382 979 2438 sap.)

190 2452 253 2496 De
274 2453 407 2496 milite
429 2467 526 2496 sene
558 2456 598 2496 et
630 2465 758 2495 uxore
784 2453 1008 2507 juvencula
1029 2457 1104 2496 etc.
1154 2453 1272 2496 Miles
1296 2453 1464 2508 quidam
1498 2451 1660 2508 [senex]
1693 2452 1765 2496 sed

185 2525 336 2579 justus.
386 2524 503 2567 Ohne
534 2523 715 2566 moralis.
767 2523 906 2578 (Frau‚
937 2524 1010 2567 VII
1043 2525 1148 2580 sap.)

192 2595 333 2648 (Ohne
369 2595 657 2647 iiberschrift.)
720 2595 970 2638 Octavianus
1017 2596 1208 2650 regnavit
1246 2595 1361 2638 dives
1403 2594 1534 2637 valde.
1593 2595 1764 2650 (Virgils

192 2666 345 2721 thurm,
378 2666 452 2709 VII
483 2668 589 2722 sap.)
637 2680 765 2721 germ.
790 2667 859 2708 43.

192 2737 255 2780 De
276 2738 527 2794 imperatore
560 2738 628 2792 qui
662 2741 780 2780 extra
812 2737 1033 2793 pallacium
1059 2751 1177 2779 suum
1202 2750 1319 2780 cecus
1344 2737 1434 2779 suit.
1484 2736 1657 2787 Quidam
1687 2737 1764 2779 im-

192 2813 371 2864 perator.
425 2809 515 2861 (VII
548 2822 651 2864 sap„
685 2808 759 2850 VII
792 2810 898 2864 sap.)
946 2822 1074 2862 germ.
1099 2809 1169 2850 48.

193 2879 255 2922 De
286 2880 488 2922 divisione
520 2880 762 2922 hereditatis
796 2883 870 2922 etc.
921 2880 995 2931 (Ist
1027 2880 1092 2922 die
1125 2879 1376 2922 iiberschrift
1408 2892 1486 2920 von
1521 2880 1606 2930 79.)
1665 2878 1763 2929 Qui-

194 2951 288 2993 dam
320 2951 549 3007 imperator
581 2951 739 2993 statuit.
789 2950 960 3003 (Bibas.)
1007 2951 1182 3003 (Abibas
1215 2950 1272 3001 ὃ.)
1320 2949 1391 2991 lat.
1420 2950 1485 2991 17.
