1954 3137
164 767 228 807 15.

165 908 229 948 16.

164 1049 229 1090 17.

165 1190 229 1231 18.

166 1331 229 1371 19.

970 95 1051 137 102

220 236 228 245 .
281 202 515 245 Secundum
554 201 807 255 fulgencium
840 201 1062 256 ysyderum
1098 214 1246 256 ymago
1279 201 1431 243 amoris
1463 200 1543 242 fuit
1574 213 1676 256 puer
1709 199 1856 242 alatus.

279 273 463 325 (Amor.)
512 286 607 328 app.
632 274 702 314 44.

277 343 531 385 Theodosius
565 343 615 385 de
648 343 735 384 vita
767 342 999 384 allexandri
1031 341 1172 384 cecilie
1196 341 1451 385 Allexander
1483 342 1691 384 Invitavit.
1740 339 1858 395 (Vier

277 413 592 466 frauenbilder.)
646 427 741 469 app.
766 414 805 454 7.

279 484 591 527 Commentator
629 497 754 539 super
787 483 898 525 istud
930 484 971 524 in
1004 483 1207 526 naturalis
1241 483 1454 526 descendit
1485 483 1534 525 de
1566 483 1652 525 celo
1685 481 1858 536 gnotho-

279 555 439 596 solitus.
490 554 686 607 (013110.)
736 567 830 609 app.
855 555 924 595 59.

278 625 420 667 Refert
458 625 704 667 Valerianus
753 624 861 678 quod
911 624 1076 678 quidam
1127 638 1252 666 senex
1300 623 1401 666 flens
1450 624 1556 665 dixit
1595 624 1729 665 vicino
1770 636 1856 665 suo.

280 694 606 749 (H'angebaum.)
654 695 725 736 lat.
752 696 820 735 33.

276 766 493 821 Pyppinus
517 766 709 819 regnavit
730 766 772 806 111
796 765 964 806 civitate
987 778 1161 807 romana
1183 765 1253 819 qui
1275 764 1461 820 pulcram
1485 764 1680 820 puellam.
1716 762 1860 816 (Stief-

278 837 379 878 kind
413 837 497 878 und
532 835 725 888 rechtes.)
772 835 844 877 131.
873 837 968 877 116.

280 907 406 948 Sicud
447 908 505 948 ait
545 906 701 962 plinius
742 907 851 959 quod
892 910 954 949 est
987 907 1162 960 quedam
1197 905 1320 948 arbor
1351 906 1393 947 in
1427 905 1573 947 Judea.
1628 902 1858 958 (Theriak.)

279 991 408 1031 germ.
438 978 501 1019 17.

278 1048 413 1089 Nabal
445 1048 588 1089 multis
624 1047 742 1089 annis
776 1048 965 1101 regnavit
998 1048 1067 1102 qui
1097 1050 1258 1089 tantum
1283 1048 1451 1089 unicum
1472 1046 1617 1088 filium.
1667 1044 1858 1101 (Redde.)

278 1119 348 1160 lat.
374 1119 441 1159 20.

279 1188 482 1244 Tyberius
521 1189 713 1241 regnavit
744 1189 787 1229 in
820 1189 988 1230 civitate
1020 1201 1194 1230 romana
1227 1190 1296 1243 qui
1328 1189 1433 1231 miro
1466 1188 1588 1230 modo
1620 1187 1857 1229 melodiam.

278 1258 458 1312 (Goldne
491 1259 643 1313 angel.)
691 1259 763 1301 lat.
789 1258 857 1300 85.

280 1329 477 1371 Claudius
518 1331 710 1384 regnavit
747 1330 791 1370 in
830 1329 998 1371 civitate
1034 1343 1208 1371 romana
1241 1330 1310 1384 qui
1344 1330 1488 1372 habuit
1518 1329 1684 1371 unicam
1715 1327 1857 1369 filiam.

280 1400 492 1455 (Socrates
525 1399 764 1443 heirathetj)
810 1400 883 1442 lat.
909 1401 977 1441 61.

279 1471 421 1527 Nayus
460 1472 652 1525 regnavit
687 1472 728 1512 in
762 1471 930 1513 civitate
962 1485 1136 1513 romana
1169 1471 1350 1527 prudens
1384 1471 1515 1514 valde.
1570 1467 1861 1526 (Florentina.)

280 1542 351 1584 lat.
378 1543 445 1584 6⁵2.

223 1645 232 1654 .
283 1612 538 1655 Theodosius
573 1613 763 1666 regnavit
794 1612 836 1653 111
869 1612 1036 1654 civitate
1068 1626 1241 1655 romana
1273 1613 1456 1669 prudens
1489 1613 1622 1655 valde.
1679 1611 1861 1665 (Riigen-

283 1683 461 1738 glocke.)
508 1683 580 1724 lat.
610 1684 703 1724 106.

223 1787 232 1796 .
282 1754 454 1808 Legitur
485 1755 529 1795 in
551 1754 678 1807 gestis
701 1767 967 1795 romanorum
991 1755 1157 1809 quidam
1182 1769 1256 1797 rex
1279 1755 1424 1797 habuit
1444 1754 1618 1796 leonem.
1663 1751 1859 1808 (Lowin.)

280 1825 352 1867 lat.
380 1825 475 1866 181.

224 1929 232 1937 .
281 1895 489 1937 Antonius
529 1896 721 1948 regnavit
757 1896 799 1937 in
840 1896 1007 1938 civitate
1047 1910 1220 1938 romana
1259 1897 1328 1951 qui
1369 1900 1454 1938 tres
1494 1896 1668 1938 virtutes
1700 1894 1857 1938 habuit.

283 1965 449 2019 (Hemd7
483 1966 571 2008 drei
603 1965 716 2020 zoll.)
763 1967 835 2008 lat.
861 1968 928 2008 64.

283 2036 386 2078 Cum
426 2041 544 2078 erant
582 2041 667 2079 tres
701 2038 802 2079 socii
835 2039 904 2092 qui
937 2038 1060 2079 simul
1091 2038 1201 2080 irent
1232 2037 1398 2080 Accidit
1429 2037 1538 2092 quod
1568 2050 1652 2080 una
1683 2037 1856 2080 dierum.

283 2108 594 2159 (Traumbrod.)
642 2107 713 2150 lat.
743 2110 837 2150 106.

224 2211 233 2220 .
282 2178 457 2228 Quidam
490 2192 564 2220 rex
597 2183 686 2221 erat
718 2180 788 2233 qui
820 2179 988 2221 unicum
1021 2178 1151 2220 filium
1185 2179 1330 2222 habuit
1354 2192 1474 2233 quem
1498 2179 1675 2221 multum
1697 2179 1855 2221 dilexit.

283 2249 665 2305 (Freundesprobe3
700 2250 750 2291 cf.
774 2250 864 2302 46.)
911 2250 982 2291 lat.
1012 2251 1106 2292 129.

225 2354 233 2362 .
283 2320 458 2370 Quidam
500 2321 618 2362 miles
659 2325 747 2362 erat
786 2334 960 2374 magnus
1000 2321 1150 2376 predo,
1190 2320 1258 2362 hic
1294 2320 1474 2362 habebat
1511 2334 1639 2363 unum
1677 2334 1855 2363 servum.

284 2390 400 2442 (Fuss
435 2391 518 2443 ab.)
565 2391 635 2432 lat.
664 2393 758 2433 127.

225 2494 233 2502 .
281 2460 386 2502 Erat
426 2461 594 2515 quidam
634 2462 752 2504 miles
794 2467 986 2504 strenuus
1029 2463 1098 2517 qui
1137 2466 1298 2504 tantum
1336 2463 1504 2504 unicum
1535 2461 1666 2504 filium
1698 2462 1855 2504 habuit.
1913 2503 1917 2506 .

284 2531 440 2585 (Hand,
471 2532 545 2573 VII
577 2532 683 2587 sap.)
730 2546 857 2586 germ.
881 2534 951 2574 41.

197 2603 234 2643 8.
284 2602 387 2644 Erat
427 2603 594 2656 quidam
634 2602 866 2658 Imperator
907 2604 977 2658 qui
1016 2617 1091 2659 pro
1131 2603 1221 2657 Iege
1261 2605 1408 2646 statuit
1445 2603 1680 2658 quicunque
1718 2604 1855 2647 vellet.

284 2673 474 2726 (Abibas,
505 2673 564 2724 5.)
610 2673 681 2714 lat.
709 2674 774 2714 17.

227 2775 234 2783 .
284 2742 458 2792 Quidam
508 2743 588 2784 fuit
632 2744 676 2784 in
724 2744 902 2797 quadam
943 2745 1042 2787 villa
1081 2746 1150 2799 qui
1191 2745 1364 2799 singulis
1405 2745 1562 2787 diebus.
1627 2745 1857 2800 (Drachen-

285 2813 508 2866 schwanz.)
553 2813 624 2855 lat.
653 2816 672 2855 1
682 2815 746 2854 14.

283 2883 387 2924 Erat
410 2885 576 2938 quidam
599 2884 831 2939 Imperator
853 2886 921 2940 qui
944 2885 1089 2928 habuit
1111 2886 1318 2941 quoddam
1341 2899 1499 2928 nemuS.
1538 2886 1716 2941 (Nackte
1731 2887 1856 2941 jung-

284 2953 463 2995 frauen.)
510 2955 581 2996 lat.
610 2955 704 2996 115.
