1949 3162
939 62 1024 103 702

141 168 295 210 Edissa
327 169 471 208 civitas
503 167 622 208 habet
649 169 875 223 imaqinem
906 165 1060 208 Christi
1088 166 1301 208 mirabilia
1320 167 1550 222 facientem
1587 176 1681 210 teste
1716 167 1820 212 Ger-

227 240 342 278 vasio
379 236 471 277 154.

140 309 353 350 Elementa
385 308 461 348 celi
489 307 834 363 improperabunt
857 307 1145 363 peccatoribus
1182 309 1228 348 in
1262 310 1328 349 die
1348 309 1507 362 judicii
1537 310 1586 350 de
1618 310 1819 363 omnibus,

229 393 305 433 que
336 380 392 419 eis
424 380 762 419 ministraverunt
792 378 848 419 20
880 379 936 418 ad
967 378 1144 432 lonqum.

141 449 420 491 Elemosinam
451 451 536 490 viri
566 450 828 490 ecclesiastici
858 450 959 489 dare
990 457 1175 490 tenentur
1210 449 1303 490 169.

140 520 375 576 Epistolam
411 521 610 575 puerulus
646 522 842 561 innocens
881 527 993 560 stans
1032 534 1155 575 super
1193 527 1360 575 portam
1398 521 1574 561 civitatis
1615 528 1651 561 et
1689 521 1822 576 leyens

229 591 332 645 quid
362 590 592 632 continebat
627 590 721 631 154.

140 661 342 716 Equester
369 663 529 716 peritus
562 669 599 703 et
626 663 811 717 pedester
842 661 956 702 miles
998 662 1169 716 quidam
1205 662 1262 702 ad
1292 662 1452 702 curiam
1481 663 1590 716 reqis
1630 662 1823 703 accedens

230 734 313 773 tria
343 746 477 772 secum
509 734 739 788 composuit
772 732 866 772 124.

140 803 308 858 Equum
339 803 383 843 in
413 804 483 843 via
514 805 699 844 amittere
732 804 835 858 quid
864 805 918 844 sit
950 801 1018 843 65.

141 874 287 929 Equus
317 888 392 929 per
414 873 628 915 Albertum
660 874 861 915 illustrem
893 874 1075 914 lucratus
1107 889 1132 914 a
1164 873 1291 914 milite
1322 872 1586 914 subterraneo
1617 873 1824 916 mirabilis

219 945 314 999 fuit
348 943 443 984 155.

141 1016 288 1070 Equus
320 1015 462 1055 militis
484 1015 777 1070 triumplumtis
810 1023 865 1056 est
887 1030 1036 1070 corpus
1059 1013 1211 1055 Christi
1230 1016 1274 1055 in
1296 1017 1428 1056 crucis
1445 1016 1673 1070 pendentis.
1714 1014 1821 1056 Ibid.

142 1087 337 1127 Eraclius
367 1088 556 1141 reqnavit
587 1087 661 1140 qui
680 1086 938 1139 justissimus
971 1094 1005 1127 et
1036 1087 1279 1141 equissimus
1301 1086 1434 1139 judea·
1453 1086 1548 1140 fuit
1566 1087 1612 1126 in
1635 1085 1822 1127 omnibus

227 1172 301 1197 nec
329 1157 520 1212 precibus
551 1172 624 1197 nec
653 1157 892 1198 muneribus
924 1173 949 1197 a
970 1157 1146 1210 justicia
1164 1157 1281 1210 flecti
1304 1158 1445 1212 potuit
1480 1157 1574 1197 140.

141 1228 364 1269 Errantem
392 1235 513 1282 pater
544 1228 698 1268 celestis
730 1229 786 1268 ad
819 1230 1090 1283 penitentiam
1122 1230 1196 1283 pie
1225 1235 1388 1268 revocat
1418 1235 1455 1268 et
1486 1228 1688 1282 quomodo
1710 1227 1826 1282 facit

229 1299 303 1340 hoc
335 1298 373 1338 9.

142 1369 385 1423 Eufemiani
421 1383 593 1424 reqnum
631 1370 705 1423 qui
729 1369 823 1423 fuit
860 1377 980 1424 pater
1018 1371 1151 1410 sancti
1182 1369 1331 1410 Alexii.
1396 1368 1496 1410 Cum
1535 1370 1709 1411 historia
1746 1371 1826 1410 vite

232 1440 409 1494 ejusdem
444 1440 508 1480 16.

142 1511 345 1553 Eusebius
388 1513 432 1552 in
464 1512 640 1551 cronicis
671 1518 820 1551 narrat
851 1511 899 1551 de
931 1511 1112 1565 quodam
1141 1512 1390 1566 imperatore
1422 1513 1496 1566 qui
1523 1510 1710 1552 omnibus
1742 1519 1827 1552 tam

232 1582 426 1623 divitibus
460 1596 585 1637 quam
611 1581 871 1636 pauperibus
903 1582 1124 1622 secundum
1145 1584 1292 1623 merita
1312 1583 1376 1623 vel
1396 1583 1593 1624 demerita
1617 1583 1827 1638 premium

230 1653 294 1694 vel
322 1668 473 1708 penam
502 1652 740 1708 imponebat
774 1652 869 1692 137.

145 1724 414 1766 Examinatio
458 1725 618 1765 testium
665 1723 826 1764 diaboli
862 1724 936 1777 qui
973 1730 1069 1764 sunt
1109 1723 1306 1779 superbia
1347 1726 1446 1776 vite,
1495 1724 1827 1780 concupiscentia

233 1797 371 1836 carnis
403 1803 439 1836 et
470 1795 800 1850 concupiscentia
832 1794 1044 1835 oculorum
1079 1794 1173 1835 128.

146 1866 336 1907 Exilium
356 1866 444 1919 filii
475 1866 690 1906 Medronis
721 1866 830 1920 reqis
861 1867 906 1905 in
937 1865 1131 1906 honorem
1162 1873 1452 1907 commutatum
1483 1873 1541 1907 est
1574 1864 1669 1906 138.

146 1936 235 1977 FF
241 1937 284 1977 F
309 1938 354 1978 in
386 1938 576 1978 columna
608 1937 710 1991 quid
740 1936 969 1992 siqnificent
998 1935 1068 1976 42.

146 2007 305 2048 Fabius
335 2009 556 2048 secundum
587 2008 741 2049 dictum
780 2007 938 2048 Valerii
968 2007 1251 2048 Romanorum
1282 2008 1467 2062 captivos
1497 2007 1725 2047 redemerat
1751 2020 1829 2061 per

232 2080 483 2134 promissam
514 2078 595 2119 sibi
618 2080 855 2134 pecuniam,
891 2079 993 2132 quid
1023 2079 1061 2118 ei
1091 2079 1287 2119 acciderit
1315 2079 1407 2118 vide
1439 2077 1507 2118 52.

146 2149 276 2191 Falco
307 2151 354 2190 in
383 2151 548 2205 partica
570 2151 781 2190 dominum
803 2164 922 2189 suum
953 2163 1070 2203 quem
1099 2150 1221 2203 prius
1254 2150 1404 2204 optime
1426 2149 1616 2204 coqnovit
1634 2149 1829 2204 impetere

235 2221 364 2262 voluit
395 2220 449 2261 59
483 2222 529 2261 in
549 2221 647 2273 fine.

147 2291 277 2333 Falco
311 2292 418 2333 bona
449 2291 697 2346 temporalia
728 2292 939 2349 siqnificat
970 2290 1037 2331 90.

149 2361 376 2403 Familiam
404 2370 590 2403 nostram
619 2361 983 2417 imprecationibus
1015 2361 1192 2416 dyabolo
1216 2361 1500 2402 commendare
1519 2375 1602 2401 non
1625 2359 1827 2412 debemus,

238 2434 350 2488 quod
377 2433 771 2488 periculosissimum
803 2441 879 2485 est,
923 2433 1105 2487 eaeemplo
1138 2431 1352 2485 cujusdam
1383 2431 1565 2487 ayricole
1597 2432 1672 2486 qui
1689 2430 1830 2484 filiam

237 2519 355 2545 suam
386 2504 551 2545 diabolo
593 2505 890 2545 commendavit
927 2511 963 2544 et
998 2504 1137 2544 statim
1173 2517 1302 2558 usque
1333 2503 1390 2543 ad
1419 2503 1676 2558 septennium
1703 2508 1830 2556 rapta

239 2584 296 2616 est
327 2583 363 2616 et
391 2576 438 2615 in
467 2574 672 2616 montibus
705 2575 877 2615 educata
911 2573 1005 2615 162.

151 2645 310 2686 Fidelis
340 2647 532 2687 amicicia
570 2646 747 2686 duorum
785 2645 961 2686 militum
998 2645 1121 2685 unius
1160 2644 1209 2685 de
1239 2644 1405 2699 qupto
1445 2643 1615 2684 alterius
1646 2643 1695 2683 de
1724 2641 1830 2683 Bal·-

239 2717 345 2757 dach
378 2716 472 2756 171.

152 2786 268 2828 Filia
296 2788 405 2842 reqis
436 2788 562 2827 unica
586 2801 666 2843 per
698 2786 856 2841 lepram
885 2786 1040 2840 infecta
1072 2785 1274 2840 quomodo
1308 2791 1478 2826 curatur
1508 2783 1576 2825 94.

153 2856 262 2898 Filie
297 2859 406 2912 reyis
443 2873 529 2898 una
567 2857 853 2912 pulcherrima
890 2865 926 2899 et
963 2855 1149 2898 omnibus
1194 2870 1407 2906 amorosa,
1455 2854 1588 2897 altera
1631 2854 1756 2908 niqra
1794 2859 1830 2893 et

241 2927 427 2969 omnibus
461 2929 605 2969 odiosa
637 2927 704 2968 77.
