1949 3162
1001 62 1088 103 542

189 171 307 210 navit
346 177 382 209 et
422 183 552 209 cornu
590 168 827 223 Anylorum
864 170 955 222 repsi
992 167 1172 208 Hinrico
1211 169 1427 208 vetustiori
1465 169 1657 221 donavit,
1696 183 1747 210 ne
1784 170 1893 214 tanti

192 241 380 280 criminis
399 238 556 292 fautor
575 238 718 292 fuisse
750 246 992 279 censeretur.

309 308 547 359 Carissimi,
587 323 826 349 nemorosus
866 309 996 349 saltus
1035 322 1208 362 reqnum
1248 307 1427 347 celorum
1467 316 1524 348 est
1555 316 1592 349 et
1621 308 1890 349 monticulum

189 379 390 418 mun-dum
431 379 539 420 hunc
578 393 661 419 esse
698 380 990 433 intelliyimus,
1033 380 1232 433 quoniam
1271 379 1315 418 in
1349 379 1502 419 mundo
1535 386 1631 419 teste
1663 378 1892 419 Psalmista

118 457 140 490 5
189 449 358 503 reptilia
390 457 497 500 sunt,
534 464 711 503 quorum
742 465 825 490 non
859 457 917 490 est
946 463 1153 489 numerus.
1213 448 1392 489 Venator
1423 456 1481 489 est
1512 449 1647 500 liomo,
1683 450 1758 503 qui
1789 463 1890 503 quo-

189 520 290 560 tidie
319 521 365 559 in
395 519 470 559 lioc
503 521 654 560 mundo
686 528 874 571 venatur,
911 527 946 559 et
977 520 1154 573 sinyulis
1188 520 1349 559 dierum
1381 519 1568 558 cursibus
1590 533 1717 559 unam
1739 519 1891 559 dietam

189 590 246 630 ad
275 597 446 630 mortem
476 592 711 630 venandam
742 598 918 631 montem
950 591 1074 630 istum
1106 590 1301 629 ascendit.
1354 588 1440 630 Sed
1471 604 1562 629 cum
1591 590 1638 629 in
1661 591 1743 630 ista
1766 604 1890 630 vena-

189 662 297 701 tione
327 661 390 700 nil
419 662 505 700 nisi
533 661 703 715 reptilia
734 660 1023 702 tribulacionis
1057 667 1093 699 et
1123 660 1327 699 animalia
1362 659 1566 699 diabolice
1591 660 1891 714 deceptacionis

187 732 363 781 ini-enit,
407 738 493 771 estu
530 732 667 771 divini
697 732 865 771 ardoris
899 738 936 770 et
966 731 1038 770 siti
1067 731 1418 770 remuneracionis
1452 731 1508 770 ad
1540 745 1671 770 cornu
1703 730 1783 771 olei
1811 731 1890 770 mi-

121 807 163 841 10
188 802 512 841 sericwdiarum
549 803 737 853 accedat,
783 802 895 856 quod
926 802 975 841 de
994 800 1119 854 fonte
1150 815 1221 840 sue
1253 800 1518 855 beniynitatis
1552 800 1740 841 omnibus
1773 801 1890 855 efflu-

189 880 300 912 enter
331 871 477 912 tribuit
508 880 544 913 et
573 888 656 912 non
689 874 961 927 improperat.
1012 871 1097 911 Per
1129 885 1257 911 cornu
1279 871 1420 923 filium
1453 872 1521 911 dei
1541 873 1783 926 accipimus,
1819 872 1894 926 qui

186 950 328 982 nectar
357 943 468 982 illud
497 943 681 983 salutare
713 944 954 983 suavissimi
983 943 1148 996 saporis
1181 943 1225 981 in
1258 956 1336 981 ara
1369 943 1502 981 crucis
1536 955 1585 981 ea·
1610 943 1696 982 suis
1718 943 1891 982 sanctis-

187 1014 302 1052 simis
332 1013 585 1065 vulneribus,
621 1013 772 1054 celebri
803 1014 927 1064 cultu,
961 1013 1077 1052 vultu
1108 1012 1250 1063 hilari,
1285 1011 1477 1052 manibus
1511 1012 1711 1052 latissime
1733 1027 1891 1067 eaepan-

187 1084 244 1123 sis
273 1098 351 1137 pro
384 1085 663 1138 redemptione
695 1085 818 1124 totius
850 1084 1026 1123 humani
1051 1083 1216 1137 9eneris
1249 1082 1421 1137 larqiter
1447 1084 1705 1137 propinavit.
1754 1081 1893 1123 Cornu

119 1161 162 1194 15
187 1155 300 1193 istud
338 1155 570 1208 preciosum
613 1169 717 1194 auro
759 1161 816 1194 est
856 1161 1069 1204 ornatum,
1120 1154 1288 1207 quando
1328 1167 1479 1207 corpus
1519 1154 1628 1194 illud
1662 1154 1894 1209 qloriosum

188 1224 409 1264 salvatoris
456 1226 593 1265 nostri
639 1226 814 1265 diversis
863 1232 1160 1265 tormentorum
1199 1223 1420 1277 suppliciis
1469 1239 1518 1264 ac
1549 1224 1893 1278 flaqellacionum

187 1294 426 1335 vul-neribus
468 1310 584 1335 roseo
625 1297 830 1349 sanquine
864 1311 891 1335 a
919 1295 1072 1349 planta
1101 1296 1221 1348 pedis
1253 1308 1382 1348 usque
1415 1294 1472 1334 ad
1502 1296 1694 1335 verticem
1726 1295 1890 1349 capitis,

196 1364 325 1405 Ysaia
372 1373 468 1405 teste
505 1373 563 1405 est
604 1366 875 1419 transfusum.
935 1363 1073 1405 Cornu
1111 1373 1169 1405 est
1206 1366 1378 1419 yemmis
1420 1366 1678 1417 decoratum,
1723 1365 1892 1419 quando

190 1443 316 1489 caput
344 1435 454 1475 illud
482 1436 716 1490 ylariosum
748 1437 969 1490 spinarum
1003 1436 1203 1476 densitate
1223 1435 1380 1488 fixuris
1413 1437 1685 1476 atrocissimis
1717 1443 1775 1476 est
1790 1449 1893 1490 per-

119 1514 164 1547 20
177 1505 385 1559 foratum.
439 1506 520 1546 Iste
544 1508 754 1561 pincerna
786 1507 860 1546 dat
890 1505 1010 1546 nobis
1041 1507 1349 1560 manuteryium
1381 1506 1653 1560 confessionis
1685 1513 1722 1546 et
1750 1505 1893 1546 indul-

187 1578 341 1631 ¹qencie,
378 1591 458 1631 quo
492 1578 670 1617 crimina
700 1584 845 1617 nostra
878 1576 1184 1631 abstergsasmu&
1218 1591 1348 1631 quare
1378 1576 1460 1616 sibi
1490 1591 1564 1616 vas
1585 1577 1785 1617 mundum
1807 1578 1834 1617 i.
1860 1591 1890 1617 e.

190 1661 261 1687 cor
292 1649 513 1687 contritum
546 1655 582 1687 et
611 1647 878 1688 humiliatum
910 1661 958 1686 ac
990 1663 1016 1687 a
1045 1648 1227 1701 peccatis
1242 1655 1475 1702 puryatum
1496 1648 1667 1688 reddere
1688 1647 1892 1699 debemus,

191 1725 228 1758 et
261 1732 345 1772 pro
391 1718 542 1772 poculo
583 1719 828 1758 suavissimo
865 1719 1027 1772 9raffias
1066 1719 1337 1772 sempiternas
1376 1733 1508 1773 ayere.
1575 1719 1698 1768 Quod
1734 1720 1772 1759 si
1809 1733 1894 1759 non

178 1788 408 1842 fecerimus
436 1788 571 1841 judea·
611 1790 801 1829 vivorum
842 1796 878 1828 et
915 1797 1173 1829 mortuorum
1214 1804 1342 1829 cornu
1379 1805 1406 1829 a
1435 1789 1555 1829 nobis
1588 1790 1722 1844 ea’iyet
1751 1790 1797 1829 in
1828 1789 1895 1829 die

121 1866 166 1900 25
192 1867 366 1899 eatreme
396 1859 587 1910 ulcionis,
623 1867 661 1900 et
680 1861 724 1899 in
747 1859 1033 1913 confusionem
1053 1867 1240 1900 nostram
1272 1861 1428 1900 cunctis
1458 1859 1692 1900 videntibus
1715 1859 1895 1900 ostendet

192 1937 230 1970 et
257 1931 304 1970 in
327 1929 521 1984 patibulo
552 1930 759 1983 infernali
775 1938 978 1985 perpetuo
1003 1932 1252 1971 cruciandos
1273 1931 1504 1985 suspendet.
1554 1931 1595 1970 A
1619 1944 1699 1984 quo
1721 1944 1796 1970 nos
1820 1937 1890 1970 etc.

929 2169 1032 2210 CAP.
1061 2171 1156 2211 162.

652 2256 727 2300 De
765 2256 976 2300 cavendis
1012 2255 1432 2314 imprecacionibus.

313 2363 417 2403 Rem
448 2378 599 2404 novam
630 2370 753 2417 atque
783 2364 997 2404 insolitam
1028 2365 1100 2404 sed
1130 2364 1292 2404 salubri
1312 2365 1484 2405 consilio
1505 2364 1675 2419 plenam
1696 2371 1733 2404 et
1753 2371 1891 2404 caute-

123 2440 169 2474 30
195 2433 278 2472 lam
316 2434 494 2474 incautis
523 2434 702 2487 facilem
734 2441 990 2488 prestantem
1028 2442 1177 2475 narrat
1217 2433 1443 2477 Gervasius
1481 2434 1797 2490 Tilleberyensis
1836 2435 1893 2475 ad
1948 2484 1949 2489 ¹

197 2503 386 2544 Ottonem
427 2504 714 2544 Romanorum
759 2506 1072 2558 imperatorem,
1122 2505 1235 2559 quod
1282 2506 1328 2546 in
1366 2504 1603 2546 Catlzilonia
1650 2506 1895 2560 episcopatu

197 2572 462 2615 Gerundensi
499 2582 558 2614 est
596 2576 768 2628 quidam
804 2589 922 2615 mons
960 2575 1139 2615 excelsus
1170 2576 1312 2624 valde5
1352 2575 1475 2628 liujus
1515 2575 1693 2615 ambitus
1733 2575 1891 2616 arduus

194 2652 253 2684 est
284 2653 320 2685 et
348 2659 427 2698 pro
458 2652 579 2699 parte
609 2644 907 2685 inaccessibilis
939 2646 996 2685 ad
1026 2661 1238 2686 ascensum
1248 2662 1260 2695 ,·
1292 2648 1337 2686 in
1372 2643 1490 2698 [136]
1523 2645 1638 2698 cujus
1659 2647 1893 2686 summitate

195 2714 307 2754 locus
339 2723 397 2755 est
427 2730 581 2769 aquam
613 2717 824 2755 continens
855 2716 1099 2771 subniyram
1132 2724 1168 2756 et
1191 2718 1235 2756 in
1251 2716 1470 2771 profundo
1492 2715 1888 2770 inperserutabilem.

124 2791 169 2825 35
196 2784 291 2824 Illic
320 2787 480 2825 mansio
501 2785 649 2838 fertur
680 2800 763 2825 esse
794 2787 1012 2827 demonum
1043 2787 1099 2827 ad
1129 2787 1297 2826 modum
1323 2787 1486 2841 palacii
1505 2786 1682 2826 dilatata
1704 2794 1742 2826 et
1751 2786 1891 2838 janua

195 2854 361 2904 clausa5
380 2855 521 2908 jacies
554 2864 690 2896 tamen
719 2857 854 2910 ipsius
885 2858 1115 2897 mansionis
1146 2858 1252 2897 sicut
1270 2858 1460 2912 ipsorum
1482 2857 1700 2896 demonum
1719 2856 1892 2910 vulqare

196 2932 255 2964 est
291 2927 505 2980 incoynita
544 2934 580 2966 et
616 2926 852 2966 invisibilis.
910 2927 963 2967 In
995 2927 1130 2967 lacum
1161 2929 1199 2967 si
1230 2929 1324 2980 quis
1355 2927 1544 2980 aliquam
1576 2926 1788 2981 lapideam
1819 2933 1892 2966 aut
