1919 3157
871 89 949 131 521

65 198 251 253 juravit,
298 213 428 253 neque
470 197 642 238 barbam
681 211 810 252 neque
848 197 1023 252 capillos
1061 211 1134 237 nec
1171 197 1349 250 unsyulas
1387 204 1623 247 tonsarum,
1669 196 1755 236 nisi

71 272 196 325 prius
222 269 361 322 filiam
397 285 512 309 suam
551 270 726 309 dedisset
763 270 804 309 in
836 269 1156 309 matrimonium.
1208 267 1264 308 At
1294 269 1361 308 illi
1390 275 1608 323 stupentes,
1642 268 1754 321 quod

76 348 158 381 tam
188 342 374 395 gyrat-iter
393 341 634 393 jurae-erat,
674 356 765 380 cum
798 355 948 395 magma
979 340 1195 394 dili-(sentia
1225 340 1470 380 educaturos
1500 354 1540 379 se
1567 338 1754 394 puellam

75 414 386 468 reprom-ittunt5
420 412 701 467 Appollonius
731 419 863 451 autem
892 426 1038 451 navem
1066 411 1249 451 ascendit
1280 419 1316 451 et
1343 412 1399 451 ad
1421 411 1669 465 lonqinquas
1690 424 1753 450 re-

73 485 217 538 ⁸qiones
247 483 483 538 nia-viqabat.
536 482 698 523 Interea
722 483 865 538 puella
894 481 1073 522 Tharsia
1104 482 1267 536 eaepleta
1297 483 1575 536 quinquennis
1606 481 1754 522 studiis
1801 488 1823 523 5

78 554 316 595 liberalibus
355 556 538 595 traditur
576 570 659 594 una
697 569 787 594 cum
819 553 1081 594 Philomaeia
1110 552 1208 605 filia
1247 567 1387 593 eorum
1428 560 1619 593 coetanea
1655 567 1753 601 sua,-

77 640 248 681 eumque
298 627 355 666 ad
401 635 479 664 XIV
522 640 652 666 annos
699 627 972 680 pervenisset,
1024 639 1187 665 reversa
1239 624 1287 664 de
1338 625 1548 664 auditorio
1598 625 1756 664 invenit

74 698 277 738 nutricem
321 712 440 737 suam
476 696 717 752 Liaoddem
761 696 1018 737 subitaneam
1061 696 1379 736 invalitudinem
1422 697 1671 746 incurrisse,
1719 702 1756 735 et

77 768 219 809 sedens
255 768 382 821 juxta
426 783 515 808 eam
562 783 708 809 causas
744 768 998 820 infirmitatis
1037 767 1237 822 emplorat.
1300 766 1378 808 Cui
1411 768 1577 808 nutriam·
1625 767 1752 818 Audi,

77 838 185 880 bona
205 839 317 891 filia,
348 839 473 880 «cerba
504 855 593 879 mea
624 847 660 880 et
685 841 732 880 in
760 840 881 879 corde
911 847 979 879 tuo
1012 853 1186 879 reserva.
1224 837 1354 890 Quem
1376 846 1504 894 putas
1530 846 1571 878 tu
1588 845 1756 893 patrem
1781 843 1825 878 10

77 918 149 951 aut
188 918 360 951 matrem
399 912 464 952 vel
496 911 715 966 patriam?
765 910 841 951 Ait
874 911 1040 966 puella:
1083 909 1277 950 Patriam
1320 909 1546 962 Tliarsum,
1589 917 1756 964 patrem

80 981 450 1037 Stranquilionem,
482 990 653 1022 matrem
673 981 989 1037 Dyonisiadem.
1031 981 1190 1021 Nutria·
1220 982 1420 1036 inqemuit
1444 989 1480 1022 et
1500 983 1581 1022 ait:
1621 980 1753 1032 Audi,

66 1053 185 1106 filia,
231 1055 431 1108 oriyinem
474 1053 677 1094 natalium
719 1061 904 1105 tuorum,
952 1061 996 1093 ut
1033 1054 1161 1104 scias,
1212 1053 1415 1107 quomodo
1450 1061 1550 1108 post
1586 1059 1757 1093 mortem

76 1139 208 1166 meam
248 1139 369 1180 ayere
405 1124 575 1165 debeas!
622 1125 700 1165 Est
736 1124 813 1165 tibi
844 1133 969 1180 pater
1005 1125 1169 1165 nomine
1206 1123 1512 1179 Appollonius,
1553 1131 1591 1164 et
1626 1130 1757 1164 mater

76 1195 241 1237 Lucina
272 1196 506 1237 Altistratis
542 1198 651 1251 reyis
679 1197 787 1249 filia.
840 1195 927 1248 Que
965 1211 1057 1237 cum
1095 1203 1130 1236 te
1162 1203 1353 1250 pareret,
1396 1197 1534 1236 statim
1559 1195 1757 1250 preclusa
1782 1197 1825 1233 15

77 1269 228 1323 spiritu
262 1276 425 1309 mortua
457 1276 523 1309 est.
575 1267 710 1320 Quam
736 1275 861 1323 pater
890 1275 983 1308 tuus
1014 1266 1299 1323 Appollonius
1331 1266 1466 1321 effecto
1500 1266 1631 1307 loculo
1665 1281 1757 1306 cum

78 1341 329 1380 ornamentis
374 1339 584 1395 reyalibus
629 1342 675 1380 in
720 1354 834 1380 mare
879 1341 1011 1391 misit,
1060 1347 1097 1379 et
1135 1348 1198 1377 XX
1232 1339 1439 1379 sistercias
1485 1339 1583 1379 auri
1611 1339 1758 1393 posuit

77 1410 151 1452 sub
184 1419 323 1467 caput,
357 1419 395 1452 et
424 1410 657 1466 ubicunque
688 1418 788 1451 esset
818 1411 1022 1462 devoluta,
1055 1410 1124 1451 ille
1153 1411 1199 1450 in
1231 1410 1436 1451 auxilium
1457 1410 1543 1463 ejus
1556 1409 1754 1464 fuissent.

77 1482 213 1524 Navis
253 1497 415 1538 quoque
453 1482 702 1523 luctantibus
737 1483 867 1523 ventis
905 1497 996 1522 cum
1028 1489 1152 1537 patre
1188 1489 1256 1522 tuo
1290 1482 1448 1537 luqente
1480 1489 1517 1522 et
1546 1488 1582 1522 te
1611 1482 1658 1522 in
1689 1496 1759 1521 cu-

75 1553 242 1594 nabulis
267 1555 411 1609 posita
436 1555 626 1609 peri-enit
648 1555 705 1594 ad
726 1553 832 1594 lianc
853 1555 1066 1594 civitatem.
1114 1552 1212 1593 Hiis
1235 1567 1331 1607 erqo
1353 1552 1584 1608 hospitibus
1607 1551 1759 1594 Stran-
1783 1559 1828 1593 20

73 1625 257 1681 qzti'li'oni
285 1633 322 1666 et
341 1625 607 1681 Dyonisiade
634 1641 719 1665 una
742 1640 897 1665 mecum
918 1633 953 1665 te
975 1625 1274 1665 commendavit
1299 1623 1437 1679 Tyrus
1460 1623 1757 1680 Appollonius,

76 1705 293 1752 votumque
317 1696 447 1750 fecit,
490 1711 563 1737 nec
603 1696 776 1737 barbam
806 1711 878 1736 nec
918 1696 1093 1751 capillos
1131 1710 1204 1736 nec
1235 1710 1392 1751 unques
1432 1703 1637 1747 tonsuros,
1675 1695 1762 1735 nisi

70 1769 195 1824 prius
227 1775 263 1809 te
292 1769 446 1823 nuptui
475 1768 664 1808 traderet.
713 1767 839 1808 Nunc
869 1775 1005 1808 autem
1035 1782 1199 1819 moneo,
1237 1769 1276 1807 si
1299 1775 1398 1823 post
1428 1774 1598 1808 mortem
1626 1781 1759 1807 meam

75 1839 255 1895 hospites
264 1872 275 1892 ,
310 1854 412 1894 quos
438 1847 635 1894 parentes
665 1839 877 1895 appellas,
914 1839 1117 1893 injuriam
1147 1839 1377 1893 aliquando
1410 1838 1487 1879 tibi
1503 1838 1622 1892 forte
1641 1837 1758 1892 fece-

74 1912 181 1963 rint,
222 1912 393 1952 ascende
431 1912 476 1951 in
502 1910 654 1964 forum
691 1917 727 1951 et
768 1909 829 1951 ibi
863 1911 1046 1951 invenies
1084 1918 1264 1951 statuam
1295 1911 1436 1965 patris
1474 1911 1538 1950 tui
1571 1917 1754 1950 stantem.
1782 1913 1828 1949 25

77 1982 355 2039 Apprehende
375 1982 493 2023 illam
515 1989 551 2022 et
571 1981 725 2022 clama:
758 1981 875 2023 Filia
896 1981 982 2035 ejus
1003 1996 1106 2033 sum,
1139 1981 1254 2035 cujus
1276 1990 1334 2023 est
1354 1982 1423 2022 lzec
1444 1981 1606 2022 statua!
1643 1978 1758 2021 Cives

75 2069 170 2096 vero
201 2068 397 2095 memores
429 2052 715 2104 beneficiorum
740 2054 880 2108 patris
912 2054 975 2093 tui
999 2053 1202 2106 injuriam
1223 2061 1338 2094 tuam
1357 2052 1636 2094 vindicabunt.
1682 2049 1760 2092 Cui

81 2125 284 2167 Tharsia:
326 2123 436 2166 Cara
465 2126 631 2176 nutrix,
665 2125 786 2165 deum
816 2132 960 2176 testor,
993 2125 1032 2164 si
1062 2125 1142 2165 ista
1172 2125 1276 2165 milii
1304 2140 1387 2166 non
1419 2125 1616 2176 dixisses,
1649 2123 1758 2163 unde

76 2212 202 2238 essem
226 2198 396 2252 penitus
426 2197 634 2236 nescirem.
681 2195 738 2236 Et
768 2211 860 2236 cum
887 2196 1119 2236 adinvicem
1148 2196 1426 2251 loquerentur,
1459 2196 1603 2236 nutriat
1625 2195 1759 2235 emisit

76 2270 281 2324 spiritum.
347 2266 529 2308 Tharsia
571 2281 667 2308 vero
707 2282 857 2323 corpus
892 2268 1068 2307 nutricis
1107 2282 1178 2308 sue
1216 2268 1404 2323 sepelivit
1440 2275 1477 2308 et
1508 2281 1591 2322 per
1630 2273 1758 2307 totum
1781 2270 1827 2305 30

76 2355 232 2381 annum
271 2339 357 2392 ejus
396 2346 566 2379 mortem
604 2338 777 2394 luyebat.
832 2339 936 2379 Post
970 2353 1065 2379 vero
1103 2339 1242 2379 induit
1271 2340 1461 2395 priorem
1498 2338 1754 2393 diynitatem,

70 2412 195 2467 petiit
228 2410 361 2451 scolas
397 2410 454 2450 ad
488 2410 628 2450 studia
663 2409 875 2461 liberalia,
917 2417 954 2450 et
984 2410 1082 2450 dum
1118 2411 1167 2450 de
1201 2410 1323 2451 scolis
1353 2415 1634 2460 reverteretur,
1672 2422 1758 2448 non

71 2483 196 2539 prius
235 2481 371 2522 cibum
407 2482 668 2536 sumpsisset,
716 2489 938 2536 antequam
977 2482 1152 2521 nutricis
1190 2488 1496 2522 monumentum
1535 2481 1753 2520 introisset.

77 2552 232 2594 Ferens
267 2553 496 2608 ampullam
528 2553 616 2592 vini
642 2551 954 2607 inqrediebatur
984 2559 1021 2592 et
1049 2551 1111 2592 ibi
1139 2567 1309 2593 ‘manens
1335 2559 1530 2607 parentes
1561 2565 1656 2592 suos
1685 2564 1757 2591 vo-

77 2623 207 2665 cabat.
260 2623 318 2664 Et
348 2624 447 2664 dum
477 2623 547 2664 hec
578 2630 820 2678 ayerentur,
863 2623 1045 2677 quadam
1076 2624 1143 2664 die
1173 2623 1446 2665 Dionisiades
1479 2619 1631 2675 [125b]
1665 2636 1758 2662 cum
1781 2626 1826 2661 35

67 2695 165 2748 filia
194 2710 272 2735 sua
294 2694 557 2736 Pliilomacia
589 2693 794 2734 transibat
818 2708 900 2749 per
918 2694 1081 2748 forum.
1141 2693 1330 2735 Videntes
1362 2708 1498 2735 omnes
1530 2694 1635 2733 cives
1665 2706 1757 2748 spe-

78 2767 180 2806 ciem
205 2764 379 2806 Tliarsie
400 2773 437 2806 et
458 2772 744 2806 ornamentum
767 2765 981 2805 dixerunt:
1014 2763 1057 2805 F
1055 2765 1136 2805 elia:
1151 2773 1290 2820 pater,
1324 2764 1439 2818 cujus
1457 2763 1555 2817 filia
1577 2762 1758 2804 Tharsia

78 2837 158 2878 est!
203 2835 288 2877 Illa
324 2851 418 2878 vero
457 2844 494 2877 et
530 2850 607 2891 que
644 2835 812 2877 adheret
848 2837 887 2877 ei
916 2837 1052 2891 turpis
1084 2844 1142 2877 est
1172 2843 1209 2877 et
1239 2837 1423 2877 dedecus.
1472 2835 1757 2890 Dyonisiades

43 2965 47 2968 .
78 2915 123 2948 ut
161 2908 323 2948 audivit
354 2906 577 2949 learsiam
614 2907 786 2947 laudari
815 2914 852 2948 et
870 2907 1010 2959 filiam
1041 2922 1160 2948 suam
1189 2908 1443 2963 vituperari,
1485 2920 1682 2947 conversa
1710 2907 1758 2947 in

77 2978 288 3019 insaniam
315 2977 487 3032 suroris
527 2978 618 3019 sola
657 2978 800 3020 sedens
840 2993 976 3021 secum
1012 2979 1228 3035 coyitavit:
1270 2978 1400 3020 Pater
1439 2977 1546 3032 ejus,
1585 2991 1634 3019 ex
1675 2991 1755 3032 quo
1779 2983 1826 3018 40
