1949 3162
145 796 189 830 10

144 1154 186 1188 15

141 1512 186 1546 20

1017 45 1101 87 362

216 151 424 193 transibis.
474 151 588 194 Fecit
620 165 709 193 eum
746 153 908 205 egregie
942 151 1148 194 verberari
1182 156 1223 194 et
1253 155 1396 207 postea
1429 151 1592 207 expelli.
1626 151 1698 194 Ille
1720 165 1815 194 vero
1838 153 1896 194 sic

216 221 447 275 flagellatus
480 227 521 264 et
552 223 748 278 expulsus
780 223 893 265 flevit
925 237 1066 265 amare
1098 227 1138 265 et
1179 224 1256 264 ait:
1305 222 1337 265 Ο
1379 223 1477 264 (18118
1516 236 1646 277 meus,
1685 223 1782 278 quid
1821 223 1897 266 hoo

216 307 304 335 esse
334 294 500 348 poterit,
540 294 647 348 quod
679 295 812 347 miles,
853 308 974 348 quem
1016 294 1066 335 ad
1107 294 1301 336 miliciam
1340 294 1542 348 promovi,
1581 294 1774 336 noticiam
1815 294 1897 336 mei

214 378 295 406 non
329 365 464 417 habet,
498 370 538 407 et
568 378 660 407 cum
694 366 769 407 1188
800 366 982 418 graviter
1014 378 1079 407 me
1109 364 1343 418 flagellavit.
1392 364 1600 418 Cogitavit
1628 368 1763 406 autem
1788 364 1897 420 apud

215 450 277 477 se:
312 435 444 490 Prope
477 440 539 478 est
571 437 735 491 quidam
769 437 851 478 dux
885 436 1144 478 consiliarius
1177 450 1306 489 meus,
1342 437 1391 478 ad
1425 450 1516 478 eum
1554 449 1723 491 pergam
1756 439 1797 478 et
1825 448 1897 478 ne-

214 507 447 549 cessitatem
482 509 517 549 ei
551 508 778 560 ostendam,
811 521 885 562 per
918 521 1037 562 quem
1072 512 1213 562 potero
1245 508 1358 549 indui
1385 511 1426 549 et
1454 507 1504 548 ad
1526 507 1730 562 palacium
1760 520 1896 549 meum

214 579 378 620 reverti.
425 578 526 620 Cum
550 593 645 620 vero
670 579 719 619 ad
735 579 906 632 januam
933 579 1047 620 ducis
1077 579 1269 631 venisset,
1301 578 1493 633 pulsavit.
1541 577 1705 620 Janitor
1727 578 1897 620 audiens

214 649 496 704 pulsacionem
523 650 694 703 januam
729 650 906 704 aperuit,
940 654 980 692 et
1011 664 1102 691 cum
1136 650 1344 691 hominem
1374 650 1527 691 nudum
1552 649 1735 702 vidisset,
1767 648 1898 691 admi-

214 720 385 762 rabatur
417 725 457 762 et
489 721 644 774 ajebat:
685 721 921 774 Carissime,
956 721 1088 775 qualis
1122 734 1163 762 es
1196 725 1254 774 tu,
1288 725 1329 763 et
1361 734 1486 776 quare
1519 721 1578 762 sic
1609 720 1792 762 totaliter
1822 733 1898 762 nu-

215 792 290 833 dus
332 792 508 834 venisti?
555 792 610 833 Et
647 792 735 833 ille:
777 793 864 846 Ego
905 807 994 834 sum
1028 793 1268 847 imperator,
1309 806 1332 833 a
1371 805 1467 834 casu
1506 805 1654 845 equum
1694 795 1736 834 et
1775 791 1898 833 vesti-

215 866 354 904 menta
387 863 563 918 perdidi,
605 868 645 904 et
684 864 775 905 ideo
815 864 865 905 ad
905 864 1046 905 ducem
1089 864 1196 916 veni,
1237 867 1282 904 ut
1314 863 1438 904 michi
1470 863 1513 904 in
1545 863 1621 905 hac
1652 862 1897 905 necessitate

215 938 441 976 succurrat.
478 934 569 975 [deo
603 938 642 976 te
674 949 787 988 rogo,
820 940 865 976 ut
896 935 1109 988 negocium
1144 948 1281 977 meum
1314 948 1450 976 coram
1474 934 1639 976 domino
1662 938 1732 976 tuo
1753 934 1896 975 facias.

216 1003 306 1059 [45]
338 1004 503 1047 Janitor
535 1019 626 1047 cum
661 1006 785 1047 verba
817 1007 903 1060 ejus
936 1006 1120 1048 audisset
1149 1006 1446 1059 admirabatur,
1487 1005 1624 1047 aulam
1655 1006 1828 1047 intravit
1859 1009 1900 1047 et

215 1077 381 1118 domino
415 1090 488 1118 suo
521 1078 660 1118 omnia
691 1078 845 1119 retulit.
894 1078 967 1120 Ait
1005 1078 1107 1119 dux:
1158 1078 1458 1119 Introducatur.
1507 1076 1609 1118 Cum
1641 1076 1899 1119 introductus

214 1148 361 1189 fuisset
391 1148 528 1190 nullus
560 1149 754 1190 noticiam
790 1149 876 1202 ejus
908 1149 1099 1202 habebat,
1133 1153 1173 1191 et
1203 1149 1287 1190 dux
1319 1148 1370 1189 ad
1400 1148 1537 1190 illum:
1579 1147 1719 1198 Qualis
1751 1161 1794 1190 es
1825 1147 1899 1189 tu?

213 1218 269 1261 Et
299 1219 388 1261 ille:
432 1219 662 1274 Imperator
692 1233 781 1261 sum
816 1233 903 1273 eg0,
945 1224 984 1261 et
1021 1224 1061 1262 te
1103 1220 1152 1262 ad
1194 1219 1365 1261 divicias
1407 1223 1446 1261 et
1487 1219 1662 1262 honores
1695 1219 1898 1275 promovi,

217 1291 379 1345 quando
420 1295 460 1332 te
500 1291 643 1333 ducem
685 1292 761 1333 feci
803 1296 843 1333 et
881 1291 1161 1333 consiliarium
1201 1305 1337 1333 meum
1370 1294 1411 1332 te
1443 1291 1650 1333 constitui.
1689 1291 1763 1332 Ait
1793 1290 1896 1332 dux:

214 1361 361 1404 Insane
393 1363 538 1404 11118811
572 1363 758 1417 perrrexi
790 1376 934 1418 parum
970 1367 1065 1405 ante
1097 1376 1189 1404 cum
1221 1362 1387 1404 domino
1417 1376 1507 1404 meo
1536 1363 1786 1418 imperatore
1806 1375 1897 1404 ver-

213 1447 282 1475 sus
315 1433 535 1489 palacium,
578 1438 617 1475 et
654 1447 844 1475 reversus
877 1448 980 1488 sum,
1023 1439 1063 1476 et
1101 1435 1198 1488 quia
1234 1433 1358 1476 talem
1398 1434 1594 1476 honorem
1635 1433 1710 1476 tibi
1746 1446 1897 1489 appro-

212 1505 380 1560 priasti,
421 1506 590 1560 impune
628 1519 711 1546 non
749 1506 960 1547 transibis.
1011 1505 1197 1548 Confecit
1229 1520 1320 1547 eum
1355 1506 1397 1547 in
1430 1518 1636 1547 carcerem
1668 1504 1823 1547 includi
1854 1507 1896 1546 et

212 1590 319 1632 pane
352 1581 392 1618 et
424 1590 530 1631 aqua
562 1578 799 1618 sustentari.
848 1577 1008 1619 Deinde
1048 1591 1097 1619 ex
1130 1591 1293 1619 carcere
1326 1577 1510 1619 extraxit
1541 1580 1581 1619 et
1612 1577 1774 1630 egregie
1806 1589 1897 1619 ver—

212 1648 347 1690 berari
387 1652 428 1690 et
467 1662 490 1690 a
532 1652 618 1691 tota
656 1653 768 1690 terra
818 1653 912 1703 post
950 1649 1026 1690 hoc
1068 1649 1160 1702 ejici
1196 1647 1339 1702 [fecit].
1390 1648 1462 1690 Ille
1500 1649 1558 1690 818
1597 1649 1749 1703 ejectus
1789 1647 1897 1690 ultra

212 1733 335 1775 quam
376 1720 488 1761 credi
529 1721 683 1775 poterit
721 1721 878 1773 gemuit
916 1724 957 1762 et
994 1721 1175 1775 suspiria
1214 1720 1430 1762 emittebat
1466 1723 1506 1761 et
1543 1720 1654 1761 intra
1694 1733 1737 1762 se
1769 1719 1895 1761 dixit:

212 1791 300 1833 Heu
334 1792 472 1845 michi,
505 1792 602 1846 quid
633 1792 796 1844 faciam,
831 1792 926 1845 quia
956 1792 1089 1833 factus
1123 1805 1212 1833 sum
1236 1791 1502 1846 obprobrium
1535 1791 1719 1833 omnium
1754 1795 1795 1833 et
1826 1790 1896 1833 ab·

141 1870 185 1904 25
205 1863 331 1917 jectio
367 1863 523 1918 plebis?
570 1862 717 1904 Melius
751 1867 814 1905 est
843 1862 968 1904 michi
1001 1863 1052 1904 ad
1085 1863 1288 1918 palacium
1323 1876 1459 1904 meum
1483 1875 1654 1917 pergere
1682 1866 1723 1904 et
1743 1862 1826 1904 mei
1847 1861 1896 1903 de

140 2227 185 2260 30

141 2581 185 2615 35

212 1934 370 1990 palacio
411 1947 502 1975 meo
541 1934 734 1976 noticiam
776 1934 1004 1985 habebunt3
1046 1934 1192 1976 saltem
1225 1934 1260 1975 si
1299 1947 1394 1987 11811,
1435 1947 1539 1975 uxor
1577 1947 1670 1976 mea
1699 1933 1895 1975 noticiam

211 2019 345 2047 meam
389 2005 557 2047 habebit
595 2019 668 2060 per
706 2010 818 2047 certa
857 2006 986 2058 signa.
1037 2005 1156 2047 Solus
1198 2005 1249 2047 ad
1289 2005 1493 2060 palacium
1527 2005 1712 2058 accessit,
1753 2004 1804 2047 ad
1830 2005 1896 2059 ja-

211 2090 335 2117 nuam
370 2076 562 2130 pulsavit,
603 2077 745 2118 audita
776 2077 1014 2132 pulsacione
1040 2077 1198 2130 janitor
1223 2077 1394 2130 januam
1429 2077 1610 2131 aperuit3
1650 2090 1770 2131 quem
1802 2089 1894 2118 cum

212 2148 395 2208 vidisset,
430 2147 555 2189 dixit:
596 2148 673 2189 Dic
704 2148 843 2201 michi,
884 2149 1016 2203 qualis
1051 2162 1093 2190 es
1126 2149 1196 2190 tu?
1242 2147 1298 2189 Et
1328 2147 1417 2189 ille:
1457 2147 1586 2189 Miror
1624 2148 1674 2189 de
1705 2151 1760 2201 te,
1799 2147 1896 2202 quia

212 2233 293 2261 non
315 2220 467 2261 novisti
490 2233 568 2271 me,
602 2220 699 2273 quia
728 2233 801 2275 per
823 2223 884 2261 tot
905 2224 1093 2274 tempora
1115 2232 1274 2261 mecum
1298 2219 1425 2260 fuisti.
1474 2218 1551 2268 Qui
1575 2219 1652 2261 ait:
1685 2218 1893 2270 Mentiris3

211 2304 301 2333 cum
336 2291 502 2332 domino
534 2291 785 2346 imperatore
821 2291 890 2332 (1111
923 2291 1031 2332 81811.
1077 2291 1134 2332 Ε1
1164 2291 1251 2332 1118;
1293 2290 1382 2344 Ego
1415 2304 1502 2331 sum
1538 2290 1620 2344 ille,
1654 2294 1695 2332 et
1715 2290 1748 2332 si
1775 2290 1895 2332 dictis

211 2375 292 2404 non
332 2362 479 2415 credis,
511 2376 609 2415 rogo
649 2366 689 2404 te
722 2362 786 2403 (181
827 2375 979 2415 amore,
1021 2366 1066 2404 ut
1107 2362 1157 2404 ad
1196 2362 1502 2417 imperatricem
1543 2361 1711 2404 accedas
1751 2364 1792 2403 et
1820 2374 1895 2416 per

210 2434 291 2475 ista
323 2434 441 2486 signa
472 2433 544 2474 illa
575 2434 699 2475 michi
731 2438 865 2475 vestes
898 2434 1134 2488 imperiales
1168 2447 1241 2489 per
1262 2439 1302 2475 te
1330 2433 1481 2486 mittet,
1513 2433 1610 2487 quia
1638 2446 1662 2474 a
1682 2445 1780 2475 casu
1800 2445 1894 2488 per-

212 2504 296 2546 didi
329 2505 486 2555 omnia3
519 2504 601 2545 ista
632 2505 763 2558 signa,
797 2517 874 2558 que
909 2518 982 2560 per
1013 2508 1053 2546 te
1086 2505 1122 2546 ei
1156 2505 1288 2557 mitto,
1321 2504 1457 2546 nullus
1480 2504 1560 2546 nisi
1581 2517 1656 2545 nos
1678 2504 1758 2546 duo
1778 2503 1896 2545 novit

212 2575 287 2617 sub
320 2575 418 2617 celo.
468 2575 542 2616 Ait
575 2576 751 2629 janitor:
793 2576 884 2618 Non
925 2576 1081 2629 dubito,
1122 2577 1219 2630 quin
1259 2576 1429 2618 insanus
1470 2576 1539 2629 sis,
1581 2575 1676 2630 quia
1701 2575 1790 2629 Jam
1823 2571 1906 2617 do-‘

213 2647 347 2688 minus
370 2660 485 2688 meus
508 2647 732 2702 imperator
755 2647 795 2688 in
818 2661 962 2689 mensa
984 2648 1099 2690 sedet
1121 2652 1162 2690 et
1175 2648 1299 2701 juxta
1320 2660 1410 2689 eum
1434 2647 1697 2702 imperatrixg
1731 2660 1894 2689 verum-

211 2722 349 2759 tamen
391 2731 441 2759 ex
483 2731 561 2772 quo
605 2718 706 2759 (licis
747 2722 787 2760 te
828 2719 1121 2774 imperatorem
1165 2733 1266 2772 esse,
1305 2718 1562 2774 imperatrici
1599 2718 1814 2772 intimabo,
1854 2721 1895 2760 et

212 2794 346 2830 certus
379 2803 468 2830 sum
503 2789 611 2843 quod
642 2790 823 2842 graviter
856 2791 1052 2844 punieris.
1099 2790 1264 2832 Janitor
1296 2790 1347 2832 ad
1382 2790 1686 2845 imperatricem
1711 2790 1895 2845 perrexit

214 2863 254 2900 et
293 2860 431 2901 omnia
473 2861 614 2902 audita
656 2861 692 2902 ei
731 2861 951 2903 intimavit.
999 2861 1074 2903 Illa
1112 2875 1193 2903 non
1226 2861 1433 2903 modicum
1465 2861 1708 2903 contristata
1739 2861 1788 2903 ad
1822 2861 1894 2902 do-

212 2931 368 2972 minum
409 2945 527 2974 suum
569 2945 766 2973 conversa
805 2936 868 2974 est
909 2937 948 2974 et
987 2934 1062 2975 ait:
1103 2933 1135 2974 O
1175 2933 1339 2974 domine
1376 2933 1447 2986 mi,
1487 2933 1627 2975 audite
1663 2932 1891 2975 mirabilia!
