1919 3157
818 70 903 110 445

26 171 122 224 tibi3
156 185 228 226 ego
250 185 339 214 sum
363 171 563 219 Christus.
597 186 715 227 quem
739 178 782 215 tu
805 174 1040 227 ignoranter
1071 174 1189 226 colis;
1223 175 1441 218 elemosine
1463 182 1530 219 tue
1553 191 1689 219 coram

26 255 91 284 me
123 242 405 295 ascenderunt,
438 247 478 285 et
509 243 559 285 ob
592 243 665 285 1100
698 245 803 296 veni,
837 250 881 286 ut
912 258 985 300 per
1015 245 1119 287 1111110
1152 259 1329 297 cervum,
1363 261 1481 301 quern
1515 249 1689 301 venaris,

25 325 99 366 ego
131 326 289 368 quoque
321 314 408 369 ipse
432 327 601 356 venarer
632 319 682 356 te.
731 315 813 356 Alii
836 320 971 357 tamen
1006 316 1159 369 dicunt,
1193 317 1299 371 quod
1322 318 1410 372 ipsa
1433 319 1580 372 imago,
1614 333 1689 373 que

23 383 131 426 inter
161 397 313 426 cornua
333 385 442 427 cervi
475 386 680 440 apparuit,
714 386 785 428 1160
819 386 941 428 verba
971 386 1152 441 protulit.
1202 387 1285 428 lloc
1309 388 1477 430 audiens
1501 389 1689 432 Placidus

23 455 146 497 nimis
176 459 330 498 terrore
362 461 573 510 correptus
605 461 686 507 est,
724 457 772 498 de
805 471 906 511 equo
939 458 979 498 111
1012 462 1162 499 terram
1196 459 1342 500 cecidit
1373 463 1412 500 et
1444 466 1536 514 post
1568 475 1687 502 unam

23 524 163 567 horam
198 526 248 568 ad
281 540 323 568 se
357 526 517 568 rediens
550 527 598 568 de
631 531 740 568 terra
772 528 951 569 surrexit
982 532 1022 570 et
1053 529 1127 570 ait:
1162 528 1310 571 Revela
1342 530 1478 583 michi,
1513 532 1607 585 quid
1632 532 1689 573 lo-

24 597 174 651 queris,
207 597 266 639 sic
297 597 458 639 credam
493 597 532 638 in
565 602 616 639 te.
666 597 718 639 Et
740 599 797 639 ait
819 598 1021 640 Christus:
1056 598 1142 652 Ego
1165 614 1254 641 sum
1278 600 1477 653 Christus,
1512 601 1688 656 Placide,

23 667 91 722 qui
123 667 254 709 celum
287 671 327 710 et
358 671 508 710 terram
543 669 692 721 creavi,
726 670 794 723 qui
826 669 954 711 lucem
989 670 1087 711 oriri
1119 670 1195 712 feci
1228 676 1266 712 et
1299 685 1321 712 a
1341 672 1521 713 tenebris
1554 673 1687 726 divisi,

23 738 92 792 qui
129 743 334 793 tempora,
374 738 460 780 dies
501 743 540 780 et
581 753 708 781 annos
748 741 960 793 constitui,
1001 741 1068 795 qui
1109 740 1312 783 hominem
1357 741 1405 783 de
1444 742 1540 783 limo
1580 747 1689 786 terre

21 808 216 861 formavi,
258 809 327 863 qui
368 814 535 864 propter
567 810 738 852 salutem
774 811 938 853 humani
971 813 1131 864 generis
1164 812 1205 853 in
1237 813 1357 854 terris
1390 813 1430 854 111
1464 826 1585 855 carne
1618 828 1687 869 ap·
1717 823 1759 858 10

21 879 161 934 parui,
202 880 270 934 qui
310 880 527 922 crucifixus
569 885 608 923 et
639 881 822 936 sepultus
862 883 989 925 tercia
1021 883 1085 925 die
1124 884 1341 925 resurrexi.
1401 885 1583 926 Audiens
1616 884 1689 927 hec

21 948 210 992 Placidus
242 950 388 992 iterum
422 951 462 992 in
496 956 645 993 terram
680 953 826 994 cecidit
858 957 897 995 et
930 954 1005 995 ait:
1039 953 1184 1007 Credo,
1217 954 1393 1008 domine,
1428 955 1534 1009 quod
1565 959 1610 997 tu
1633 969 1687 1009 es,

21 1021 89 1076 qui
123 1021 260 1063 omnia
291 1021 423 1063 fecisti
445 1026 485 1064 et
507 1023 574 1076 qui
598 1027 780 1065 errantes
812 1025 1028 1066 convertis.
1076 1025 1131 1066 Et
1161 1025 1338 1067 dixitad
1362 1040 1453 1068 eum
1477 1026 1687 1069 dominus:

22 1090 65 1134 Si
104 1091 255 1146 credis,
295 1092 396 1135 vade
436 1093 487 1134 ad
528 1093 763 1148 episcopum
805 1096 982 1138 civitatis
1022 1100 1061 1138 et
1098 1100 1137 1137 te
1179 1096 1381 1151 baptizari
1418 1097 1557 1138 facias.
1613 1097 1687 1139 Cui

19 1160 227 1205 Placidus:
267 1162 359 1216 Vis,
398 1163 580 1217 domine,
621 1169 665 1206 ut
703 1165 776 1207 hec
814 1166 955 1208 eadem
989 1167 1178 1209 nunciem
1212 1168 1328 1209 uxori
1361 1181 1475 1210 meae
1508 1173 1548 1210 et
1578 1168 1687 1222 filiis,
1715 1176 1757 1210 15

19 1237 65 1275 ut
95 1238 136 1276 et
166 1234 243 1289 ipsi
267 1234 421 1289 pariter
443 1235 483 1276 in
506 1239 546 1277 te
578 1235 773 1278 credant?
812 1236 887 1279 Cui
919 1238 1126 1280 dominus:
1160 1238 1319 1281 Nuncia
1349 1238 1446 1292 illis,
1480 1243 1525 1281 ut
1547 1244 1587 1282 et
1607 1240 1687 1295 ipsi

19 1304 175 1360 pariter
205 1308 339 1347 tecum
371 1306 637 1353 mundentur:
671 1310 714 1348 tu
747 1321 905 1362 quoque
937 1308 1001 1351 die
1033 1310 1212 1351 crastina
1242 1309 1319 1351 huc
1350 1310 1504 1362 venias,
1538 1315 1582 1352 ut
1612 1311 1687 1353 tibi

18 1388 181 1418 rursum
213 1389 435 1431 appaream
469 1381 527 1430 61,
571 1390 647 1431 que
687 1378 823 1420 futura
855 1385 971 1433 sunt,
1010 1380 1169 1435 plenius
1210 1381 1400 1435 pandam.
1456 1380 1558 1423 Cum
1591 1395 1686 1435 ergo

18 1443 208 1489 Placidus
239 1446 348 1488 domi
382 1447 559 1489 venisset
592 1453 632 1490 et
661 1448 734 1490 hec
767 1450 884 1491 uxori
915 1451 956 1492 in
979 1451 1082 1493 lecto
1115 1452 1408 1505 renunciasset,
1442 1452 1687 1494 exclamavit

17 1528 122 1558 uxor
154 1517 260 1571 ejus,
299 1517 456 1560 dicens:
498 1518 673 1561 Domine
710 1520 786 1573 mi,
827 1524 867 1562 61
903 1535 975 1575 ego
1009 1522 1089 1564 alia
1120 1526 1238 1565 nocte
1269 1526 1478 1564 transacta
1510 1523 1593 1564 vidi
1625 1523 1686 1565 di·
1710 1531 1755 1565 20

17 1591 174 1629 centem
215 1587 357 1631 michi:
397 1588 496 1631 Cras
535 1593 579 1631 tu
621 1594 661 1632 et
698 1591 760 1632 vir
797 1596 890 1633 tuus
929 1596 969 1634 et
1005 1592 1078 1634 filii
1117 1594 1176 1634 tui
1215 1593 1265 1635 ad
1297 1607 1363 1635 me
1394 1593 1579 1636 venietis.
1630 1594 1685 1637 Et

17 1670 125 1700 nunc
154 1660 339 1713 cognovi,
371 1659 478 1714 quod
510 1660 597 1715 ipse
629 1665 691 1702 est
721 1660 920 1704 Christus.
969 1662 1242 1706 Pei-rexerunt
1273 1677 1368 1717 ergo
1400 1664 1536 1706 media
1566 1670 1684 1707 nocte

17 1728 68 1771 ad
101 1729 336 1785 episcopum
370 1731 549 1773 civitatis
581 1731 720 1785 Rome,
758 1734 826 1787 qui
859 1747 926 1775 eos
959 1747 1048 1776 cum
1081 1735 1228 1788 gaudio
1262 1748 1409 1788 magno
1442 1735 1682 1791 baptizavit,

16 1803 57 1842 et
93 1799 304 1843 Placidum
346 1802 507 1844 vocavit
536 1801 824 1857 Eustachium,
865 1818 1031 1846 uxorem
1067 1805 1348 1860 Theosbitam,
1391 1810 1430 1848 et
1460 1807 1564 1849 filios
1598 1808 1683 1862 ejus

16 1869 280 1914 Theosbitum
322 1876 362 1914 et
398 1873 636 1928 Agapitum.
697 1872 785 1928 [90]
827 1874 946 1918 Mane
984 1876 1091 1918 facto
1129 1876 1396 1931 EustachiuS,
1443 1878 1548 1920 sicut
1589 1891 1683 1920 con·
1708 1884 1752 1918 25

15 1947 217 1996 sueverat,
249 1943 300 1985 ad
322 1944 583 1986 venacionem
616 1946 817 1999 processit
847 1950 887 1988 et
916 1960 1045 2002 prope
1066 1947 1199 1989 locum
1226 1948 1392 1990 veniens
1415 1948 1565 1991 milites
1588 1962 1682 1991 suos

16 2013 133 2068 quasi
163 2013 237 2056 sub
259 2013 428 2056 obtentu
460 2015 741 2069 investigande
773 2017 1007 2059 venacionis
1039 2018 1253 2074 dispersit3
1287 2019 1508 2073 statimque
1530 2020 1572 2061 in
1593 2019 1681 2062 loco

0 2082 186 2126 ‘formam
218 2084 351 2140 prime
381 2084 551 2127 visionis
583 2087 757 2142 aspexit,
794 2087 1024 2142 cadensque
1054 2090 1096 2131 in
1127 2093 1281 2132 terram
1311 2090 1354 2131 in
1386 2090 1531 2133 faciem
1565 2105 1679 2133 suam

13 2152 137 2197 dixit:
171 2154 366 2211 Supplico
396 2155 471 2198 tibi
501 2156 677 2211 domine,
709 2161 755 2200 ut
785 2159 1036 2213 manifestes,
1069 2173 1146 2215 que
1178 2160 1426 2215 promiseras
1454 2175 1571 2204 servo
1594 2166 1677 2204 tuo.

15 2223 90 2267 Cui
120 2224 329 2268 dominus:
363 2226 512 2268 Beatus
544 2241 600 2281 es,
631 2227 841 2282 Eustachi,
874 2230 943 2284 qui
971 2231 1166 2286 accepisti
1187 2230 1394 2273 lavacrum
1417 2233 1554 2286 gracie
1576 2247 1679 2287 mee,
1705 2238 1750 2272 30

15 2296 83 2351 qui
105 2296 382 2339 medidianum
404 2299 622 2353 superasti,
655 2302 695 2341 et
716 2300 834 2341 modo
858 2313 964 2354 eum,
997 2301 1066 2355 qui
1088 2305 1127 2343 te
1150 2301 1380 2357 deceperat,
1412 2303 1677 2356 conculcasti3

14 2366 134 2409 modo
167 2367 382 2423 apparebit
411 2368 511 2411 fides
543 2373 632 2421 tua3
666 2369 850 2412 diabolus
883 2371 1004 2425 enim,
1038 2385 1084 2414 60
1117 2372 1223 2426 quod
1251 2373 1386 2428 ipsum
1410 2374 1678 2430 dereliquisti,

14 2441 156 2480 contra
200 2442 241 2480 16
286 2452 380 2482 seve
426 2443 466 2482 et
511 2440 638 2481 variis
685 2441 815 2483 modis
863 2446 1063 2495 armatur;
1121 2447 1283 2498 oportet
1322 2444 1428 2486 enim
1470 2450 1510 2487 te
1549 2445 1679 2488 multa

14 2508 234 2563 sustinere,
266 2513 312 2551 ut
341 2510 518 2566 accipias
548 2523 739 2553 coronam
771 2512 960 2565 victorie3
998 2517 1160 2569 oportet
1190 2517 1230 2556 te
1261 2515 1390 2557 multa
1422 2517 1520 2570 pati,
1552 2520 1598 2558 ut
1627 2516 1677 2559 de

15 2577 98 2621 alta
135 2579 260 2622 seculi
298 2581 479 2623 vanitate
519 2581 745 2624 humilieris
784 2588 824 2624 et
855 2597 995 2626 rursus
1026 2584 1068 2626 in
1100 2585 1382 2640 spiritualibus
1414 2586 1574 2628 diviciis
1607 2600 1677 2629 ex·
1701 2592 1746 2627 35

15 2647 174 2703 alteri83
206 2653 251 2692 tu
281 2664 376 2705 ergo
407 2665 458 2694 ne
489 2651 652 2694 deficias
683 2665 758 2695 nec
789 2653 840 2695 ad
871 2654 1042 2708 gloriam
1075 2655 1291 2709 pristinam
1323 2657 1542 2712 respicias,
1581 2658 1677 2712 quia

13 2731 87 2775 per
115 2722 411 2777 temptaciones
443 2726 604 2778 oportet
634 2727 673 2765 te
696 2723 867 2766 alterum
890 2723 968 2766 Job
999 2725 1294 2778 demonstrari3
1326 2727 1398 2769 sed
1429 2740 1520 2769 cum
1544 2727 1675 2770 humi-

14 2787 135 2833 liatus
155 2791 295 2846 fueris,
325 2793 485 2835 veniam
509 2793 559 2836 ad
580 2798 634 2848 te,
657 2794 699 2835 in
721 2794 892 2847 gloriam
915 2795 1132 2850 pristinam
1156 2799 1197 2838 te
1221 2797 1456 2850 restituam3
1491 2798 1555 2840 dic
1580 2811 1675 2852 ergo

13 2861 150 2916 michi,
182 2863 216 2904 si
247 2864 540 2919 temptaciones
572 2864 691 2906 modo
725 2865 785 2906 vis
817 2866 1031 2919 sustinere,
1065 2870 1136 2908 aut
1164 2868 1206 2908 in
1228 2867 1307 2910 fine
1333 2869 1415 2910 vite
1437 2869 1532 2911 tue?
1565 2868 1677 2911 Dicit

15 2930 58 2991 ei·
80 2931 344 2976 Eustachius:
382 2934 571 2989 Domine,
603 2935 637 2977 si
669 2939 830 2991 oportet
860 2936 919 2978 ita
948 2936 1050 2991 fieri,
1082 2938 1202 2980 modo
1227 2938 1327 2993 jube
1358 2939 1674 2994 temptacionem
1699 2945 1746 2980 40

1716 470 1737 503 <5¹
