1919 3157
884 97 969 138 523

90 205 189 260 quia
230 204 408 244 mundus
450 219 537 244 sum
577 221 603 244 a
642 205 844 258 sanquine
879 202 1075 249 Thai-sie.-
1116 212 1151 244 et
1190 205 1380 257 requiras
1420 219 1445 243 a.
1478 202 1771 256 Dyonisiada!

92 275 288 330 Reme-rit
321 290 486 315 umorem
518 290 635 316 suam
674 283 709 315 et
748 277 828 315 ait:
873 274 1086 325 Quomodo
1118 274 1330 328 suffocasti
1348 274 1486 326 sillam
1517 275 1647 327 repis,
1685 274 1768 314 ini-

88 348 195 387 mica
227 348 295 387 dei
315 346 604 401 hominumque
637 346 929 401 obprobrium!
967 345 1048 386 Illa
1084 360 1174 385 cero
1207 346 1343 386 induit
1376 360 1416 385 sc
1437 353 1471 384 et
1492 345 1631 397 filiam
1652 359 1770 385 suam

89 417 280 473 luyubres
311 425 449 460 restes,
473 418 696 472 falsasque
728 417 922 458 lacrimas
933 417 1141 470 fuderunt
1167 431 1305 456 coram
1329 416 1498 467 civibus,
1535 412 1765 468 [dicentes.·]

1795 491 1816 525 0'!

88 486 202 530 Cives
235 490 462 539 carissimi,
507 489 595 528 ideo
629 490 684 528 ad
717 503 784 527 cos
817 489 1061 539 clamamus,
1104 489 1203 542 quia
1233 502 1324 542 spes
1357 488 1568 528 oculorum
1606 495 1768 527 nostro-

87 574 180 600 rum
223 557 425 605 Tharsia,
476 574 597 614 quam
641 561 819 610 ridistis,
864 558 996 599 subito
1043 559 1183 599 dolore
1230 558 1423 612 defuncta
1469 566 1526 599 cst
1572 566 1608 598 et
1652 557 1769 598 nobis

89 631 295 670 cruciatus
339 638 375 671 et
420 645 584 671 amaros
620 632 744 685 Jletus
788 630 987 684 ‘reliquit;
1035 644 1159 684 quam
1206 630 1329 684 (lique
1375 629 1541 684 selrweliri
1573 629 1766 683 fecimus.

93 700 210 742 Tunc
238 709 417 756 peryunt
447 703 551 742 cit-cs
584 701 656 742 ubi
681 702 912 756 Jiquratum
944 709 1031 741 erat
1063 715 1110 741 ων
1140 702 1377 755 promeritis
1416 702 1551 756 patris
1571 700 1768 754 fabrica-

88 780 173 814 tum
205 787 254 813 e.c
286 787 350 814 ere
381 787 544 828 corpus,
577 773 651 813 ubi
681 775 784 813 cives
813 771 985 812 Tharsie
1009 774 1164 827 cirqini
1190 787 1268 827 pro
1292 771 1491 824 beneficiis
1520 773 1656 826 patris
1685 771 1769 824 ejus

88 843 348 899 sepulchrum
380 858 427 884 ea·
459 859 524 884 erc
555 844 748 907 collarium
775 843 979 897 fecerunt.
1039 843 1172 899 Iyitur
1212 845 1287 899 qui
1321 843 1503 898 puellam
1541 850 1771 898 rapuerant
1796 847 1840 881 10

87 923 284 956 venerunt
314 916 370 956 ad
401 917 603 956 cii-itatem
636 915 954 963 Macleilentam5
995 916 1214 970 deponitur
1252 929 1346 970 erqo
1386 915 1462 954 illa
1501 915 1608 955 inter
1639 922 1770 954 cetera

87 987 299 1041 mancipia
330 986 497 1026 venalis.
533 986 720 1027 Audiens
753 1001 841 1026 eam
873 986 962 1026 leno
994 986 1321 1040 infaustissimus
1354 1000 1402 1026 ac
1434 987 1639 1040 impurus,
1673 999 1769 1025 con-

88 1057 250 1098 tendere
295 1058 422 1112 cepit,
471 1066 516 1098 ut
561 1071 649 1098 eam
697 1065 868 1107 emeret;
915 1058 987 1097 sed
1033 1057 1308 1112 Atlzana90ra
1351 1058 1546 1112 princeps
1593 1056 1771 1109 ejusdem

88 1129 266 1169 civitatis
311 1130 454 1169 videns
501 1143 589 1169 eam
626 1128 824 1179 nobilem,
868 1129 1111 1183 pulchram,
1161 1130 1405 1183 sapientem,
1456 1127 1600 1169 obtulit
1637 1128 1771 1168 decem

88 1201 296 1240 sistercias
328 1202 433 1241 auri.
483 1200 597 1241 Leno
630 1202 710 1241 ait:
751 1200 841 1254 Efso
875 1200 981 1240 dabo
1004 1209 1073 1240 XX.
1114 1199 1389 1255 ANzanaqora
1422 1201 1503 1240 ait:
1539 1199 1631 1254 Eyo
1664 1198 1770 1239 dabo
1797 1203 1840 1238 15

90 1280 190 1311 XXX.
240 1270 377 1318 Leno:
414 1271 506 1327 Eyo
539 1281 607 1312 XL.
649 1271 945 1326 Athanafsora:
981 1271 1073 1325 Eyo
1105 1280 1142 1311 L.
1187 1270 1325 1312 Leno:
1363 1280 1431 1310 LX.
1474 1270 1771 1325 Athanafsora:

89 1352 188 1382 LXX.
233 1341 368 1383 Leno:
409 1353 538 1384 LXXX.
589 1343 880 1398 Athenayora:
920 1351 986 1383 XC.
1035 1342 1172 1383 Leno:
1219 1351 1245 1382 C
1271 1343 1476 1382 sistercias
1516 1343 1562 1382 in
1586 1342 1775 1397 presenti

89 1412 207 1454 dabo.
248 1413 305 1454 Et
335 1415 416 1454 ait:
452 1413 504 1456 Si
535 1416 628 1469 quis
660 1415 840 1470 amplius
872 1423 903 1453 X
931 1415 1137 1454 sistercias
1169 1415 1279 1465 auri,
1314 1413 1420 1454 dabo
1454 1428 1594 1468 supra.
1636 1413 1770 1454 Atha-

87 1499 249 1540 nayora
280 1487 362 1526 ait:
402 1485 509 1540 qu,
543 1487 581 1526 si
611 1500 702 1525 cum
734 1486 875 1526 lenone
906 1486 1145 1526 contendere
1174 1485 1357 1536 voluero,
1390 1492 1436 1525 ut
1464 1500 1591 1526 unam
1623 1499 1768 1537 emam,

82 1555 228 1611 plures
266 1557 506 1597 venditurus
545 1572 634 1597 sum
644 1573 656 1606 ,-
698 1558 937 1612 permittam
977 1571 1066 1596 eum
1113 1571 1261 1608 emere,
1311 1564 1348 1597 et
1387 1571 1477 1596 cum
1510 1557 1773 1612 prostituerit
1796 1562 1841 1597 20

89 1641 191 1679 eam,
225 1627 407 1683 lupanar
436 1628 616 1680 intrabo,
648 1630 768 1683 prius
800 1628 856 1668 ad
885 1628 1017 1679 illam,
1058 1635 1094 1668 et
1124 1629 1302 1683 eripiam
1331 1628 1487 1667 nodum
1516 1629 1771 1683 vioyinitatis

88 1698 188 1752 ejus,
222 1706 259 1739 et
287 1700 365 1740 erit
394 1699 498 1740 mihi
526 1701 632 1740 sicut
662 1701 826 1740 emerim
847 1713 947 1739 eam.
986 1698 1098 1749 Quid
1115 1699 1270 1753 plura?
1302 1699 1495 1739 Perrexit
1515 1713 1606 1739 cum
1629 1699 1771 1740 lenone

86 1770 132 1810 in
163 1769 473 1822 salutatorium,
513 1769 587 1811 ubi
621 1770 765 1811 habuit
793 1770 1002 1826 Priapum
1033 1784 1203 1810 aureum
1242 1778 1279 1811 et
1311 1771 1482 1825 yemmis
1522 1770 1771 1811 adornatum

89 1848 127 1881 et
155 1842 234 1882 ait:
267 1840 432 1892 Puella,
466 1842 598 1882 adora
619 1843 767 1882 istum!
797 1841 873 1882 Ait
891 1842 989 1883 illa:
1021 1841 1252 1897 Nunquam
1285 1842 1364 1882 tale
1386 1843 1563 1882 adorem.
1603 1841 1660 1882 Et
1690 1843 1770 1883 ait:

88 1911 289 1964 Domine,
329 1914 535 1967 numquid
570 1912 831 1968 Lapsatenus
871 1927 910 1953 es
949 1913 1024 1954 tu?
1076 1913 1188 1954 Leno
1228 1914 1310 1953 ait:
1360 1912 1525 1964 Quare?2
1576 1913 1633 1954 Et
1672 1913 1768 1954 illa:
1795 1918 1840 1952 25

92 1983 201 2034 Quia
232 1982 466 2039 Lapsateni
494 1984 632 2024 colunt
662 1984 883 2040 Priapum.
938 1983 1050 2025 Leno
1083 1986 1162 2025 ait:
1204 1983 1349 2025 Nescis
1381 1991 1422 2024 tu
1463 1985 1635 2036 misera,
1670 1986 1771 2039 quia

89 2054 133 2094 in
172 2054 291 2094 domo
333 2055 490 2095 lenonis
531 2056 653 2095 avari
687 2055 930 2096 incurristi?
980 2055 1131 2096 Puella
1166 2063 1429 2110 prosternens
1467 2070 1508 2096 se
1548 2057 1605 2096 acl
1643 2056 1770 2111 pedes

89 2124 175 2178 ejus
206 2126 286 2166 ait:
331 2124 365 2167 Ο
398 2126 581 2178 domine,
620 2127 811 2167 miserere
841 2128 1077 2181 virfsinitati
1105 2141 1202 2179 mee,
1235 2141 1285 2167 ne
1309 2128 1542 2182 prostituas
1573 2127 1647 2167 hoc
1679 2141 1769 2168 cor-

83 2210 168 2251 pus
199 2211 283 2252 pro
316 2197 394 2237 tali
423 2199 539 2252 turpi
569 2198 711 2238 titulo!
761 2196 838 2238 Cui
875 2198 986 2238 leno:
1027 2197 1194 2250 Nescis,
1237 2200 1336 2253 quia
1374 2199 1490 2253 apud
1521 2198 1703 2239 lenonem
1735 2205 1772 2239 et

89 2274 280 2308 tortorem
311 2282 383 2308 nec
412 2283 552 2323 preces
581 2283 654 2309 nec
686 2269 855 2309 lacrime
883 2269 1046 2309 valent?
1082 2268 1237 2310 Tamen
1267 2270 1428 2310 vocavit
1447 2269 1631 2310 villicum
1646 2269 1768 2324 puel·
1794 2276 1840 2312 30

89 2338 225 2379 larum
263 2346 301 2379 et
337 2340 418 2379 ait:
466 2338 552 2380 Hec
589 2340 734 2394 puella
780 2348 948 2380 ornetur
991 2339 1168 2381 vestibus
1199 2340 1460 2395 puellaribus
1494 2342 1696 2396 preciosis
1735 2348 1771 2382 et

89 2408 295 2450 scribatur
326 2411 364 2450 ei
393 2410 556 2451 titulus:
598 2411 841 2466 Quicunque
877 2410 1098 2452 learsiam
1134 2411 1370 2463 violaverit,
1411 2412 1588 2452 mediam
1620 2411 1770 2452 libram

89 2480 227 2530 dabit3
262 2489 407 2536 postea
449 2482 505 2522 ad
541 2482 726 2536 sinyulos
771 2482 926 2522 solidos
958 2481 1125 2536 parebit
1156 2482 1328 2537 populo.
1392 2481 1561 2523 Villicus
1588 2482 1767 2537 fecerat,

91 2552 204 2606 quod
224 2551 390 2605 jussum
410 2552 570 2606 fuerat.
607 2551 706 2593 Cum
738 2554 879 2594 Zenone
910 2553 1164 2593 antecedente
1195 2553 1313 2594 turba
1351 2550 1452 2606 [126
1465 2551 1504 2606 b]
1546 2555 1672 2594 tercia
1703 2555 1770 2595 die

91 2637 182 2663 cum
213 2623 462 2678 symphonia
494 2624 657 2664 ducitur
688 2626 744 2665 ad
774 2625 969 2680 lupanar,
1003 2625 1074 2665 sed
1093 2624 1369 2680 Athanayora
1389 2626 1586 2679 princeps
1606 2626 1768 2680 primus
1793 2631 1838 2666 35

64 2686 323 2749 inqreditur
351 2695 483 2735 velato
516 2696 659 2749 capite.
700 2693 879 2736 Tharsia
908 2696 1051 2736 videns
1083 2709 1187 2747 eum,
1215 2695 1393 2751 projecit
1423 2709 1464 2736 se
1494 2696 1550 2735 acl
1574 2696 1702 2750 pedes
1733 2703 1770 2737 et

91 2765 175 2805 ait:
210 2764 408 2806 Miserere
436 2767 529 2817 mci,
564 2766 740 2817 domine,
769 2774 944 2821 propter
969 2767 1102 2818 deum,
1136 2774 1172 2807 et
1197 2781 1276 2822 per
1307 2767 1425 2806 deum
1457 2774 1492 2806 te
1523 2766 1686 2819 adjuro,
1717 2781 1769 2808 ne

89 2835 189 2876 velis
219 2850 282 2876 me
311 2837 496 2877 violare!
533 2836 691 2877 Resiste
723 2836 892 2877 libidini
921 2845 999 2888 tue,
1033 2845 1070 2878 et
1099 2838 1203 2878 audi
1232 2851 1350 2878 casus
1381 2836 1638 2890 infelicitatis
1667 2852 1766 2890 mee,

91 2913 128 2947 et
158 2907 359 2962 oriyinem
389 2908 498 2948 unde
527 2909 605 2948 sim
637 2907 854 2962 dilicsenter
885 2909 1111 2949 considera.
1166 2907 1243 2949 Cui
1280 2922 1370 2948 cum
1408 2909 1768 2960 unioersosvcasus

91 2991 186 3018 suos
218 2978 492 3032 exposuisset,
527 2979 726 3035 princeps
758 2978 953 3032 confusus
993 2987 1029 3020 et
1055 2981 1206 3034 pietate
1243 2980 1390 3035 plenus
1428 2981 1489 3020 ait
1525 2981 1582 3020 ei:
1623 2979 1766 3022 Habeo
1791 2987 1838 3024 40
