1919 3157
823 133 907 174 403

31 238 117 291 eJus
149 238 402 279 inveniretur
434 239 680 289 nutriretur,
720 243 760 280 et
792 238 841 279 ad
875 238 998 292 pedes
1031 246 1243 291 argentum
1278 252 1350 293 per
1381 239 1487 292 quod
1521 238 1699 280 studium

30 312 251 350 exerceret.
305 307 445 349 Abbas
492 322 582 349 cum
623 309 695 351 bec
741 308 906 361 legisset
952 313 991 358 et
1029 308 1273 350 cunabulum
1316 309 1462 362 pannis
1505 309 1700 363 preciosis

29 382 217 420 ornatum
252 378 434 423 vidisset.
468 379 670 421 intellexit
703 378 808 433 quod
842 388 942 431 puer
964 379 1012 420 de
1035 379 1160 421 nobili
1185 379 1383 432 sanguine
1406 384 1525 432 esset,
1560 379 1698 420 statim

29 462 121 491 eum
155 449 357 505 baptizari
388 449 482 490 fecit
517 454 557 491 et
587 451 622 491 ei
659 450 866 505 proprium
892 462 1038 490 nomen
1061 450 1268 504 imposuit,
1303 449 1458 491 scilicet
1480 449 1700 503 Gregorius

29 524 70 562 et
101 533 272 574 puerum
305 520 355 562 ad
388 520 650 562 nutriendum
685 522 751 562 uni
786 520 978 575 piscatori
1012 520 1195 572 tradidit,
1229 520 1329 561 dans
1353 521 1389 562 ei
1412 521 1571 575 pondus
1595 520 1702 574 quod

29 590 206 636 invenit:
239 604 342 646 puer
374 605 468 633 vero
500 591 709 633 crescebat
740 595 780 633 et
808 590 859 632 ab
882 591 1069 632 omnibus
1093 591 1279 644 dilectus,
1313 605 1522 645 quousque
1545 596 1701 646 septem

29 673 158 702 annos
196 661 237 702 in
271 667 420 704 etatem
462 663 762 717 complevisset.
812 661 952 703 Abbas
991 662 1130 703 statim
1171 662 1221 703 ad
1254 662 1434 703 studium
1469 675 1560 703 eum
1594 662 1702 703 ordi-

28 731 155 783 navit,
189 731 230 773 in
263 745 342 786 quo
374 733 478 774 miro
510 734 630 775 modo
663 733 854 788 profecit,
901 746 1042 774 omnes
1083 732 1269 774 monachi
1303 732 1459 774 cenobii
1493 737 1701 786 tamquam

29 815 146 843 suum
185 803 427 845 monachum
469 804 721 856 dilexerunt,
762 817 863 858 puer
896 816 990 844 vero
1031 803 1138 844 infra
1182 817 1312 858 pauca
1343 808 1532 858 tempora
1563 816 1703 845 omnes

28 873 71 915 in
102 874 279 916 sciencia
310 875 575 917 transcendit.
610 875 774 917 Accidit
814 875 989 928 quodam
1023 874 1108 926 die,
1151 879 1195 916 ut
1225 888 1315 915 cum
1349 874 1456 916 filins
1489 874 1704 930 piscatoris

28 957 119 986 cum
144 944 227 999 pila
251 946 427 1000 quadam
451 945 609 988 luderet
631 951 671 988 et
691 946 844 987 dictum
869 946 1112 1000 piscatorem
1139 950 1295 1000 patrem
1321 959 1437 987 suum
1463 959 1551 987 esse
1572 945 1703 987 credi-

27 1015 101 1068 dit,
119 1029 143 1056 a
163 1029 258 1058 casu
282 1015 408 1058 filium
436 1017 650 1072 piscatoris
674 1030 763 1058 cum
788 1016 872 1071 pila
892 1016 998 1068 lesit,
1022 1016 1090 1058 ille
1108 1016 1166 1057 sic
1184 1029 1402 1071 percussus
1422 1029 1560 1058 amare
1578 1015 1703 1068 flevit,

29 1086 140 1128 domi
174 1088 357 1142 perrexit
388 1092 427 1129 et
458 1088 581 1129 matri
613 1092 858 1141 conquestus
892 1091 954 1128 est
984 1086 1143 1129 dicens:
1176 1085 1396 1140 Gregorius
1428 1087 1556 1128 frater
1587 1100 1702 1129 meus

28 1171 94 1199 me
126 1159 342 1213 percussit.
391 1158 522 1200 Mater
554 1159 626 1201 hec
659 1159 827 1200 audiens
866 1158 975 1199 foras
1014 1158 1143 1199 exivit
1180 1163 1220 1200 et
1251 1158 1351 1200 dure
1383 1158 1582 1211 arguebat
1612 1171 1701 1200 eum

28 1228 186 1270 dicens:
220 1228 254 1271 Ο
287 1228 471 1283 Gregori,
504 1243 585 1284 qua
616 1229 787 1271 audacia
818 1228 944 1270 filium
979 1242 1114 1270 meum
1148 1229 1408 1284 percussisti,
1442 1241 1531 1270 cum
1566 1233 1703 1270 tamen

28 1299 161 1354 qualis
202 1313 244 1342 es
283 1305 324 1343 et
364 1301 470 1342 unde
508 1301 758 1354 ignoramus.
816 1300 889 1341 Ait
919 1299 1007 1342 ille:
1055 1299 1088 1341 O
1120 1304 1252 1342 mater
1284 1299 1535 1352 dulcissima,
1569 1313 1703 1341 nonne

26 1369 134 1412 filius
165 1374 259 1417 tuus
292 1384 382 1413 sum
415 1372 514 1425 ego?
560 1371 694 1421 Quare
726 1370 826 1412 talia
858 1370 982 1412 michi
1013 1370 1297 1426 improperas?
1344 1370 1430 1420 Que
1462 1370 1539 1412 ait:
1574 1369 1703 1412 Filius

26 1455 143 1485 meus
182 1455 262 1484 non
302 1456 344 1484 es
385 1446 426 1484 et
463 1443 571 1484 unde
610 1443 666 1484 sis
706 1442 870 1496 ignoro,
912 1441 983 1484 sed
1014 1455 1140 1483 unum
1174 1442 1278 1495 scio,
1312 1441 1419 1495 quod
1451 1442 1492 1483 in
1526 1441 1702 1496 quodam

27 1512 135 1554 dolio
166 1513 357 1555 inventus
388 1513 521 1565 fuisti3
563 1513 689 1556 abbas
721 1517 760 1555 te
793 1512 917 1554 michi
956 1513 1007 1554 ad
1037 1512 1301 1555 nutriendum
1335 1512 1458 1554 dedit.
1507 1512 1578 1555 Ille
1611 1526 1702 1555 cum

27 1583 101 1626 hec
132 1584 325 1638 audisset,
356 1584 470 1627 flevit
501 1599 652 1637 amare,
687 1584 736 1625 ad
770 1583 958 1626 abbatem
991 1584 1175 1639 perrexit
1206 1587 1246 1625 et
1278 1583 1354 1624 ait:
1388 1583 1421 1626 O
1444 1583 1609 1625 domine
1631 1583 1701 1636 mi,

27 1655 97 1696 diu
127 1654 337 1697 vobiscum
370 1656 479 1709 steti,
512 1655 725 1698 credebam
760 1668 826 1696 me
857 1654 986 1696 filium
1019 1654 1236 1709 piscatoris
1268 1654 1414 1705 fuisse3
1447 1667 1538 1696 cum
1565 1658 1702 1696 tamen

26 1740 107 1768 non
140 1740 256 1780 sum,
297 1731 338 1769 et
367 1727 458 1769 ideo
492 1730 682 1782 parentes
713 1739 826 1768 meos
866 1725 1030 1779 ignoro,
1063 1726 1097 1767 si
1130 1725 1284 1781 placet,
1326 1739 1390 1767 me
1423 1725 1474 1767 ad
1505 1724 1700 1766 miliciam

27 1811 292 1853 promoveas,
332 1798 429 1853 quia
466 1798 531 1840 hic
569 1797 744 1852 amplius
784 1809 863 1837 non
905 1796 1090 1838 manebo.
1138 1796 1212 1838 Ait
1253 1796 1397 1838 abbas:
1451 1795 1484 1838 O
1516 1795 1587 1848 fili,
1619 1795 1702 1837 noli

27 1869 128 1910 talia
160 1869 360 1923 cogitare!
394 1869 545 1911 Omnes
578 1867 767 1910 monachi
798 1867 840 1909 in
872 1867 992 1909 domo
1026 1867 1249 1909 existentes
1281 1867 1384 1908 miro
1407 1866 1527 1908 modo
1548 1870 1589 1908 te
1611 1866 1703 1908 dili-

26 1944 129 1994 gunt
149 1940 368 1991 intantum,
399 1940 506 1994 quod
529 1943 622 1995 post
643 1939 867 1981 discessum
891 1952 1026 1980 meum
1051 1938 1091 1980 in
1116 1938 1302 1980 abbatem
1327 1941 1366 1980 te
1388 1937 1699 1993 promovebunt.

27 2011 100 2052 Ait
131 2010 220 2053 ille:
253 2011 442 2063 Domine,
476 2010 563 2052 sine
596 2011 718 2053 dubio
750 2024 831 2052 non
857 2009 1118 2065 exspectabo,
1151 2010 1280 2051 donec
1302 2009 1352 2052 ad
1376 2014 1566 2064 parentes
1588 2021 1701 2050 meos

26 2095 264 2137 pervenero.
312 2081 452 2124 Abbas
485 2081 558 2124 hec
590 2082 758 2124 audiens
782 2081 831 2123 ad
854 2081 1093 2122 thesaurum
1116 2093 1231 2122 suum
1258 2080 1431 2122 accessit
1452 2084 1492 2121 et
1515 2078 1700 2132 tabellas,

27 2166 128 2207 quas
160 2153 201 2194 in
234 2152 436 2195 cunabulo
468 2166 540 2194 suo
573 2153 742 2205 invenit,
775 2152 810 2194 ei
844 2151 1024 2194 ostendit
1054 2151 1214 2193 dicens:
1253 2150 1384 2203 Nunc,
1416 2149 1488 2204 fili,
1521 2150 1609 2203 lege
1639 2150 1701 2191 in-

27 2224 154 2266 terius
200 2228 241 2266 et
286 2224 418 2278 qualis
459 2237 502 2266 es
543 2224 651 2266 clare
692 2223 887 2265 invenies.
950 2222 1050 2264 Cum
1092 2235 1186 2263 vero
1227 2221 1407 2275 legisset,
1449 2221 1556 2275 quod
1594 2221 1702 2262 inter

26 2295 194 2337 fratrem
229 2299 270 2336 et
300 2308 480 2337 sororem
515 2298 622 2337 esset
653 2294 828 2348 genitus,
863 2293 912 2335 ad
934 2298 1086 2335 terram
1109 2292 1257 2335 cecidit
1277 2297 1318 2334 et
1339 2292 1416 2334 ait:
1451 2291 1539 2334 Heu
1563 2291 1700 2344 michi,

26 2365 167 2420 quales
198 2369 390 2420 parentes
423 2365 576 2408 habeo?
622 2365 688 2407 Ad
727 2369 879 2407 terram
913 2368 1095 2406 sanctam
1129 2376 1298 2419 pergam
1343 2366 1384 2405 et
1416 2376 1489 2418 pro
1521 2362 1700 2418 peccatis

27 2440 243 2491 parentum
277 2434 347 2490 [67
360 2434 400 2490 b]
436 2436 626 2491 pugnabo
659 2439 700 2477 et
729 2435 786 2478 ibi
819 2436 947 2477 vitam
978 2434 1131 2476 finiam.
1181 2433 1280 2476 Peto
1314 2447 1409 2487 ergo
1442 2434 1607 2476 domine
1638 2433 1699 2474 in-

26 2510 204 2559 stanter,
247 2510 293 2548 ut
330 2520 395 2548 me
434 2507 482 2548 ad
516 2507 710 2548 miliciam
745 2519 1002 2562 promoveas.
1052 2504 1166 2555 Quod
1200 2508 1240 2547 et
1269 2504 1378 2546 fecit.
1427 2504 1528 2547 Cum
1563 2507 1698 2546 autem

25 2576 239 2620 licenciam
272 2577 322 2619 de
353 2591 515 2620 recessu
547 2578 715 2633 recepit,
757 2578 889 2620 factus
922 2580 984 2618 est
1016 2575 1203 2630 planctus
1236 2588 1409 2629 magnus
1441 2575 1481 2616 in
1516 2574 1698 2627 cenobio,

1733 881 1774 915 10

1733 1236 1774 1270 15

1729 1589 1774 1623 20

1729 1942 1772 1976 25

1727 2297 1771 2331 30

26 2648 142 2690 dolor
180 2647 221 2689 in
255 2648 404 2703 populo
445 2653 486 2691 et
516 2649 555 2690 in
598 2649 770 2690 circuitu
810 2647 1074 2698 lamentacio,
1115 2646 1165 2688 ad
1196 2659 1310 2688 mare
1342 2660 1386 2688 se
1416 2645 1630 2687 transtulit
1659 2648 1700 2687 et
1724 2651 1768 2686 35

27 2719 218 2760 convenit
249 2732 338 2760 cum
373 2720 523 2772 nautis,
556 2723 600 2760 ut
631 2718 806 2760 eum-ad
842 2723 993 2760 terram
1019 2722 1201 2758 sanctam
1226 2717 1432 2759 ducerent.
1478 2715 1579 2758 Cum
1603 2729 1697 2757 vero

26 2789 304 2843 navigassent,
335 2794 481 2832 ventus
513 2794 601 2832 erat
632 2790 689 2831 eis
722 2789 934 2844 oppositus
967 2792 1007 2830 et
1038 2787 1172 2830 subito
1205 2787 1314 2829 ducti
1337 2791 1432 2829 sunt
1454 2787 1504 2828 ad
1527 2786 1696 2829 eandem

27 2860 256 2914 civitatem,
295 2860 335 2901 in
369 2873 449 2914 qua
488 2865 577 2903 erat
607 2864 738 2901 mater
770 2859 856 2912 ejus
896 2859 938 2900 in
970 2864 1126 2909 castr03
1167 2857 1299 2912 qualis
1331 2863 1421 2899 erat
1451 2857 1595 2899 civitas
1629 2862 1699 2898 aut

28 2931 135 2985 quod
166 2944 336 2985 regnum
370 2931 531 2986 penitus
570 2934 694 2972 naute
732 2929 988 2982 ignorabant.
1037 2928 1138 2971 Cum
1173 2932 1309 2970 autem
1341 2928 1548 2970 civitatem
1580 2928 1698 2970 miles

27 2999 234 3055 intrasset,
267 3001 432 3056 quidam
466 3001 566 3043 civis
598 3001 634 3043 ei
667 3000 908 3042 occurrebat
937 3004 979 3042 et
1009 3000 1068 3041 ait
1088 3000 1144 3041 ei:
1181 2999 1368 3051 Domine,
1402 3012 1480 3053 quo
1502 2998 1698 3040 tenditis?
1723 3007 1769 3040 40

1342 3072 1418 3108 26*
