1919 3157
878 85 962 124 409

77 180 210 234 legere
243 188 282 224 et
314 183 555 236 intelligere,
591 185 655 228 ubi
691 187 966 241 inveniemus,
1000 193 1202 245 quomodo
1238 194 1312 236 iste
1345 199 1509 237 sanctus
1546 196 1613 238 lob
1646 202 1753 240 terre

76 251 318 306 loquebatur
350 254 508 296 dicens:
552 256 671 299 Pater
704 272 817 300 meus
857 273 898 300 es
940 266 982 302 tu
1016 276 1132 304 soror
1174 277 1264 305 mea
1298 266 1515 308 vermibus.
1567 268 1608 309 Si
1643 269 1750 310 istud

76 323 218 365 intime
259 326 438 378 cogitare
480 327 686 374 volumus,
728 331 939 372 materiam
975 331 1097 374 flendi
1131 333 1338 377 habemus.
1387 336 1464 378 Sed
1499 340 1750 392 querendum

75 394 192 436 nobis
225 400 308 446 est,
349 398 439 450 quis
479 399 606 440 traxit
645 413 716 440 nos
757 401 805 442 de
838 401 946 443 dolio
990 408 1064 445 etc.
1111 403 1231 447 Certe
1264 406 1389 448 abbas
1424 409 1447 449 i.
1473 422 1505 450 e.
1531 409 1629 451 deus
1663 411 1751 465 ipse

76 479 148 520 per
180 465 306 508 filium
341 481 458 509 suuni
494 470 745 522 unigenitum
780 472 927 514 cotidie
964 487 1036 515 nos
1069 475 1197 517 trahit
1236 490 1308 531 per
1340 491 1454 519 suani
1489 481 1669 532 graciam
1702 481 1751 524 de

74 537 242 578 miseria
282 539 436 592 peccati
485 544 524 580 et
565 543 636 581 dat
677 555 750 582 nos
791 543 839 584 ad
881 545 1145 587 nutriendum
1188 548 1395 601 piscatori.
1452 549 1636 593 Piscator
1676 553 1751 595 iste

73 610 209 661 potest
240 607 319 650 dici
352 609 522 663 quilibet
555 611 757 665 prelatus,
792 615 858 667 qui
893 615 1013 657 habet
1046 622 1300 671 peccatorem
1334 620 1375 661 in
1410 620 1525 663 bonis
1558 623 1750 678 operibus

73 678 229 719 nutrire
267 683 307 720 et
346 693 436 721 eum
479 681 528 722 ad
568 681 718 724 Christi
762 684 956 727 miliciam
1001 701 1263 741 promovere:
1311 695 1408 732 tunc
1455 694 1606 747 poterit
1646 695 1751 736 inter

73 749 293 791 monachos
326 751 482 793 scilicet
514 758 677 795 sanctos
713 756 819 797 viros
852 759 1084 800 conversari
1119 764 1159 800 et
1181 767 1345 803 sanctus
1368 776 1470 816 esse,
1497 764 1618 817 juxta
1641 766 1750 820 psal-

73 820 256 862 mistam:
291 820 391 863 Cum
425 828 566 864 sancto
600 831 764 868 sanctus
798 828 877 869 eris
911 833 984 870 etc.
1011 829 1157 871 deinde
1191 845 1264 886 per
1293 846 1437 875 navem
1473 834 1641 877 ecclesie
1673 837 1750 878 sci-

71 890 165 932 licet
196 892 417 934 secundum
453 894 538 946 ejus
573 903 765 952 precepta
798 901 973 942 transire
1006 906 1046 942 et
1078 901 1252 944 viriliter
1283 917 1468 959 pugnare
1499 911 1641 948 contra
1663 907 1749 948 dia-

71 960 207 1003 bolum
242 966 281 1004 et
314 976 386 1018 per
418 978 671 1019 consequens
711 969 760 1010 ad
796 983 964 1024 magnas
998 972 1168 1014 divicias
1205 975 1431 1028 pervenire.
1482 975 1640 1019 Divicie
1673 979 1749 1020 iste

71 1037 165 1073 sunt
208 1033 401 1087 virtutes,
441 1050 513 1091 per
554 1051 654 1092 quas
694 1040 833 1082 anima
868 1042 1042 1096 ditatur,
1083 1058 1161 1098 que
1192 1046 1390 1100 recipitur
1422 1047 1463 1088 in
1495 1048 1615 1090 domo
1648 1049 1748 1091 civis

71 1102 227 1145 seilicet
262 1105 420 1159 prelati,
456 1113 495 1149 et
518 1109 699 1163 prelatus
723 1124 810 1152 eam
835 1113 947 1155 ducit
968 1115 1017 1155 ad
1041 1115 1309 1158 senescallum
1344 1118 1368 1158 i.
1393 1131 1426 1159 e.
1452 1118 1502 1160 ad
1525 1119 1747 1162 discretum

70 1174 369 1229 confessorem,
416 1192 489 1233 per
531 1194 649 1234 quem
691 1182 883 1236 dirigitur
922 1186 972 1226 ad
1014 1187 1120 1228 viam
1161 1187 1325 1241 salutis,
1373 1195 1413 1231 et
1452 1190 1607 1244 quare?
1653 1192 1749 1245 quia

69 1250 226 1300 pugnat
258 1261 331 1302 pro
364 1248 530 1292 domina
563 1252 586 1293 i.
612 1266 645 1294 e.
673 1254 822 1296 anima.
859 1254 937 1298 Sed
971 1271 1068 1313 sepe
1100 1259 1319 1312 contingit,
1353 1260 1460 1315 quod
1493 1261 1613 1303 homo
1646 1263 1748 1304 reei-

70 1316 196 1370 divat,
230 1320 365 1373 pergit
397 1321 447 1362 ad
482 1323 712 1366 venandum
747 1326 904 1369 scilicet
936 1329 1077 1371 mundi
1102 1331 1345 1381 vanitatem3
1379 1331 1559 1386 domina,
1593 1332 1749 1375 scilicet

67 1388 203 1430 anima
243 1389 372 1444 dolet,
420 1394 582 1446 quando
627 1395 677 1437 de
717 1397 879 1439 tabellis
926 1401 1092 1456 scriptis
1138 1402 1163 1442 i.
1196 1415 1229 1442 e.
1261 1402 1310 1443 de
1350 1404 1746 1456 transgressionibus

67 1461 315 1515 perpetratis
354 1464 613 1519 recordatur,
664 1472 703 1508 et
742 1468 832 1510 ideo
874 1470 1024 1513 milites
1074 1472 1159 1513 scil.
1191 1486 1331 1514 omnes
1373 1488 1516 1516 sensus
1555 1478 1746 1518 tenentur

65 1529 268 1573 hominem
311 1546 335 1575 a
373 1533 468 1575 ludo
510 1538 648 1578 mundi
690 1552 903 1594 revocare,
944 1543 1069 1584 immo
1110 1543 1209 1585 deus
1249 1545 1382 1599 ipsum
1427 1550 1544 1588 vocat
1583 1546 1744 1589 dicens:

64 1600 297 1656 Revertere,
330 1611 536 1649 revertere
569 1613 644 1650 etc.
694 1609 774 1652 Sed
807 1613 969 1666 quando
1003 1613 1123 1656 homo
1157 1615 1268 1657 videt
1300 1616 1478 1658 animam
1507 1631 1580 1672 per
1603 1631 1745 1673 pecca-

64 1677 150 1714 tum
191 1679 463 1730 prostratam,
506 1679 627 1722 debet
666 1695 708 1723 se
749 1683 797 1724 ad
841 1688 994 1726 terram
1035 1686 1255 1740 projicere,
1297 1687 1372 1729 hoc
1405 1692 1467 1729 est
1498 1689 1549 1730 ad
1581 1703 1743 1732 omnem

63 1743 335 1787 humilitatem
361 1761 404 1789 se
427 1762 588 1803 parare,
624 1754 868 1796 vestimenta
898 1756 923 1797 i.
948 1769 981 1797 e.
1006 1757 1112 1798 vicia
1134 1758 1339 1812 deponere
1368 1763 1409 1801 et
1429 1759 1613 1802 lanceam
1639 1761 1744 1803 male

63 1815 144 1858 vite
177 1830 250 1871 per
281 1818 576 1863 confessionem
610 1823 800 1878 frangere
833 1830 872 1868 et
903 1827 962 1868 sic
994 1829 1295 1882 peregrinando
1318 1830 1358 1871 in
1383 1830 1500 1873 bonis
1524 1831 1743 1874 virtutibus

62 1900 252 1942 pergere,
299 1889 426 1932 donec
467 1892 516 1934 ad
558 1893 724 1937 domum
766 1898 983 1951 piscatoris
1029 1899 1185 1942 scilicet
1227 1901 1372 1955 prelati
1412 1903 1646 1957 perveniat,
1693 1904 1743 1946 de

61 1959 174 2012 cujus
215 1960 384 2002 consilio
426 1963 476 2004 ad
518 1978 661 2020 rupem
704 1968 932 2022 penitencie
973 1970 1126 2012 includi
1166 1971 1310 2024 debes,
1351 1986 1561 2027 quousque
1603 1975 1742 2016 nuncii

60 2030 85 2071 i.
117 2044 149 2072 e.
183 2031 259 2072 viri
293 2032 580 2088 ecclesiastici,
619 2050 711 2079 cum
745 2040 978 2094 penitencia
1015 2042 1140 2083 fuerit
1177 2048 1483 2097 consummata,
1522 2045 1672 2088 ducent
1702 2052 1742 2088 te

61 2101 112 2143 ad
144 2116 357 2145 romanam
392 2105 613 2149 civitatem.
664 2108 820 2152 Civitas
853 2111 932 2153 ista
965 2117 1027 2154 est
1058 2118 1200 2156 sancta
1222 2118 1354 2156 mater
1376 2115 1559 2169 ecclesia,
1593 2117 1634 2158 in
1661 2132 1741 2172 qua

59 2172 254 2215 debemus
296 2188 556 2230 permanere,
597 2179 672 2222 hoo
713 2185 775 2222 est
816 2183 902 2236 ejus
944 2188 1138 2240 precepta
1179 2185 1426 2241 adimplere,
1467 2192 1507 2229 et
1541 2201 1739 2244 campane

59 2243 344 2299 pulsabuntur,
378 2247 534 2290 scilicet
564 2263 638 2304 per
669 2265 796 2306 opera
830 2251 917 2308 [71]
955 2255 1234 2298 misericordie
1267 2270 1338 2312 per
1367 2258 1640 2312 penitenciam
1676 2273 1738 2301 re-

57 2320 255 2369 cuperata
294 2317 344 2359 de
383 2323 423 2360 te
464 2319 669 2364 laudabile
711 2325 992 2367 testimonium
1033 2327 1250 2381 perhibent
1291 2333 1331 2370 et
1361 2330 1471 2371 cives
1502 2330 1740 2383 gaudebunt

57 2385 82 2427 i.
108 2399 140 2428 e.
166 2387 299 2441 angeli
333 2389 398 2431 dei
437 2390 486 2432 de
519 2397 752 2447 peccatore,
792 2396 898 2437 sicut
929 2397 1129 2452 scriptum
1167 2403 1230 2440 est
1260 2398 1370 2441 Luce
1403 2414 1483 2442 xv:
1532 2400 1735 2443 Gaudium

57 2461 119 2499 est
165 2459 321 2512 angelis
362 2460 427 2502 dei
467 2476 590 2517 super
640 2478 720 2505 uno
760 2471 974 2521 peccatore
1014 2470 1288 2523 penitenciam
1330 2476 1488 2525 agente.
1546 2471 1602 2513 Et
1640 2476 1737 2514 tuno

59 2530 211 2583 poteris
251 2530 461 2573 dominam
502 2533 528 2574 i.
560 2547 592 2575 e.
626 2535 805 2578 animam
858 2538 908 2579 ad
950 2541 1244 2582 monasterium
1288 2542 1402 2595 regni
1442 2542 1604 2584 celestis
1644 2557 1736 2598 per-

55 2598 216 2654 ducere,
249 2602 299 2643 ad
333 2603 453 2657 quod.

150 2693 192 2727 14
217 2694 309 2738 eam]
335 2701 420 2740 oriy.
438 2706 530 2730 eum.

1778 492 1799 525 CJI

1781 845 1820 879 10

1777 1202 1818 1235 15

1772 1559 1815 1592 20

1769 1915 1813 1949 25

1764 2268 1809 2303 30

1760 2620 1806 2655 35
