1919 3157
859 49 942 90 279

68 152 208 208 decepi
243 158 397 208 patrem
433 167 565 195 meum
600 155 822 209 proprium.
861 155 967 208 quod
1001 168 1079 196 11011
1113 162 1174 196 831
1207 169 1358 196 verum.
1413 155 1483 197 llle
1515 155 1729 210 decipitur,

68 224 137 279 qui
175 224 217 266 10
256 224 392 279 aliquo
436 222 496 278 [4]
539 224 642 266 bono
681 225 935 267 diminuitur.
999 225 1077 267 Sed
1120 230 1235 280 pater
1274 240 1387 268 meus
1426 231 1510 268 tarn
1549 226 1729 281 locuples

67 299 149 348 est,
181 295 288 350 quod
321 294 490 347 alicujus
522 295 674 337 auxilio
706 310 785 338 non
818 296 986 349 indiget.
1041 295 1141 338 Cum
1176 297 1249 339 1100
1283 297 1500 352 perpendi,
1535 298 1728 350 juvenem

66 366 190 409 istum
223 380 247 408 a
277 379 438 408 carcere
470 365 652 417 liberavi,
687 372 726 408 et
757 368 790 409 si
824 372 941 423 pater
972 381 1086 410 meus
1118 381 1191 423 pro
1223 381 1269 410 80
1302 368 1630 423 redempcionem
1663 381 1728 410 ac-

65 438 254 493 cepisset,
284 451 365 479 000
398 437 568 479 1001111111
602 442 770 493 propter
802 439 877 481 1100
908 439 1037 481 (110101
1067 439 1223 492 fuisset,
1256 443 1296 481 et
1317 443 1360 480 tu
1383 453 1454 494 per
1476 439 1729 494 redempcio-

65 522 158 551 nem
196 508 499 564 depauperatus
540 522 661 551 esses.
725 509 832 563 Ergo
873 510 911 551 in
955 510 1032 551 isto
1080 514 1171 551 actu
1212 514 1251 552 te
1290 509 1465 562 salvavi,
1513 510 1620 564 quod
1666 524 1730 553 re-

65 579 344 635 dempcionem
385 593 465 621 non
506 580 675 633 dedisti,
723 586 763 623 et
801 581 908 636 patri
955 595 1044 623 0100
1087 581 1241 623 nullam
1281 581 1471 634 injuriam
1513 581 1601 623 feci.
1663 581 1730 623 Ad

65 650 186 693 aliam
218 651 438 703 racionem,
472 652 633 705 quando
665 652 779 701 dicis,
813 652 920 706 quod
953 665 1026 705 ego
1058 665 1107 694 ex
1139 652 1308 694 libidine
1331 652 1406 693 hoc
1436 652 1526 705 feci,
1560 665 1730 708 respon-

64 721 160 764 deo:
199 721 274 764 hoc
304 721 416 763 nullo
454 722 573 764 modo
612 727 747 778 potest
779 722 885 776 11811,
927 723 1022 777 quia
1060 723 1185 765 libido
1226 726 1297 765 aut
1335 727 1395 765 est
1433 726 1601 778 propter
1639 722 1729 778 pul-

63 793 335 835 chritudinem
369 797 438 834 aut
469 798 638 849 propter
669 795 839 835 divicias
872 799 942 835 aut
974 799 1141 849 propter
1162 794 1458 836 fortitudinem.
1511 792 1590 835 Sed
1622 792 1730 836 1111113
1758 802 1800 835 10

62 869 156 906 tuus
187 864 344 906 nullum
376 865 546 906 istorum
580 864 733 918 habuit,
767 866 863 920 quia
893 865 1152 921 pulchritudo
1186 866 1271 919 ejus
1303 878 1376 920 per
1406 877 1611 907 carcerem
1644 869 1732 907 erat

63 935 331 986 annichilata3
364 948 437 977 nec
470 935 582 977 dives
615 936 704 989 fuit,
738 937 833 991 quia
864 950 944 978 non
967 936 1109 978 habuit
1138 937 1245 979 unde
1267 950 1308 978 se
1330 937 1466 991 ipsum
1488 935 1729 988 redimeret3

61 1019 136 1049 nec
156 1006 288 1060 fortis,
321 1007 416 1062 quia
438 1007 719 1050 fortitudinem
744 1008 923 1063 perdidit
944 1022 1016 1064 per
1038 1008 1212 1050 carceris
1234 1008 1570 1049 maceracionem.
1619 1006 1730 1061 Ergo

61 1077 149 1120 sola
180 1078 311 1133 pietas
342 1091 407 1120 me
438 1078 640 1130 movebat,
675 1080 780 1132 quod
813 1081 947 1135 ipsum
979 1079 1161 1122 liberavi.
1210 1078 1332 1121 Pater
1359 1078 1435 1120 hoe
1457 1078 1627 1120 audiens
1649 1091 1731 1120 non

61 1150 194 1205 potuit
230 1148 360 1191 filium
400 1159 570 1203 arguere
611 1150 795 1193 ulterius.
856 1151 986 1193 Filius
1026 1164 1120 1204 ergo
1160 1163 1251 1192 eum
1292 1163 1442 1203 magna
1487 1150 1730 1193 solennitate
1756 1157 1799 1191 15

62 1233 152 1263 eam
184 1221 227 1262 in
258 1234 428 1263 uxorem
461 1221 579 1263 duxit
611 1226 650 1263 et
681 1223 722 1263 in
757 1235 854 1278 pace
887 1223 1012 1264 vitam
1046 1221 1190 1263 finivit.

179 1289 492 1346 [Moralz'satio]
543 1291 770 1346 Carissimi,
802 1294 909 1336 filius
940 1298 1083 1349 captus
1116 1307 1139 1335 a
1169 1292 1315 1348 piratis
1338 1296 1426 1334 erat
1447 1295 1579 1334 totum
1601 1306 1728 1346 genus

59 1363 282 1405 humanum
314 1368 480 1420 captum
512 1377 585 1419 per
622 1368 833 1419 peccatum
877 1365 999 1420 primi
1039 1365 1222 1420 parentis
1261 1364 1303 1406 in
1343 1376 1505 1406 carcere
1542 1364 1728 1407 demonis

59 1448 114 1478 sc.
147 1435 189 1477 in
221 1435 307 1489 ejus
338 1439 554 1491 potestate.
609 1434 749 1489 Pater,
790 1436 858 1490 qui
890 1436 1021 1478 noluit
1059 1449 1151 1478 eum
1190 1435 1412 1489 redimere,
1453 1439 1516 1477 est
1552 1435 1728 1478 mundus

58 1507 155 1560 iste,
196 1508 265 1561 qui
294 1506 408 1549 nullo
440 1506 561 1548 modo
593 1506 755 1549 volebat
785 1507 989 1550 homiuem
1017 1508 1162 1562 juvare
1195 1520 1218 1549 a
1248 1520 1410 1549 carcere
1442 1506 1616 1560 diaboli,
1655 1508 1728 1550 sed
1753 1516 1798 1550 20

57 1578 200 1634 pocius
231 1591 323 1620 eum
355 1582 506 1620 tenere.
559 1577 677 1631 Filia,
710 1592 787 1633 que
819 1592 910 1621 eum
943 1580 984 1624 in
1017 1592 1178 1621 carcere
1210 1578 1406 1632 visitavit,
1439 1582 1501 1620 est
1532 1578 1726 1621 divinitas

58 1649 194 1692 anime
224 1649 458 1704 conjuncta,
498 1662 575 1703 que
607 1649 784 1692 humano
823 1651 962 1704 generi
1001 1650 1351 1706 compaciebatur,
1392 1662 1470 1704 que
1507 1653 1601 1704 post
1630 1663 1725 1706 pas-

57 1721 214 1763 sionem
254 1734 368 1763 suam
409 1720 460 1762 ad
499 1720 703 1763 infernum
744 1722 954 1764 descendit
991 1725 1032 1764 et
1071 1721 1274 1763 hominem
1314 1734 1338 1762 a
1368 1720 1540 1763 vinculis
1573 1721 1725 1763 diaboli

56 1791 257 1835 liberavit.
309 1791 432 1835 Pater
463 1806 559 1835 vero
590 1793 752 1835 celestis
783 1794 935 1836 nostris
968 1793 1127 1835 diviciis
1158 1805 1241 1834 non
1272 1792 1441 1846 indiget,
1474 1792 1570 1847 quia
1601 1806 1724 1848 super

57 1864 196 1906 omnia
234 1868 296 1906 est
331 1863 445 1906 dives
485 1869 525 1906 et
564 1877 723 1906 summe
761 1864 903 1906 bonus.
956 1864 1050 1907 Ideo
1083 1863 1268 1905 Christus
1307 1867 1441 1905 motus
1480 1863 1634 1918 pietate
1672 1864 1724 1906 ad
1750 1873 1794 1908 25

55 1947 130 1976 nos
169 1934 218 1977 de
258 1934 355 1977 celis
396 1935 626 1988 descendit,
672 1949 746 1977 nos
784 1936 988 1989 visitavit,
1035 1935 1195 1990 quando
1233 1948 1398 1977 carnem
1437 1938 1620 1977 nostram
1659 1948 1724 1977 as-

57 2006 254 2062 sumpsit,
293 2010 334 2048 et
365 2010 504 2048 tamen
535 2007 661 2049 nichil
694 2006 803 2048 aliud
844 2007 967 2062 peciit
1005 2020 1080 2062 pro
1119 2010 1261 2048 nostra
1290 2006 1603 2061 redempcione,
1643 2007 1723 2049 nisi

56 2077 161 2132 quod
199 2077 253 2119 sit
290 2077 446 2119 homini
485 2077 774 2133 desponsatus,
807 2078 930 2131 juxta
968 2077 1069 2120 illud
1101 2077 1204 2120 Osee
1235 2091 1285 2120 11:
1324 2078 1592 2133 Desponsabo
1631 2091 1722 2120 eam

54 2148 180 2190 michi
208 2148 251 2190 in
282 2147 373 2191 fide.
422 2148 713 2192 Verumtamen
746 2153 864 2205 pater
895 2154 1034 2192 noster
1065 2149 1255 2202 mundus,
1287 2149 1352 2191 cui
1373 2149 1492 2191 multi
1514 2149 1721 2203 obediunt,

55 2223 198 2261 contra
227 2219 303 2262 hoc
333 2233 496 2274 semper
527 2225 757 2262 murmurat
777 2224 817 2263 et
839 2220 1006 2274 allegat:
1041 2220 1085 2262 Si
1106 2221 1181 2262 deo
1210 2221 1419 2274 adhereas,
1452 2220 1722 2263 hereditatem
1746 2231 1791 2266 30

54 2303 190 2333 meam
221 2290 248 2332 i.
271 2304 305 2332 8.
338 2290 547 2332 mundana
577 2304 658 2333 1100
690 2292 879 2345 habebis,
919 2292 1014 2346 quia
1044 2291 1297 2347 impossibile
1329 2297 1412 2346 est,
1451 2292 1525 2334 (180
1567 2292 1721 2334 servire

55 2365 97 2404 et
132 2374 385 2415 mammone,
424 2361 568 2404 Matth.
600 2376 654 2404 vl.
716 2362 795 2405 Sed
832 2362 978 2405 melius
1025 2367 1087 2405 est
1122 2363 1240 2405 nobis
1277 2377 1470 2419 spernere
1507 2363 1718 2418 mundum,

55 2445 176 2486 quam
208 2433 445 2475 societatem
478 2433 543 2475 dei
575 2434 782 2487 amittere,
809 2435 931 2488 juxta
961 2433 1061 2476 illud
1092 2433 1258 2477 Matth.:
1299 2434 1376 2485 Qui
1406 2434 1618 2489 reliquerit
1647 2449 1719 2490 pa-

56 2507 161 2546 trem
193 2509 234 2546 et
264 2507 457 2558 matrem,
502 2518 671 2547 uxorem
705 2509 776 2547 aut
806 2519 924 2559 agros
956 2509 1123 2560 propter
1154 2519 1239 2560 108,
1279 2505 1513 2561 centuplum
1546 2506 1720 2562 accipiet

59 2578 100 2617 et
130 2575 254 2617 vitam
288 2579 469 2618 eternam
503 2575 739 2630 possidebit.
787 2575 916 2626 Quam
948 2577 1065 2618 nobis
1097 2580 1172 2619 etc.
1742 2585 1787 2620 35
