1949 3162
992 127 1076 170 518

190 257 314 306 pater
337 247 499 302 optime,
535 244 733 299 quoniam
755 239 968 281 clementia
986 235 1175 291 permisit
1195 231 1310 281 milii,
1341 237 1384 269 ut
1404 226 1642 276 rescribam,
1673 220 1876 264 rescribo:

196 321 323 362 Illum
353 316 609 372 naufrayum
639 314 731 355 volo
773 313 819 352 in
851 307 1062 363 conjuqem
1093 304 1251 345 habere.
1303 301 1393 341 Rea²
1425 313 1516 339 cum
1547 296 1703 352 leyissit
1731 293 1878 335 volun-

196 400 318 434 tatem
346 389 494 445 puelle,
527 389 750 442 iynorans,
786 395 904 437 quem
934 378 1190 433 naufraqum
1222 375 1393 423 diceret,
1426 369 1650 424 respiciens
1681 366 1738 407 ad
1757 364 1879 418 juve-

196 477 266 504 nes
299 463 381 502 ait:
417 459 519 510 Quis
549 465 727 498 vestrum
758 452 1031 507 naufraqium
1061 461 1211 504 passus
1244 445 1327 486 est?
1380 442 1491 484 Unus
1524 454 1572 480 eat
1602 438 1687 478 illis
1717 436 1882 477 nomine

151 541 173 576 5
198 533 416 575 Ardonius
449 531 576 571 dixit:
610 528 701 582 qu
730 538 882 581 passus
914 536 1004 562 sum
1033 519 1319 573 naufraqium.
1370 514 1493 554 Alius
1525 512 1608 551 ait:
1641 506 1815 550 Morbus
1846 492 1885 547 te

200 610 414 646 consumat
442 616 515 642 nec
547 600 685 640 salvus
724 611 797 637 nec
827 608 953 635 sanus
985 593 1065 642 sis,
1112 604 1202 630 cum
1242 588 1370 628 sciam
1400 593 1436 625 te
1467 589 1700 624 coetaneum
1729 577 1887 618 meum!

200 677 376 718 Portam
409 672 586 714 civitatis
618 681 832 723 nunquam
865 665 1024 705 caiis-ti!
1063 661 1143 703 Ubi
1171 658 1444 713 naus'70a9iunz
1464 652 1636 709 fecisti?
1673 650 1763 691 Rea:
1794 662 1886 689 cum

200 762 285 788 non
315 745 547 794 invenisset,
587 742 678 796 quis
710 752 848 780 eorum
869 735 1144 790 naufrumhzm
1165 731 1349 786 fecisset,
1382 725 1563 781 respexit
1584 721 1886 778 Appollonium

204 820 366 859 dicens:
409 814 524 856 Tolle
557 811 766 853 codicillos
800 817 836 850 et
867 807 977 863 leye!
1004 806 1147 846 Potest
1178 803 1283 843 enim
1304 799 1416 853 fieri,
1452 796 1563 851 quod
1593 808 1664 849 eqo
1696 806 1781 832 non
1810 804 1886 831 no-

136 897 179 930 10
205 891 358 937 verim;
391 895 435 928 tu
465 884 677 939 intelli-(sis,
713 882 787 936 qui
811 893 983 935 presens
1003 877 1145 931 fuisti.
1181 871 1463 928 Appollonius
1486 866 1662 920 acceptis
1685 861 1886 904 codicillis

205 961 396 1002 velociter
425 956 646 1013 percurrit,
682 961 718 994 et
747 960 793 993 ut
822 951 947 991 sensit
977 963 1018 989 se
1049 947 1200 996 amari,
1235 942 1406 984 erubuit.
1461 937 1538 979 Cui
1566 951 1640 977 rea:
1671 936 1754 976 ait:
1795 932 1888 988 Ap-

201 1032 388 1088 polloni,
426 1028 621 1069 invenisti
657 1021 943 1078 naufrayum?
988 1020 1046 1060 At
1082 1018 1152 1059 ille
1185 1030 1264 1072 pre
1294 1012 1444 1054 rubore
1480 1023 1620 1065 pauca
1652 1007 1781 1055 dixu,-
1817 1018 1891 1044 rea:

207 1117 302 1144 vero
335 1115 425 1142 cum
455 1098 676 1149 intellemit,
719 1095 830 1150 quod
857 1093 955 1145 filia
993 1104 1083 1147 eiam
1121 1088 1272 1138 voluit,
1317 1084 1414 1125 aliis
1453 1083 1534 1122 ait:
1580 1079 1696 1120 Dum
1735 1084 1891 1131 tempus
1948 1067 1949 1086 ³

198 1175 356 1229 fuerit,
397 1172 559 1212 veniam
591 1169 646 1208 ad
676 1181 758 1207 vos.
815 1165 888 1205 Illi
923 1176 1031 1203 vero·
1049 1160 1319 1201 valedicentes
1357 1159 1616 1196 recesserunt.
1671 1148 1768 1204 Ipse
1797 1160 1891 1187 vero

144 1251 185 1285 15
211 1246 320 1286 solus
352 1243 541 1284 introii-it
571 1240 627 1281 acl
647 1239 786 1293 filiam
817 1249 935 1277 suam
974 1240 1009 1274 et
1046 1233 1133 1272 ait:
1178 1230 1306 1280 Quem
1345 1226 1421 1268 tibi
1462 1223 1619 1279 eleyisti
1656 1216 1894 1274 conjuqem?

212 1316 299 1357 Illa
330 1323 463 1356 autem
491 1312 721 1368 prostravit
750 1323 791 1349 se
822 1322 913 1348 cum
945 1304 1127 1345 lacrimis
1161 1309 1195 1342 et
1226 1302 1306 1341 ait:
1348 1299 1478 1339 Pater
1513 1293 1746 1343 carissime,
1787 1304 1894 1329 nau—

202 1388 382 1443 fragtum
429 1384 733 1439 Appollonium
773 1387 882 1435 peto.
956 1376 1047 1417 Rex
1093 1387 1183 1414 cum
1226 1372 1420 1411 lacrimas
1456 1367 1548 1421 filie
1598 1378 1669 1405 sue
1712 1362 1895 1412 vidisset,

217 1460 365 1501 levavit
403 1471 492 1498 eam
531 1471 556 1495 a
595 1462 707 1494 terra
746 1452 870 1492 etsie
910 1447 1138 1502 alloquitur
1176 1444 1343 1484 dicens:
1382 1439 1498 1482 Nata
1530 1437 1684 1487 dulcis,
1722 1433 1813 1474 noli
1848 1432 1898 1472 de

217 1531 362 1585 aliqua
393 1542 436 1569 re
469 1527 662 1582 coyitare,
697 1524 798 1579 quia
828 1521 950 1563 talem
983 1516 1224 1571 concupisti,
1260 1527 1377 1568 quem
1410 1518 1445 1552 et
1476 1523 1569 1565 e903
1601 1515 1646 1548 ut
1666 1506 1773 1547 enim
1793 1503 1896 1555 vidi,

147 1610 192 1644 20
219 1603 320 1657 quia
352 1607 388 1640 et
418 1598 596 1639 amando
625 1596 770 1650 factus
802 1607 891 1634 sum
929 1598 1070 1646 pater,
1112 1588 1220 1627 diem
1258 1584 1335 1626 tibi
1375 1582 1618 1637 nuptiarum
1656 1578 1743 1618 sine
1781 1588 1898 1615 mora

219 1673 474 1714 constituam.
529 1669 706 1709 Postera
745 1679 839 1720 erqo
881 1664 947 1704 die
983 1666 1183 1701 vocantur
1221 1656 1347 1697 amici
1384 1655 1619 1694 vicinarum
1649 1647 1815 1689 urbium
1845 1645 1902 1686 ad

218 1759 374 1800 reqem,
410 1740 556 1797 quibus
589 1740 669 1779 ait:
709 1735 945 1785 Carissimi,
976 1732 1073 1785 filia
1105 1744 1196 1769 mea
1225 1727 1312 1768 vult
1340 1724 1491 1766 nubere
1522 1720 1780 1777 Appollonio
1810 1731 1901 1758 ‘ma-

219 1818 349 1872 yistro
383 1828 481 1861 suo‚·
518 1819 610 1866 peto
643 1812 804 1864 itaque,
844 1814 890 1847 ut
919 1803 1032 1845 vobis
1066 1799 1253 1842 omnibus
1285 1799 1338 1838 sit
1370 1797 1524 1846 leticia,
1565 1794 1665 1848 quia
1685 1791 1783 1844 filia
1813 1802 1904 1829 mea

219 1886 419 1943 prudenti
460 1884 550 1923 viro
591 1882 785 1922 sociatur.
851 1876 938 1918 Hec
978 1875 1108 1929 iqitur
1154 1872 1291 1912 dicens
1339 1867 1546 1909 constituit
1566 1863 1688 1905 'diem
1732 1861 1902 1916 nuptia-

152 1965 197 2000 25
222 1973 325 1999 rum.
383 1955 470 2007 Que
501 1955 578 1994 cito
613 1952 816 2006 concepit,
861 1956 897 1989 et
932 1948 1029 1987 dum
1062 1957 1242 1999 puerum
1277 1942 1323 1981 in
1361 1947 1473 1980 utero
1513 1935 1697 1986 liaberet,
1738 1931 1902 1982 accidit,

225 2030 336 2085 quod
368 2041 458 2068 cum
490 2023 719 2065 ambularet
751 2035 841 2062 cum
871 2033 965 2074 reqe
987 2015 1245 2072 Appollonio
1274 2013 1364 2053 viro
1396 2024 1468 2050 suo
1484 2007 1611 2062 juata
1633 2007 1728 2047 litus
1759 2003 1904 2054 maris,

224 2102 329 2142 vidit
367 2111 513 2139 navem
550 2095 788 2150 speciosam.
855 2089 1055 2145 Cogynocit
1092 2101 1180 2127 eam
1218 2082 1523 2139 Appollonius,
1571 2078 1683 2134 quod
1721 2082 1820 2116 esset
1858 2074 1907 2114 de

222 2173 368 2228 patria
408 2183 506 2216 sua3
547 2179 763 2207 conversus
802 2163 857 2203 ad
895 2160 1134 2201 nauclerum
1175 2158 1255 2197 ait:
1307 2153 1420 2195 Unde
1450 2150 1591 2192 venis?
1641 2148 1700 2189 At
1735 2146 1826 2188 ille:
1865 2144 1907 2185 A

233 2242 357 2298 Tyro.
413 2238 695 2295 Appollonius
729 2236 809 2275 ait:
845 2233 1041 2274 Patriam
1071 2243 1204 2270 meam
1234 2225 1469 2267 nominasti.
1523 2221 1643 2262 Alter
1671 2217 1908 2273 respondit:

159 2322 204 2356 30
228 2315 344 2369 Er90
383 2310 519 2366 Tyrus
553 2323 590 2349 es
623 2308 694 2348 tu?
735 2306 792 2347 Et
820 2305 912 2345 ille:
955 2303 1004 2344 Ut
1036 2303 1151 2342 dicis.
1196 2297 1430 2340 Nauclerus
1463 2295 1543 2335 ait:
1575 2291 1702 2333 Nosti
1730 2289 1911 2344 aliquem

224 2385 366 2442 patrie
398 2382 510 2423 illius
540 2380 787 2434 principem,
820 2377 985 2417 nomine
1017 2369 1325 2427 Appollonius?
1376 2365 1609 2408 Nauclerus
1640 2362 1768 2403 dia-it:
1809 2359 1910 2400 Peto

230 2456 462 2508 ubicunque
500 2451 618 2491 illum
656 2450 831 2499 videris,
879 2448 994 2487 dicas
1035 2445 1092 2495 ei,
1134 2450 1180 2483 ut
1207 2440 1389 2497 qaudeat
1427 2444 1462 2478 et
1499 2434 1667 2485 exultet,
1709 2432 1810 2487 quia
1839 2443 1912 2470 rex

233 2525 462 2568 Antiochus
488 2522 674 2576 fulmine
705 2533 929 2575 percussus
970 2523 1029 2557 est
1068 2528 1157 2555 cum
1186 2513 1284 2565 fllia
1322 2525 1426 2560 sua,
1476 2520 1572 2562 opes
1619 2512 1753 2545 autem
1795 2500 1916 2556 reyni

235 2596 452 2639 Antiochie
482 2599 743 2633 reservantur
763 2589 1035 2645 Appollonio.
1078 2583 1360 2640 Appollonius
1391 2587 1437 2620 ut
1456 2579 1531 2619 lioc
1561 2576 1735 2625 audivit,
1763 2573 1913 2628 plenus

165 2675 210 2709 35
233 2669 389 2725 qaudio
422 2666 477 2706 ad
508 2663 719 2716 conjuyem
752 2675 869 2701 suam
908 2660 993 2700 ait:
1033 2657 1134 2698 Peto
1175 2656 1335 2708 itaque,
1377 2658 1423 2692 ut
1457 2664 1520 2690 me
1557 2647 1672 2688 abire
1695 2645 1914 2701 permittas

238 2741 293 2781 ad
328 2735 640 2794 percipiendum
687 2746 868 2786 regsnum.
934 2728 1018 2769 Illa
1063 2735 1108 2768 ut
1147 2726 1327 2775 audivit,
1368 2720 1561 2778 profusis
1607 2717 1790 2758 lacrimis
1836 2715 1915 2755 ait:

243 2810 276 2852 O
325 2809 506 2857 domine,
559 2805 597 2844 si
641 2805 686 2843 in
732 2802 957 2855 lonqinquo
1002 2800 1147 2839 itinere
1193 2810 1295 2837 esses
1337 2793 1599 2840 constitutus,
1649 2788 1706 2828 ad
1744 2793 1917 2842 partum

241 2895 372 2921 meum
391 2878 600 2932 festinare
631 2873 851 2923 debueras,
893 2879 929 2911 et
958 2870 1078 2911 modo
1109 2868 1294 2908 recedere
1322 2864 1436 2914 velis,
1471 2875 1561 2902 cum
1582 2859 1709 2913 juxta
1745 2871 1808 2897 me
1837 2857 1916 2904 sis,·

242 2952 311 2991 sed
350 2951 388 2990 si
424 2949 498 2989 lzoc
542 2946 656 2996 velis,
698 2944 863 2999 pariter
908 2942 1158 2995 navi‘cjemus.
1221 2937 1279 2978 Et
1321 2935 1485 2976 veniens
1531 2932 1587 2972 acl
1626 2937 1790 2985 patrem
1835 2927 1916 2968 aits·

171 3027 218 3062 40
247 3021 280 3062 O
307 3028 451 3076 pater,
495 3019 617 3058 letare
650 3023 686 3056 et
712 3014 870 3069 qaude,
915 3013 1015 3066 quia
1048 3010 1280 3051 sevissimus
1315 3002 1434 3059 [124]
1467 3018 1540 3044 reat
1570 2999 1798 3042 Antiochus
1830 3008 1918 3038 cum
