1919 3131
43 137 110 178 61.

39 420 106 463 63.

37 563 103 604 64.

36 704 102 746 65.

35 847 101 888 66.

34 989 100 1031 (37.

33 1133 100 1175 68.

32 1275 98 1317 69.

32 1418 97 1460 70.

31 1560 96 1602 71.

30 1702 96 1745 72.

29 1845 95 1888 73.

29 1988 96 2030 74.

29 2130 94 2173 75.

29 2273 94 2315 76.

28 2415 95 2458 77.

28 2556 94 2599 78.

28 2698 93 2741 79.

28 2840 94 2883 80.

850 40 896 78 «51

159 136 340 180 Herodes
374 141 559 192 regnavit
592 141 659 195 qui
695 141 817 183 tiliam
851 143 1061 198 pulchram
1098 144 1268 187 hahebat
1303 160 1421 200 quam
1447 148 1550 189 miro
1573 149 1704 190 niodo.

157 207 322 259 (Sieben
350 210 468 262 jahre
501 213 621 263 treu.)
671 226 796 265 germ.
822 215 889 255 5⁹.

156 278 349 322 Claudius
389 283 576 335 regnavit
616 284 682 337 qui
717 288 874 327 tantum
910 286 1069 328 unicam
1103 286 1227 328 tiliam
1262 287 1446 331 hahebat.
1502 290 1707 335 (Socrates

156 349 387 398 heirathet.)
439 352 506 395 lat.
534 356 600 395 61.

155 420 293 476 Gayus
325 425 512 477 regnavit
544 425 585 466 in
618 426 782 469 civitate
815 440 985 469 romana
1017 428 1057 469 in
1089 429 1204 482 cujus
1240 428 1412 484 Imperio
1445 435 1543 473 erat.
1595 431 1703 479 (Flo-

153 494 345 545 rentina.)
394 494 462 538 lat.
488 498 555 538 452.

154 563 429 620 Vespasianus
463 567 502 608 in
535 568 700 609 civitate
734 582 902 610 romana
935 571 1121 623 regnavit
1153 571 1221 625 qui
1250 569 1375 613 filiam
1401 572 1612 627 pulchram
1636 574 1706 616 ha-

152 634 284 677 bebat.
334 637 531 691 (Aglaes.)
579 639 809 689 (Ariadne.)
857 640 925 682 lat.
952 642 1017 682 63.

150 704 416 750 Domicianus
458 710 645 763 regnavit
684 710 862 765 prudens
896 711 1012 754 valde.
1045 725 1091 755 ae
1123 726 1195 768 per
1228 715 1365 756 omnia
1391 715 1540 767 justus.
1591 716 1705 766 (Drei

150 777 385 822 weisheiten
420 781 672 832 verkaufen.)
720 780 790 822 lat.
820 783 913 824 103.

148 848 356 892 Adrianus
388 852 576 905 regnavit
608 852 676 906 qui
709 852 821 895 dives
853 858 942 896 erat
974 854 1090 897 valde
1122 855 1162 896 in
1195 859 1353 898 tantum
1389 857 1494 911 quod
1528 858 1603 900 sibi
1631 858 1700 901 ba-

149 919 318 963 silicam.
369 922 657 978 (Sarkophag.)
706 923 776 966 lat.
805 926 867 966 16.

147 990 249 1034 Erat
296 993 461 1047 quidam
508 995 733 1050 imperator
781 996 822 1037 in
862 997 976 1051 cujus
1016 998 1189 1053 imperio
1231 1002 1349 1041 erant
1389 999 1468 1041 duo
1509 999 1700 1043 latrones.

149 1061 438 1117 (Biirgschaft.)
485 1064 555 1106 lat.
587 1067 680 1108 108.

147 1133 288 1176 Helius
327 1135 368 1177 in
408 1136 573 1178 civitate
613 1150 783 1179 romana
822 1140 1009 1192 regnavit
1048 1141 1116 1194 qui
1148 1154 1239 1182 eum
1273 1141 1398 1184 semel
1431 1142 1480 1184 de
1512 1156 1593 1185 una
1625 1144 1700 1186 εἰν.

149 1204 298 1256 (Kreuz
331 1207 406 1249 mit
439 1207 711 1260 insehriften.)
759 1209 829 1251 lat.
855 1210 922 1251 65.

147 1275 374 1332 Symachus
421 1279 607 1333 regnavit
645 1280 825 1335 prudens
864 1280 982 1323 valde
1023 1287 1219 1337 quantum
1259 1283 1310 1325 ad
1349 1285 1591 1340 temporalia
1632 1286 1702 1329 sed

143 1347 308 1397 stultus.
357 1348 597 1402 (Schwarz.)
646 1364 773 1405 germ.
799 1352 866 1393 35.

144 1418 347 1461 Narratur
385 1420 434 1463 de
466 1422 642 1476 quodam
675 1422 838 1466 homine
871 1424 939 1478 qui
973 1425 1194 1467 vocabatur
1226 1424 1469 1469 Gantherus.
1526 1427 1701 1479 (Freude

146 1490 250 1533 ohne
282 1491 413 1542 ende.)
462 1492 531 1534 lat.
560 1495 653 1535 101.

143 1561 246 1604 Erat
277 1562 443 1616 quidam
476 1564 592 1606 miles
624 1565 790 1608 nomine
821 1566 996 1621 placitus
1030 1567 1098 1621 qui
1129 1567 1342 1623 pulchram
1374 1582 1543 1613 uxorem
1577 1571 1700 1614 habe-

144 1632 224 1675 bat.
273 1633 510 1687 (Placidus.)
557 1635 627 1678 lat.
655 1638 749 1678 110.

144 1703 317 1754 Quidam
358 1719 429 1748 rex
470 1710 558 1748 erat
594 1707 636 1749 in
667 1707 821 1762 Anglia
858 1709 898 1751 in
939 1710 1054 1765 cujus
1095 1723 1220 1765 regno
1259 1715 1377 1754 erant
1416 1712 1494 1755 duo
1532 1713 1697 1757 milites.

145 1774 294 1827 (Guido
326 1777 410 1819 und
443 1777 620 1833 Tyrius.)
668 1779 738 1821 lat.
766 1780 859 1821 172.

145 1846 330 1890 Valerius
381 1850 569 1902 regnavit
619 1850 798 1906 prudens
847 1851 966 1895 valde
1013 1853 1082 1907 qui
1129 1853 1290 1896 unicam
1337 1854 1463 1896 filiam
1512 1855 1697 1899 habebat.

145 1916 353 1971 (Stricke.)
406 1933 500 1976 app.
528 1922 593 1963 16.

141 1988 244 2032 Erat
281 1991 445 2045 quidam
486 2005 558 2034 rex
592 1993 729 2046 justus
770 1993 887 2036 valde
927 1995 995 2049 qui
1033 1995 1210 2038 habebat
1247 1997 1291 2038 in
1327 2009 1452 2050 regno
1494 2012 1566 2041 suo
1599 1998 1700 2041 duos

141 2060 307 2103 milites.
355 2062 689 2117 (Todtensiegel.)
737 2064 807 2106 lat.
836 2066 930 2107 128.

143 2131 316 2182 Quidam
348 2133 466 2176 miles
500 2138 587 2176 erat
619 2135 688 2189 qui
719 2137 884 2178 unicum
916 2136 1044 2179 filium
1077 2137 1255 2181 habebat
1287 2152 1404 2193 quem
1440 2140 1612 2182 multum
1638 2140 1697 2183 di-

142 2203 255 2246 lexit.
304 2204 431 2255 (Ffinf
457 2205 584 2248 fasser
617 2207 751 2258 wein.)
797 2207 868 2249 lat.
896 2209 962 2250 72.

140 2274 388 2318 Aurelianus
427 2277 613 2330 regnavit
644 2278 685 2320 in
717 2278 883 2322 civitate
915 2294 1085 2323 romana
1116 2281 1184 2336 qui
1216 2282 1380 2324 unicum
1413 2281 1541 2324 filium
1575 2282 1696 2326 habe-

142 2345 223 2388 bat.
272 2346 589 2404 (Narrenapfel.)
637 2348 706 2392 lat.
732 2350 799 2391 74.

141 2415 433 2461 Constantinus
471 2421 659 2473 regnavit
698 2421 767 2475 qui
805 2426 888 2464 tres
924 2422 1029 2465 filias
1061 2423 1204 2466 habuit
1236 2437 1336 2478 quas
1369 2423 1499 2466 tribus
1532 2425 1694 2479 regibus

141 2488 362 2532 maritavit.
413 2489 529 2542 (Drei
559 2491 774 2543 wittwen.)
819 2492 890 2535 lat.
915 2494 982 2535 75.

142 2558 415 2603 Valencianus
455 2563 643 2616 regnavit
682 2563 794 2605 dives
834 2564 952 2608 valde
990 2565 1033 2607 in
1069 2566 1184 2620 eujus
1216 2579 1341 2619 regno
1376 2569 1492 2608 erant
1523 2569 1696 2621 quatuor

140 2629 312 2686 physici.
361 2633 554 2683 (Aussatz
587 2635 915 2690 vorgespiegelt.)
962 2635 1032 2678 lat.
1060 2637 1155 2678 132.

140 2700 314 2751 Quidam
346 2717 417 2746 rex
450 2707 538 2747 erat
569 2709 714 2760 potens
747 2706 863 2749 valde
896 2708 964 2761 qui
987 2707 1137 2750 multas
1159 2707 1330 2750 virtutes
1353 2706 1539 2750 habebat.
1588 2707 1693 2760 (Zie—

140 2775 354 2827 genauge.)
401 2774 470 2818 lat.
497 2777 563 2817 76.

140 2842 340 2887 Henricus
371 2845 412 2887 in
445 2846 611 2890 civitate
632 2847 816 2890 Romana
847 2849 1033 2903 regnavit
1055 2850 1124 2904 qui
1145 2850 1290 2892 statuit
1310 2862 1384 2904 pro
1406 2848 1507 2903 lege.
1556 2849 1689 2905 (Asyl‚

141 2914 378 2969 nachtigal.)
425 2930 519 2973 app.
543 2918 611 2959 54.
