1919 3157
84 185 151 226 25.

82 256 149 298 26.

78 611 146 653 29.

77 682 145 724 30.

76 754 144 795 31.

76 825 144 866 32.

75 896 143 938 33.

74 967 142 1009 34.

73 1111 141 1152 35.

73 1182 140 1223 36.

72 1253 140 1294 37.

71 1324 139 1366 38.

70 1467 138 1508 39.

68 1538 138 1580 40.

67 1610 136 1651 41.

66 1681 136 1723 42.

65 1825 134 1867 43.

64 1897 134 1938 44.

64 1969 133 2010 45.

63 2040 132 2082 46.

63 2111 132 2152 47.

62 2182 131 2224 48.

61 2254 130 2295 49.

61 2324 131 2367 50.

60 2395 130 2438 51.

60 2467 129 2509 52.

11 2562 13 2565 <
59 2537 128 2580 53.

58 2609 127 2651 54.

58 2680 126 2725 55.

57 2751 125 2793 56.

56 2821 124 2865 57.

56 2893 124 2936 58.

33 2987 36 2990 <
55 2962 123 3005 59.

81 398 149 439 27.

79 469 147 510 28.

881 83 965 125 259

200 184 244 227 111
275 186 370 227 vitis
403 190 566 241 patrum
599 186 760 239 legitur.
814 188 998 243 (Morgen
1033 189 1208 241 biissen.)

197 255 371 306 Quidam
403 256 553 299 nobilis
585 257 729 301 habuit
756 258 856 301 duos
879 260 996 303 filios.
1047 260 1189 312 (Einer
1210 261 1335 315 reich,
1368 262 1440 305 der
1463 262 1612 305 andere
1635 263 1756 317 karg-

198 326 278 369 lich
312 327 565 381 beschenkt.)

198 397 243 440 In
274 412 423 453 magno
455 399 636 455 periculo
671 414 759 443 esse
792 401 922 444 debet.
973 402 1267 456 (Achtseitiger
1299 402 1468 455 thurm.)

194 469 316 512 Anno
348 470 503 513 domini
536 471 654 513 ccccl.
704 471 902 524 (Wunder
925 487 1053 528 gegen
1075 474 1288 529 Arrianer,
1321 474 1407 517 drei
1431 476 1607 531 tropfen‚
1641 475 1754 531 Sige—

195 539 366 593 bertus.)

193 611 279 654 Rex
303 613 469 667 quidam
492 626 583 655 cum
608 619 847 667 argueretur
871 628 895 657 a
915 616 1055 659 fratre.
1091 616 1205 667 (Vier
1228 617 1456 669 kastchen.)
1497 618 1546 660 cs.
1567 618 1637 661 lat.
1658 619 1752 662 109.

193 682 368 733 Quidam
400 684 560 738 fugiens
593 699 616 727 a
647 686 751 728 facie
783 686 924 728 bestie.
975 686 1160 741 (Honig.)
1208 688 1278 730 lat.
1306 690 1401 731 168.

192 753 454 798 Consuetudo
472 757 550 798 fuit
566 757 607 798 in
626 757 803 811 quadam
822 771 973 811 magna
990 759 1168 802 civitate.
1200 759 1546 814 (Jahreskonige.)
1578 774 1672 816 app.
1685 761 1752 803 28.

191 824 382 868 Julianus
421 840 538 870 cesar
569 828 665 870 dum
699 828 831 884 ydolis
864 828 1126 873 sacrificaret.
1182 830 1332 882 (Kreuz
1365 831 1422 873 im
1455 832 1753 887 opferlamme.)

192 896 316 940 Libro
350 899 389 940 2.
412 899 619 954 tripertite
650 900 834 955 hystorie
865 900 1028 954 legitur.
1079 901 1225 952 (Heide
1257 902 1485 945 Probianus
1518 903 1719 956 bekehrt.)

191 968 332 1012 Abbas
374 973 516 1025 pastor
556 972 831 1025 interrogatus
871 985 895 1014 a
934 972 1109 1027 quodam
1142 974 1282 1016 fratre.
1340 973 1528 1029 (Bussen,
1567 976 1625 1017 40
1656 975 1754 1018 oder

191 1041 217 1081 3
248 1042 374 1095 tage.)

189 1109 359 1165 Legitur
390 1112 432 1153 in
465 1112 650 1168 hystoria
681 1115 790 1167 regis
823 1114 993 1156 arthusi.
1043 1115 1247 1163 (Erblickt
1275 1116 1397 1159 schiff
1414 1117 1519 1160 ohne
1539 1117 1752 1173 lenkung.)

189 1181 317 1225 Beata
349 1189 549 1239 perpetua
582 1185 684 1227 vidit
718 1185 823 1227 hanc
854 1186 1068 1228 visionem.
1118 1187 1488 1241 (Himmelsleiter.)

188 1253 391 1297 Arcenius
424 1255 550 1298 abbas
581 1256 685 1298 vidit
716 1258 930 1299 visionem.
980 1258 1022 1302 (3
1056 1259 1237 1310 narren.)
1289 1259 1360 1302 lat.
1387 1260 1482 1302 165.

189 1324 342 1368 Narrat
386 1326 620 1382 thymoteus
666 1328 972 1385 hystoriaphus.
1037 1329 1252 1381 (Octavian
1291 1331 1395 1373 wird
1434 1331 1621 1374 Christus
1660 1345 1751 1375 ver-

151 1394 156 1398 '
188 1396 394 1452 kiindigt.)

186 1467 361 1511 Dicebat
391 1469 516 1512 abbas
548 1470 703 1526 helyas.
753 1471 966 1522 (Fiirchtet
997 1472 1085 1515 drei
1118 1473 1270 1527 dinge.)

186 1539 361 1590 Quidam
393 1541 662 1597 philosophus
692 1543 818 1585 venit.
868 1543 983 1595 (Drei
1015 1544 1178 1597 fragen:
1211 1544 1362 1599 Adam,
1393 1544 1548 1599 Enoch,
1581 1544 1719 1598 Loth.)

184 1609 246 1654 De
277 1612 478 1668 presagiis
510 1613 668 1655 mortis.
717 1613 884 1665 (Casars
916 1615 1234 1668 todeszeichen.)
1282 1615 1353 1659 lat.
1378 1617 1448 1658 97.

184 1682 286 1724 Cum
320 1683 557 1726 allexander
588 1685 803 1739 navigaret
834 1700 908 1741 per
940 1687 1143 1741 quendam
1175 1687 1358 1730 fluvium.
1417 1686 1510 1740 (Mit
1541 1688 1647 1731 stein
1679 1688 1747 1731 be-

185 1754 389 1808 schenkt.)

182 1825 336 1868 Narrat
366 1830 507 1882 petrus
540 1827 776 1883 alphansus.
826 1828 961 1881 (Zoll.)
1009 1830 1079 1872 lat.
1107 1830 1200 1871 157.

181 1896 349 1940 Boetius
381 1901 423 1940 et
453 1899 671 1954 exponitor
703 1900 801 1954 ejus.
857 1899 1062 1956 (Orpheus
1095 1901 1179 1943 und
1209 1900 1435 1953 Euridice.)

181 1968 337 2012 Seneca
368 1970 486 2025 ponit
515 1970 558 2011 in
589 1970 976 2014 declamacionibus.
1026 1972 1346 2041 (Erbtheilung.)
1392 1972 1463 2015 lat.
1489 1973 1557 2014 90.

181 2039 244 2083 De
275 2041 599 2084 annunciacione
631 2041 748 2084 beate
781 2043 965 2097 virginis.
1016 2043 1388 2098 (Verkiindigung.)

180 2110 243 2154 De
273 2124 393 2154 cruce
424 2113 620 2168 psalmus.
668 2113 1011 2170 (Bibelspriiche.)

179 2182 368 2226 Valerius
399 2184 606 2226 maximus
637 2189 791 2227 narrat.
841 2185 1073 2236 (Romische
1105 2187 1250 2230 frauen
1281 2186 1446 2229 sterben
1475 2199 1548 2228 vor
1567 2186 1740 2239 frende.)

179 2253 242 2297 De
271 2255 420 2308 gaudio
452 2255 595 2297 mundi
627 2260 669 2299 et
699 2260 949 2300 sanctorum.
1000 2257 1124 2310 (Hiob
1157 2260 1227 2313 20,
1259 2258 1449 2313 punkte.)

178 2325 241 2368 De
272 2326 528 2369 detractione
560 2326 727 2370 Seneca.
777 2328 959 2381 (Citate.)

176 2396 338 2440 Recitat
368 2398 611 2451 augustinus
643 2399 685 2440 in
718 2399 787 2442 lib.
812 2401 862 2443 de
890 2401 967 2443 civ.
988 2401 1067 2443 dei.
1109 2400 1299 2453 (Statuen
1320 2401 1561 2453 bestehlen.)
1607 2400 1678 2443 lat.
1699 2401 1736 2443 8.

175 2467 280 2511 Erat
310 2469 485 2524 quedam
519 2469 678 2512 mulier.
728 2470 857 2519 (Sohu
888 2472 973 2514 und
1005 2472 1063 2514 elf
1091 2472 1334 2525 stiefsohne3
1369 2472 1561 2525 kuchen.)

175 2539 238 2582 De
268 2541 503 2596 penitencia
534 2545 575 2584 et
604 2542 871 2585 restitucione
902 2543 980 2585 luc.
1009 2544 1072 2585 19.
1121 2543 1267 2594 (Schaf
1293 2543 1365 2586 des
1398 2545 1570 2596 armen.)

175 2610 290 2661 Quod
322 2611 452 2655 bonus
484 2612 600 2655 cibus
633 2618 673 2656 et
704 2618 837 2669 potus.
892 2613 1036 2665 (Gutes
1069 2613 1181 2657 essen
1213 2615 1297 2657 und
1329 2615 1527 2666 trinken.)

173 2681 337 2725 Dicitur
368 2683 418 2726 de
449 2683 568 2726 beato
600 2684 810 2728 lodewico.
861 2684 1113 2740 (Erkundigt
1144 2686 1230 2728 sich
1262 2686 1365 2729 nach
1395 2686 1475 2729 den
1496 2685 1707 2739 briidern.)

172 2752 329 2796 Videbo
361 2754 469 2797 celos
500 2759 593 2798 tuos
626 2769 753 2812 opera
783 2756 1007 2810 digitorum
1039 2760 1215 2799 tuorum.
1271 2757 1456 2809 (Psalm.)

172 2823 349 2875 Quidam
379 2839 498 2869 cecus
531 2827 702 2870 servivit
733 2828 802 2869 uni
835 2827 976 2870 nobili.
1026 2828 1163 2878 (Trifft
1192 2829 1263 2871 ihn
1295 2829 1352 2871 im
1376 2828 1532 2870 kloster
1552 2827 1733 2881 wieder.)

170 2894 342 2950 Legitur
371 2897 415 2938 in
445 2898 552 2940 vitas
584 2902 749 2954 patrum
783 2898 833 2941 de
867 2899 1059 2954 quodam.
1106 2899 1327 2955 (Didymus
1358 2899 1605 2954 geblendet.)

171 2964 440 3021 Temporibus
473 2968 579 3012 beati
613 2969 811 3011 lodewici.
863 2969 1172 3016 (Todesstrafe.)

1380 3045 1453 3080 17÷÷

1806 2183 1855 2202 f

1768 2906 1814 2928 s
