1919 3157
881 39 959 80 651

84 135 296 179 dixerunt:
331 137 455 180 Nobis
497 139 597 182 bene
640 141 784 196 placet.
842 143 947 185 Dato
981 147 1116 200 precio
1150 147 1313 191 domina
1346 164 1435 193 eum
1469 165 1604 194 secum
1638 154 1755 196 duxit

85 212 125 250 et
154 208 234 249 ait:
277 208 519 263 Karissime,
560 212 683 253 vitam
718 217 828 255 tuam
864 214 1039 268 salvavi,
1079 226 1165 259 esto
1199 218 1328 262 fidelis
1361 222 1458 264 mihi
1493 224 1681 266 ammodo
1715 234 1755 267 et

83 278 311 321 mercedem
345 281 588 335 condignam
621 284 694 325 tibi
728 284 844 326 dabo.
903 286 980 329 Iste
1012 289 1213 343 promisit.
1262 291 1362 334 Cum
1398 307 1491 335 vero
1525 308 1665 338 versus
1697 297 1754 339 ci-

83 349 250 392 vitatem
284 352 488 405 quandam
523 355 765 408 equitasset,
804 356 970 399 domina
1001 372 1091 400 eum
1125 362 1313 415 premisit
1346 367 1390 405 ut
1422 364 1650 419 hospicium
1682 367 1753 409 ho-

81 424 243 463 nestum
283 422 319 464 ei
357 430 608 478 procuraret.
666 425 744 468 lste
784 430 982 482 precessit
1020 434 1061 472 et
1098 432 1237 473 omnia
1268 433 1520 490 adimplevit.
1574 436 1753 480 Domina

80 502 172 532 cum
204 491 399 536 intrasset
430 494 655 550 hospicium
696 498 732 538 ei
772 497 937 553 placuit.
997 500 1039 542 ln
1072 502 1236 545 civitate
1269 503 1338 546 illa
1369 511 1526 561 septem
1559 508 1644 550 dies
1681 523 1752 552 ex-

80 562 304 617 spectabat.
360 564 525 607 lnterim
569 567 741 620 quedam
782 570 897 611 navis
939 583 1028 612 cuin
1069 574 1345 617 mercimoniis
1385 590 1431 618 ac
1472 580 1619 633 pannis
1660 594 1751 635 pre-

78 632 199 675 ciosis
231 634 282 676 ad
315 635 521 678 civitatem
556 638 678 680 venit.
729 638 908 683 Domina
939 654 1030 684 cum
1064 643 1258 697 audisset,
1292 646 1340 688 ad
1373 661 1517 690 navem
1551 650 1749 693 famulum

77 703 211 757 misit,
243 710 288 748 ut
325 720 482 762 pannos
523 721 569 749 ac
610 708 690 751 alia
728 716 969 754 ornamenta
1008 727 1081 768 pro
1122 714 1192 757 tali
1234 716 1399 759 domina
1441 720 1608 763 videret.
1673 721 1750 773 Qui

77 787 168 817 cum
201 776 371 820 vidisset
402 778 574 822 multum
615 781 650 822 ei
685 781 850 836 placuit,
884 785 1187 840 nuncciansque
1220 787 1395 831 domine.
1447 790 1518 833 Ille
1550 806 1644 834 vero
1677 807 1749 835 na-

77 859 165 888 vem
199 847 411 892 descendit
441 854 481 892 et
513 863 647 892 secum
681 853 854 895 contulit
883 854 931 896 de
954 855 1035 897 illis
1058 870 1135 911 que
1157 858 1233 899 sibi
1258 859 1510 914 placuerunt.
1553 862 1750 917 Magister

75 917 192 960 navis
231 931 321 961 cum
364 933 436 975 per
468 921 630 964 brevem
663 922 804 965 horam
839 938 975 967 secum
1009 928 1249 972 contulisset
1280 935 1423 986 captus
1456 937 1517 975 est
1548 935 1588 976 in
1621 935 1749 978 oculis

74 988 160 1043 ejus
191 989 233 1031 in
265 994 424 1033 tantum
467 993 573 1046 quod
606 993 780 1037 libenter
818 996 852 1037 ei
894 998 1031 1040 omnia
1063 998 1168 1041 bona
1209 1003 1326 1043 navis
1365 1003 1564 1058 dedisset,
1601 1005 1634 1047 si
1669 1005 1747 1048 sibi

73 1061 323 1104 consentiret
354 1067 394 1104 et
424 1076 560 1105 secum
593 1065 803 1119 dormiret,
837 1071 974 1110 tamen
997 1074 1196 1113 secretum
1221 1073 1353 1115 cordis
1379 1075 1413 1116 ei
1440 1088 1519 1117 non
1543 1077 1745 1131 apperuit.

72 1130 269 1185 Magister
307 1146 402 1176 vero
442 1139 608 1190 accepta
647 1136 818 1179 licencia
855 1152 999 1181 navem
1048 1142 1243 1185 ascendit.
1311 1143 1387 1187 Die
1435 1159 1529 1188 vero
1570 1148 1747 1190 secunda

70 1201 270 1244 famulum
302 1217 420 1246 suum
454 1205 505 1247 ad
527 1219 671 1248 navem
705 1208 818 1250 misit
849 1209 1008 1253 dicens:
1044 1211 1087 1254 Si
1119 1213 1155 1255 ei
1188 1214 1369 1269 placeret
1401 1230 1558 1272 pannos
1587 1232 1634 1261 ac
1665 1219 1747 1262 alia

71 1278 312 1316 ornamenta
349 1276 385 1318 ei
423 1277 606 1320 mitteret
646 1283 689 1321 ut
727 1292 775 1321 ea
814 1280 982 1324 videret.
1036 1282 1231 1327 Famulus
1271 1300 1366 1328 vero
1406 1301 1497 1330 cum
1530 1291 1744 1344 negocium

70 1344 234 1388 domine
264 1346 448 1399 fecisset,
489 1348 547 1391 ait
585 1349 640 1391 ei:
680 1349 927 1406 Karissime,
961 1353 1036 1396 tibi
1067 1356 1296 1399 mercedem
1331 1358 1434 1401 dabo
1467 1373 1541 1414 pro
1572 1365 1644 1403 tua
1674 1375 1744 1404 vo-

68 1415 247 1470 luntate,
289 1418 323 1459 si
363 1418 570 1461 dominam
605 1425 719 1474 potes
752 1422 881 1465 adhoc
918 1424 1110 1468 inducere
1151 1431 1196 1469 ut
1234 1429 1505 1483 personaliter
1535 1433 1743 1487 ascendat,

69 1487 165 1541 quia
197 1501 284 1530 eam
317 1489 461 1532 intime
493 1490 632 1545 diligo,
665 1496 705 1534 et
736 1505 826 1535 cum
858 1495 1075 1538 intraverit
1105 1501 1147 1540 tu
1171 1512 1305 1542 exeas,
1353 1501 1411 1542 At
1440 1501 1536 1544 iste:
1570 1503 1622 1545 da
1641 1504 1742 1546 mihi

68 1559 251 1614 precium
284 1573 358 1615 pro
391 1574 484 1603 mea
515 1562 725 1606 voluntate
756 1568 797 1607 et
828 1565 1036 1609 dominam
1068 1568 1215 1611 faciam
1248 1584 1393 1613 navem
1434 1573 1608 1628 intrare,
1649 1588 1740 1618 cum

67 1629 193 1672 semel
240 1643 327 1672 eam
377 1632 485 1674 intus
532 1633 745 1689 habueris,
799 1636 864 1679 sac
911 1641 1007 1680 tunc
1055 1640 1162 1694 quod
1207 1641 1281 1683 tibi
1328 1642 1473 1698 placet.
1544 1644 1741 1699 Magister

68 1713 162 1743 vero
204 1701 296 1757 plus
336 1716 456 1757 quam
490 1705 638 1759 petivit
669 1706 782 1748 dedit
813 1708 862 1750 ei.
920 1708 990 1751 Ille
1030 1724 1125 1753 vero
1163 1713 1346 1767 perrexit
1378 1714 1429 1756 ad
1461 1715 1667 1758 dominam
1701 1722 1742 1760 et

67 1773 143 1815 ait:
176 1773 356 1816 Domina
376 1788 468 1816 mea
489 1775 722 1831 karissima,
755 1779 952 1832 magister
983 1782 1101 1824 navis
1135 1797 1213 1825 non
1238 1784 1324 1826 vult
1345 1785 1553 1829 dimittere
1583 1802 1741 1843 pannos

66 1857 113 1886 ac
144 1849 387 1887 ornamenta
418 1850 535 1888 extra
574 1861 740 1902 navem,
779 1851 858 1892 nisi
892 1853 1164 1906 personaliter
1195 1855 1411 1910 ascendas,
1445 1858 1551 1900 sicut
1580 1859 1669 1915 ipse
1700 1865 1740 1903 te

64 1915 209 1958 intime
247 1922 376 1970 rogat.
432 1917 612 1961 Domina
652 1934 746 1962 vero
786 1921 835 1964 de
866 1922 1009 1965 fraude
1046 1925 1263 1978 ignorabat
1293 1932 1333 1970 et
1364 1941 1509 1970 navem
1542 1931 1738 1974 ascendit.

63 1985 118 2028 Et
157 2000 246 2028 cum
288 1988 483 2031 intrasset
524 1990 701 2033 famulus
748 1993 834 2046 ejus
882 1994 1021 2037 exivit.
1085 1995 1170 2046 Quo
1207 1994 1315 2040 facto
1355 1998 1552 2054 Magister
1598 2001 1738 2045 videns

64 2062 231 2100 ventum
264 2058 465 2113 validum,
506 2061 638 2103 velum
673 2062 825 2105 levavit
857 2068 896 2106 et
933 2067 1115 2109 recessit.
1168 2067 1346 2112 Domina
1378 2070 1454 2113 hoc
1485 2072 1628 2115 videns
1660 2074 1735 2116 ait:

63 2128 310 2184 Karissime,
351 2131 447 2185 quid
488 2132 667 2175 intendis
706 2134 868 2177 facere?
913 2136 986 2179 Ait
1024 2137 1123 2180 iste:
1165 2139 1220 2181 Te
1260 2154 1417 2184 mecum
1456 2143 1603 2185 ducere
1643 2144 1738 2198 quia

62 2204 195 2242 tecum
230 2214 275 2242 ac
307 2206 426 2244 nocte
458 2203 624 2245 intendo
657 2204 848 2248 dormire.
905 2206 991 2257 Que
1022 2209 1098 2251 ait:
1133 2210 1254 2253 Absit
1284 2212 1358 2254 hoc
1391 2227 1414 2255 a
1446 2228 1528 2268 me,
1567 2219 1612 2256 ut
1642 2227 1736 2257 con-

61 2272 255 2314 senciam.
302 2272 530 2328 Respondit
560 2275 657 2317 iste:
692 2290 815 2318 unum
849 2291 899 2319 ex
923 2278 1080 2322 duobus
1112 2280 1235 2335 elige;
1269 2287 1339 2325 aut
1369 2284 1468 2326 mihi
1500 2287 1735 2329 consencias

62 2346 132 2384 aut
170 2343 212 2384 in
244 2357 357 2386 mare
395 2348 435 2386 te
467 2345 695 2400 projiciam.
749 2346 823 2389 Illa
864 2348 938 2390 hoc
971 2350 1139 2393 audiens
1176 2353 1254 2395 ait:
1295 2353 1442 2410 Exquo
1480 2357 1537 2398 ita
1569 2361 1642 2411 est,
1676 2358 1734 2399 lo-

61 2426 153 2455 cum
193 2427 267 2469 pro
298 2414 415 2456 nobis
458 2429 632 2471 prepara
673 2421 717 2459 ut
754 2418 938 2461 homines
978 2434 1058 2463 non
1101 2423 1285 2478 videant,
1326 2426 1487 2479 quando
1527 2427 1577 2469 ad
1609 2428 1731 2471 talem

61 2488 195 2526 actum
237 2485 428 2528 accedere
467 2486 674 2529 debemus.
731 2488 927 2542 Magister
962 2491 1037 2533 hcc
1068 2494 1236 2537 audiens
1268 2496 1310 2537 in
1340 2496 1420 2539 fine
1451 2499 1566 2540 navis
1598 2498 1731 2542 locum

62 2568 207 2610 parare
237 2555 347 2598 fecit.
395 2556 574 2600 Domina
605 2559 720 2613 prius
752 2560 923 2603 intravit
954 2567 994 2604 et
1024 2562 1140 2606 flexis
1178 2567 1362 2619 genubus
1394 2568 1513 2610 deum
1547 2569 1734 2613 adoravit

9 2639 12 2643 ’
59 2626 220 2668 dicens:
267 2626 443 2670 Domine
482 2629 581 2671 deus
621 2630 689 2684 qui
731 2630 860 2673 celum
905 2637 945 2674 et
982 2637 1133 2676 terram
1176 2639 1346 2692 creasti,
1385 2639 1498 2681 salva
1536 2653 1601 2682 me
1632 2640 1732 2684 hora

58 2697 150 2739 ista.
202 2697 341 2740 Finita
372 2700 562 2742 oracione
592 2702 773 2743 surrexit
803 2704 974 2757 quedam
1007 2710 1229 2762 tempestas
1261 2709 1302 2750 in
1326 2710 1442 2762 mari,
1475 2711 1582 2764 quod
1613 2712 1730 2754 navis

58 2768 99 2810 in
133 2768 234 2811 duas
265 2773 404 2825 partes
445 2770 723 2825 dividebatur,
762 2773 820 2815 ita
858 2776 964 2829 quod
1003 2789 1143 2820 omnes
1179 2779 1527 2833 subjungebantur
1559 2787 1730 2838 excepta

59 2839 243 2893 domina,
284 2855 361 2895 que
398 2842 468 2883 uni
500 2841 638 2885 tabule
670 2843 842 2886 adhesit.
889 2845 943 2888 Et
973 2848 1169 2902 magister
1200 2850 1317 2893 alteri
1349 2851 1526 2894 thabule.
1578 2852 1634 2895 Et
1671 2854 1730 2897 sic

10 2954 13 2957 ,
59 2910 179 2953 ambo
210 2911 262 2954 ad
293 2915 445 2954 terram
480 2919 765 2969 pervenerunt.
818 2916 998 2961 Domina
1028 2932 1123 2962 vero
1155 2933 1244 2963 cum
1279 2921 1330 2964 ad
1352 2925 1502 2966 terram
1537 2925 1726 2980 venisset,
