1954 3137
206 988 274 1029 96.

205 1358 274 1399 99.

178 1506 272 1547 100.

178 1652 272 1693 101.

178 1799 273 1840 102.

179 1946 274 1987 103.

179 2092 275 2133 104.

178 2239 273 2280 105.

178 2386 272 2427 106.

178 2533 274 2574 107.

178 2680 274 2721 108.

998 73 1054 117 28

329 179 392 222 De
426 180 603 234 quodam
636 180 725 221 viro
758 179 828 234 qui
859 178 965 220 vidit
995 181 1230 234 serpentem
1263 178 1450 233 ligatum.
1500 179 1672 234 Legitur
1702 180 1752 223 de
1774 194 1874 236 quo-

328 250 422 291 dam
456 251 558 292 viro.
607 249 829 303 (Schlange
860 249 1006 301 losen.)
1054 248 1126 291 lat.
1152 250 1248 291 174.

271 358 279 367 .
329 325 392 367 De
415 326 603 381 yanitore
627 330 667 368 et
688 327 872 379 gibboso.
922 325 1098 375 Quidam
1128 325 1320 368 dominus
1349 331 1450 369 erat.
1500 326 1636 379 (Zoll.)
1683 326 1755 369 lat.
1777 327 1872 369 157.

329 402 391 443 De
414 406 551 444 statua
573 407 614 445 et
635 403 829 458 ymagine
861 406 901 444 et
922 402 1140 444 medicina.
1189 401 1362 455 Legitur
1383 404 1425 444 in
1449 403 1666 445 scolastica
1686 403 1872 446 historia.

327 472 566 523 (Heilendes
600 472 910 524 Christusbild.)
958 486 1055 527 app.
1082 473 1148 514 18.

253 568 276 589 ›.
326 548 389 590 De
421 549 591 590 miseria
623 549 744 602 hujus
779 549 934 590 mundi.
986 548 1114 590 Miser
1146 548 1282 602 homo,
1315 549 1422 591 vide.
1471 548 1670 603 (Mensch‚
1703 562 1789 592 was
1819 548 1876 591 ist

327 621 402 669 er.)
450 619 522 661 lat.
548 620 616 661 36.

325 694 388 737 De
435 695 590 749 aquilla
637 699 678 736 et
718 698 909 750 serpente
951 698 1027 737 etc.
1090 693 1264 749 Legitur
1303 695 1412 750 quod
1453 695 1620 750 aquilla.
1677 695 1874 747 (Achat.)

324 766 396 808 lat.
422 767 490 807 37.

267 875 275 883 .
326 842 389 884 De
430 842 589 884 duobus
629 842 827 884 fratribus
866 841 1213 884 discordantibus.
1276 840 1450 895 Legitur
1487 843 1531 884 in
1571 842 1698 896 gestis
1736 855 1874 884 roma—

324 926 486 954 norum.
536 912 791 963 (Feindliche
824 912 1008 964 briider.)
1054 912 1125 954 lat.
1151 913 1220 954 39.

324 988 388 1030 De
420 988 527 1030 bello
551 988 704 1030 Christi
738 992 883 1030 contra
904 988 1128 1030 diabolum.
1176 988 1355 1030 Cosdras
1377 989 1618 1044 imperator.
1665 988 1874 1041 (Codrus.)

324 1059 396 1100 lat.
421 1061 491 1100 41.

267 1167 275 1176 .
324 1134 388 1176 De
421 1139 545 1190 ponte
579 1140 619 1178 et
650 1136 761 1177 feris.
810 1135 915 1177 Erat
948 1135 1116 1189 quidam
1148 1135 1285 1178 homo.
1334 1135 1543 1188 (Briicke.)
1591 1149 1720 1190 germ.
1743 1136 1813 1178 53.

206 1211 274 1252 98.

323 1211 386 1253 De
435 1215 594 1267 septem
642 1212 858 1254 arboribus
906 1216 946 1254 et
984 1215 1145 1267 septem
1186 1212 1431 1255 mortalibus
1471 1213 1665 1268 peccatis.
1730 1212 1874 1255 Tulius

323 1286 479 1324 narrat.
531 1283 699 1333 (Sieben
732 1283 912 1335 b'aume.)
961 1282 1034 1324 lat.
1057 1284 1162 1325 46⁶2.

323 1358 385 1400 De
424 1358 558 1401 tribus
597 1359 695 1401 filiis
736 1362 776 1401 et
807 1359 947 1415 lapide
980 1360 1180 1414 precioso.
1239 1359 1415 1409 Quidam
1449 1373 1536 1402 reX.
1591 1358 1874 1412 (Glassteine.)

324 1442 419 1484 app.
448 1431 514 1471 14.

322 1504 386 1547 De
420 1519 598 1560 precone
631 1509 671 1548 et
702 1506 830 1549 nobili
863 1507 1031 1549 femina.
1080 1506 1222 1548 Refert
1244 1506 1449 1549 Valerius.
1499 1505 1671 1559 (Mutter
1702 1504 1872 1558 stillen.)

322 1589 416 1630 app.
446 1577 511 1617 19.
1482 1578 1489 1584 ’

323 1652 385 1694 De
426 1653 602 1706 quodam
645 1654 714 1707 qui
754 1653 858 1695 vidit
896 1652 1118 1708 Ethiopem
1158 1653 1201 1694 in
1241 1653 1347 1695 silva
1387 1652 1533 1708 [ligna]
1576 1652 1870 1696 succidentem.

323 1722 495 1776 Legitur
526 1724 567 1764 in
602 1724 697 1765 vitis
730 1728 911 1779 patrum.
961 1723 1081 1776 (Drei
1114 1725 1297 1775 narren.)
1346 1724 1417 1766 lat.
1445 1724 1540 1766 165.

322 1799 385 1841 De
424 1800 617 1854 passione
649 1801 817 1842 domini.
874 1799 1111 1856 Pompeyus
1145 1801 1302 1843 statuit.
1358 1800 1421 1852 (In
1451 1799 1600 1843 waffen
1632 1800 1871 1854 begraben.)

321 1869 392 1911 lat.
422 1872 517 1912 134.

324 1946 386 1987 De
410 1946 576 2000 Ingrato
607 1951 647 1989 et
669 1946 854 2003 Gydone.
896 1947 1101 1989 Deutinus
1124 1948 1327 2000 regnavit.
1369 1947 1577 2001 (Ingratus
1599 1947 1684 1989 und
1705 1946 1871 1999 Guido.)

322 2016 392 2057 lat.
422 2018 516 2058 119.

324 2092 386 2133 De
419 2097 649 2135 mercatore
672 2095 742 2148 qui
765 2098 849 2136 tres
873 2094 1106 2149 sapiencias
1130 2093 1328 2136 vendidit.
1369 2094 1554 2148 (Anfang
1575 2093 1709 2146 fehlt.)
1754 2093 1872 2146 (Drei

322 2163 561 2206 weisheiten
596 2165 855 2210 verkaufen.l
906 2164 976 2206 lat.
1005 2166 1101 2206 103.

324 2239 386 2281 De
427 2240 599 2282 basilica
637 2244 677 2282 et
714 2241 927 2294 sarcofago
961 2245 1036 2283 etc.
1091 2240 1303 2282 Adrianus
1335 2241 1538 2294 regnavit.
1593 2241 1870 2297 (Sarkophag,

323 2310 466 2352 weiter
499 2311 559 2352 als
592 2325 681 2366 cap.
708 2312 747 2364 8,
781 2311 964 2353 moralis.
989 2325 1068 2353 nur
1100 2311 1360 2365 verweisung
1390 2311 1547 2363 dahin.)

322 2386 385 2428 De
424 2387 556 2429 milite
597 2391 636 2429 et
675 2401 804 2429 uxore
842 2388 1075 2430 adulterata
1108 2392 1184 2430 etc.
1238 2387 1488 2430 Theolonius
1519 2401 1636 2431 rome
1665 2388 1868 2442 regnavit.

323 2456 609 2509 (Wachsbild.)
657 2458 729 2500 lat.
756 2459 851 2500 102.

324 2533 386 2574 De
426 2538 568 2576 sancto
601 2534 826 2576 Eustachio
868 2534 938 2588 qui
980 2537 1075 2576 ante
1115 2535 1369 2589 baptismum
1407 2534 1632 2577 vocabatur
1661 2534 1867 2578 Placidus.
1913 2587 1918 2591 ἱ

322 2603 427 2645 Erat
459 2605 627 2658 quidam
659 2605 792 2647 miles.
842 2604 1081 2656 (Placidus.)
1128 2605 1199 2647 lat.
1227 2607 1323 2647 110.

323 2679 385 2721 De
427 2680 514 2722 filia
548 2681 658 2734 regis
691 2685 732 2722 et
763 2681 944 2735 quinque
976 2682 1177 2724 militibus
1210 2685 1252 2724 et
1282 2694 1395 2724 cane.
1445 2680 1634 2724 Valerius
1665 2682 1868 2736 regnavit.

326 2749 537 2803 (Stricke.)
587 2765 682 2806 app.
710 2752 775 2792 16.
