1919 3131
72 170 140 211 47.

72 312 142 354 48.

72 454 140 496 49.

73 596 141 638 50.

73 739 141 780 51.

73 879 141 922 52.

73 1022 140 1064 53.

74 1307 142 1349 55.

75 1449 143 1492 56.

76 1592 144 1634 57.

76 1735 144 1777 58.

76 1878 144 1921 59.

77 2021 144 2063 60.

77 2163 144 2205 61.

78 2305 145 2348 62.

78 2447 145 2489 63.

80 2589 146 2631 64.

80 2731 148 2773 65.

81 2873 148 2914 66.

191 168 253 211 De
285 182 379 222 rege
412 169 479 223 qui
512 168 608 210 fecit
637 182 832 221 magnum
864 169 1095 211 convivium
1128 172 1202 210 etc.
1251 168 1422 218 Quidam
1455 182 1527 210 rex
1560 172 1648 210 erat
1674 169 1742 222 qui

189 240 346 282 statuit.
396 239 781 294 (Todestrompete.)
827 239 897 281 lat.
926 241 1018 281 143.

189 311 253 354 De
290 324 385 364 rege
417 310 485 364 qui
518 310 663 352 statuit
695 310 801 364 quod
835 310 1006 364 quilibet
1036 323 1155 353 cecus
1188 313 1262 352 etc.
1317 309 1512 360 Quicillus
1543 310 1740 363 regnavit.

189 383 292 433 (100
322 381 552 435 groscben.)
603 381 671 423 lat.
698 383 763 423 73.

188 453 251 496 De
281 466 403 509 pomo
427 465 549 494 aureo
582 456 621 494 et
644 453 802 507 mayori
826 451 964 494 stulto.
1013 451 1271 502 Quirelianus
1303 452 1501 505 regnavit.
1550 451 1744 500 (Narren—

190 523 329 579 apsel.)
375 523 445 565 lat.
471 524 538 564 74.

190 594 252 637 De
282 607 378 648 rege
409 595 477 649 qui
511 594 733 636 invidiosos
766 595 851 650 pati
885 593 1017 635 noluit
1049 597 1122 635 etc.
1172 592 1345 643 Quidam
1378 607 1449 636 rex
1482 597 1581 636 erat.
1638 592 1744 644 (Zie-

189 666 403 720 genauge.)
450 665 521 707 lat.
546 666 613 706 76.

188 737 252 780 De
281 736 398 779 leone
431 750 628 792 suspenso
662 740 702 779 et
732 737 782 778 de
815 736 1004 791 passione
1036 734 1203 776 domini.
1252 734 1435 785 Quedam
1466 735 1610 777 civitas
1643 738 1743 777 erat.

190 807 396 858 (Drachen
428 808 555 850 durch
588 807 718 850 lowen
753 807 959 856 entfernt.)
1006 819 1101 861 app.
1124 807 1164 848 4.

189 878 252 922 De
283 878 415 921 milite
446 879 515 934 qui
547 892 665 921 servo
697 892 770 920 suo
803 878 947 933 pedem
981 877 1156 919 abscidit
1187 880 1261 919 etc.
1310 876 1428 919 Miles
1461 877 1627 931 quidam
1659 880 1747 919 erat

188 964 362 1004 magnus
394 949 560 1006 praedo.
608 949 721 1000 (Fuss
755 949 836 1002 ab.)
884 949 954 991 lat.
982 950 1073 991 127.

188 1021 251 1064 De
281 1035 377 1075 rege
409 1021 477 1075 qui
508 1020 637 1062 filium
670 1034 789 1062 suum
818 1021 1076 1074 unigenitum
1099 1019 1283 1062 occidere
1304 1018 1433 1061 voluit
1454 1022 1528 1062 ete.
1576 1018 1746 1062 Poneia·

189 1106 278 1134 nus.
327 1092 417 1144 (VII
447 1105 548 1147 sap,
581 1092 766 1145 rahmen,
799 1092 875 1133 mit
908 1091 1090 1144 schluss.)
1137 1104 1264 1145 germ.
1289 1091 1358 1132 40.

191 1163 270 1206 Per
298 1164 421 1206 istam
452 1164 626 1205 formam
658 1177 736 1218 que
758 1163 943 1217 sequitur
966 1166 1040 1205 etc.
1090 1162 1194 1204 Erat
1215 1161 1381 1216 quidam
1403 1160 1521 1204 miles
1543 1164 1745 1204 strenuus.

190 1234 343 1288 (Hund‚
375 1234 448 1276 VII
481 1235 586 1290 sap.)
633 1247 760 1288 germ.
783 1234 852 1275 41.

190 1305 254 1349 De
290 1309 457 1362 pastore
497 1306 566 1360 qui
608 1319 753 1361 aprum
793 1305 998 1348 interfecit
1036 1308 1110 1347 ete.
1168 1303 1340 1354 Quidam
1378 1307 1616 1359 ymperator
1647 1307 1746 1347 erat.

145 1401 149 1405 ·
191 1377 329 1431 (Eber,
350 1376 425 1418 VII
454 1377 559 1432 sap.)

191 1448 254 1492 De
285 1447 415 1490 milite
446 1461 542 1490 sene
582 1451 622 1490 et
653 1460 780 1489 uxore
812 1460 885 1489 sua
917 1446 1149 1501 juvencula.
1204 1446 1417 1497 Quondam
1451 1450 1540 1489 erat
1577 1447 1620 1488 in
1651 1446 1750 1489 eivi—

192 1524 289 1563 tate.
339 1517 677 1573 (Hausschliissel,
707 1518 779 1560 VII
811 1519 916 1574 sap.)

191 1591 254 1634 De
279 1590 408 1633 milite
431 1594 471 1632 et
492 1589 574 1632 filio
598 1590 666 1644 qui
687 1593 885 1632 nocturno
909 1593 1094 1645 tempore
1116 1593 1190 1631 etc.
1230 1587 1333 1630 Erat
1355 1588 1559 1643 quondam
1582 1588 1748 1644 quidam

193 1661 324 1704 miles.
372 1661 487 1704 Ohne
518 1661 700 1703 moralis.
750 1661 921 1712 (Thurm
952 1660 1169 1714 Herodots‚
1198 1659 1272 1702 VII
1303 1660 1407 1715 sap.)
1454 1673 1581 1713 germ.
1605 1660 1673 1701 42.

193 1733 256 1776 De
295 1733 390 1789 pica
427 1746 505 1787 que
545 1732 789 1787 loquebatur
821 1735 896 1774 etc.
953 1731 1064 1773 Civis
1097 1731 1262 1786 quidam
1296 1734 1384 1773 erat
1413 1731 1456 1773 in
1487 1732 1654 1774 civitate
1683 1744 1749 1774 ro-

194 1818 328 1848 mana.
378 1803 493 1846 Ohne
523 1803 703 1846 moralis.
753 1803 920 1857 (Elster,
950 1802 1022 1845 VII
1053 1804 1157 1858 sap.)

190 1876 253 1920 De
295 1875 427 1918 milite
465 1889 561 1918 sene
600 1878 639 1917 et
678 1887 807 1916 uxore
839 1874 1060 1929 juvencula
1100 1879 1174 1917 etc.
1238 1873 1356 1916 Miles
1396 1873 1562 1928 quidam
1597 1873 1746 1927 justus.

193 1948 308 1991 Ohne
338 1946 517 1989 moralis.
568 1946 705 2000 (Frau‚
736 1945 807 1987 VII
840 1946 944 2001 sap.)

192 2018 332 2071 (Ohne
367 2018 652 2069 iiberschrift.)
714 2016 962 2059 Octavianus
1009 2017 1198 2070 regnavit
1236 2016 1350 2058 dives
1391 2015 1520 2058 valde.
1579 2014 1748 2069 (Virgils

191 2090 342 2144 thurm,
376 2089 448 2131 VII
479 2089 583 2144 sap.)
631 2101 758 2143 germ.
782 2088 850 2129 43.

191 2161 254 2204 De
282 2165 542 2217 ymperatore
574 2160 642 2214 qui
665 2163 782 2202 extra
802 2158 1025 2214 pallacium
1047 2162 1122 2201 etc.
1162 2158 1335 2209 Quidam
1356 2158 1582 2214 imperator
1602 2171 1747 2211 regna-

192 2233 263 2275 vit.
311 2230 401 2283 (VII
433 2244 536 2286 sap¹⁷
569 2230 642 2272 VII
674 2231 779 2286 sap.)
826 2243 953 2284 germ.
976 2230 1045 2271 48.

191 2303 255 2346 De
286 2302 485 2345 divisione
515 2302 755 2344 hereditatis
788 2305 862 2344 eto.
912 2300 1208 2352 (Uebersohrift
1228 2313 1307 2342 von
1330 2301 1415 2352 66.)
1463 2299 1637 2350 Quidam
1669 2299 1745 2341 im-

193 2377 359 2431 perator
391 2374 548 2416 statuit.
596 2372 784 2428 (Abyas.)
830 2372 1017 2427 (Abibas‚
1050 2372 1107 2424 5.)
1153 2372 1223 2414 lat.
1250 2372 1316 2413 17.

193 2445 256 2488 De
293 2445 458 2487 homine
496 2457 699 2499 paupere,
741 2444 917 2487 dracone
955 2448 996 2487 et
1030 2447 1220 2500 serpente
1253 2446 1327 2486 etc.
1381 2441 1555 2493 Quidam
1588 2455 1745 2498 pauper

193 2520 293 2560 erat.
341 2515 771 2567 (Drachenschwanz.)
816 2515 886 2558 lat.
914 2516 1008 2557 114.

193 2588 256 2631 De
294 2590 442 2629 natura
479 2586 688 2629 unicornis
727 2589 802 2628 ete.
855 2585 959 2628 Erat
997 2586 1162 2641 quidam
1199 2586 1424 2641 imperator
1456 2583 1524 2638 qui
1554 2583 1742 2627 habebat.

195 2659 320 2712 (Zwei
350 2658 499 2700 nackte
525 2657 803 2712 jungfrauen.)
848 2656 919 2699 lat.
945 2657 1040 2699 115.

194 2730 256 2773 De
287 2743 382 2784 rege
414 2733 455 2772 et
484 2733 659 2785 tyranno
692 2728 761 2782 qui
794 2727 994 2782 virginem
1027 2727 1242 2771 defloravit
1273 2731 1346 2769 ete.
1395 2725 1583 2768 Justinus
1614 2726 1656 2768 iu
1688 2726 1744 2769 ci-

195 2802 333 2844 vitate.
381 2800 579 2853 (Untreue
609 2813 738 2854 gegen
771 2801 971 2851 erretter.)
1017 2798 1086 2841 lat.
1113 2800 1207 2841 117.

195 2872 259 2915 De
296 2872 497 2915 divisione
542 2870 780 2914 hereditatis
826 2871 934 2913 inter
980 2871 1181 2913 seniorem
1221 2872 1295 2911 ete.
1358 2867 1511 2910 Narrat
1545 2867 1742 2923 hystoria.

196 2943 511 2997 (Erbtheilung.)
556 2942 627 2984 lat.
652 2944 719 2983 90.
