1919 3157
850 102 930 143 577

54 203 254 258 spiritum.
312 202 487 256 Quando
527 208 629 247 enim
664 209 802 247 anima
836 210 1005 262 quiescit
1043 209 1092 250 al)
1135 211 1339 266 operibus,
1381 227 1457 268 que
1494 229 1570 256 sua
1608 224 1714 268 sunt,

53 280 147 314 tunc
176 288 272 316 caro
302 289 385 316 non
407 278 587 330 quiescit,
622 279 741 318 immo
771 278 945 320 sollicita
969 288 1024 320 est
1053 283 1163 322 circa
1185 297 1309 336 opera
1337 300 1413 324 sua
1434 286 1544 327 vmala
1567 295 1602 328 et
1620 302 1715 343 per-

52 359 183 398 versa,
216 353 253 387 et
282 347 341 387 sic
371 362 454 388 una
473 362 576 402 pars
597 356 653 389 est
682 357 858 402 «mortua,
891 351 1020 392 altera
1051 353 1169 401 vica5
1203 355 1303 407 quia
1334 370 1429 396 caro
1449 357 1564 411 jacit
1591 373 1717 414 opera

51 418 214 469 mortis,
253 419 394 458 anima
434 421 683 474 concupiscit
722 435 846 476 opera
886 423 972 462 vite.
1034 422 1119 463 Per
1158 424 1278 464 istam
1318 426 1503 468 arborem
1539 430 1719 485 intellz‘yi

44 494 179 542 potest
208 487 324 529 homo
334 505 347 538 ;
366 489 537 543 fructus
568 490 687 544 hujus
718 492 879 533 arboris
910 501 1005 533 sunt
1035 492 1141 534 bona
1173 509 1320 550 opera,
1359 500 1467 539 uncle
1498 499 1641 541 Matth.
1666 516 1713 542 v:
1740 506 1761 541 5

49 556 88 598 A
109 558 322 612 fructibus
354 575 493 602 eorum
524 564 769 617 coquo-scetis
800 578 876 604 eo-sn
926 563 1103 606 Fructus
1134 565 1269 606 dulces
1295 569 1473 623 protulit
1502 571 1571 612 lzec
1591 572 1716 614 arbor

48 637 142 670 ante
172 638 406 685 peccatum,
453 634 557 674 sicut
601 634 701 674 dicit
737 636 921 689 sapiens:
961 634 1108 676 Flores
1153 638 1234 677 mei
1265 638 1435 692 fructus
1472 641 1639 688 honoris
1680 652 1715 685 et

47 698 277 742 honestatis.
334 702 422 744 Hos
449 704 619 758 fructus
657 720 822 760 serpens
860 707 1054 761 antiquus
1093 709 1292 750 sustinere
1328 726 1411 752 non
1442 715 1600 768 potuit,
1644 716 1716 756 sed

45 784 240 812 venenum
270 774 468 829 imposuit
498 777 541 815 in
572 776 726 829 radice,
759 777 857 817 (lum
886 785 1095 832 peccatum
1125 781 1266 834 posuit
1295 782 1340 822 in
1363 784 1500 837 primo
1528 793 1709 840 parente.

50 839 167 883 Tunc
203 844 261 884 sic
298 844 451 898 infecta
477 846 570 900 suit
606 847 731 889 arbor
773 849 875 900 ista,
924 850 1036 904 quod
1059 849 1251 904 fructum
1289 854 1447 895 dulcem
1472 855 1594 909 ferre
1629 872 1713 899 non
1738 861 1782 897 10

41 915 189 967 potuit,
223 917 323 970 quia
348 931 428 971 per
458 932 583 972 opera
613 926 970 975 quantumcunque
999 923 1211 963 meritoria
1242 923 1358 966 lzomo
1391 926 1517 967 celum
1548 929 1714 984 inqredi

42 998 125 1025 non
153 988 302 1040 potuit,
335 988 406 1028 sed
436 990 492 1029 ad
520 990 649 1031 multa
681 1006 886 1032 annorum
916 992 1034 1033 milia
1064 1001 1262 1049 tanquam
1293 996 1388 1037 exul
1417 997 1466 1038 ab
1491 998 1712 1043 hereditate

42 1069 139 1096 vera
174 1057 380 1113 profuqus
419 1067 455 1099 et
490 1062 715 1116 propulsus
753 1062 952 1115 exulavit,
994 1065 1121 1106 donec
1159 1068 1324 1122 sapiens
1365 1068 1579 1111 ortulanus
1615 1073 1642 1113 i.
1676 1087 1705 1114 e.

36 1134 159 1181 pater
179 1128 333 1170 celestis
364 1131 566 1185 tyriacum
596 1133 754 1187 infudit
786 1136 829 1174 in
859 1150 944 1175 ima
967 1137 1084 1191 cirya
1113 1136 1234 1190 liujus
1256 1138 1430 1180 arboris.
1479 1140 1567 1182 Hec
1586 1144 1707 1197 virqa

41 1205 97 1238 est
134 1197 252 1240 beata
287 1201 403 1255 ὀὐ-90
442 1202 607 1256 Μανία,
649 1205 697 1245 cle
736 1220 818 1260 qua
856 1206 1007 1246 dicitur
1036 1208 1082 1247 in
1119 1206 1269 1249 Ysaia:
1309 1210 1557 1266 Eyredietur
1586 1215 1706 1270 virya
1733 1217 1776 1252 15

38 1268 88 1309 cle
116 1270 256 1312 radice
286 1271 410 1313 Jesse.
460 1273 561 1315 Item
599 1274 797 1332 Viryilius
827 1278 873 1318 in
903 1278 1077 1319 secundo
1109 1278 1408 1322 bucolicorum:

427 1364 506 1399 Jam
530 1367 618 1401 redit
641 1372 671 1402 et
693 1373 799 1414 vir-qo,
823 1369 958 1403 redeunt
980 1374 1133 1405 saturnia
1157 1384 1272 1418 reqna,

430 1423 506 1458 Jam
532 1437 618 1460 nova
637 1432 815 1473 proyenies
840 1429 906 1462 celo
932 1429 1111 1464 dimittitur
1135 1432 1212 1472 alm,

430 1481 471 1516 In
495 1484 593 1518 modo
618 1486 776 1520 nascendi
797 1499 902 1532 puero
928 1500 991 1534 quo
1004 1490 1128 1535 ferrea
1150 1494 1295 1535 primum

428 1541 571 1577 Desinet
595 1547 625 1578 et
649 1548 716 1578 toto
740 1550 853 1591 suryet
873 1559 955 1592 qens
979 1560 1084 1582 aurea
1107 1548 1238 1583 mundo.
1726 1550 1772 1585 20

150 1623 204 1665 In
222 1625 299 1667 hac
320 1627 437 1682 virqa
455 1630 594 1683 posita
615 1638 703 1671 erat
723 1632 897 1685 tyriaca,
932 1634 1097 1687 quando
1117 1633 1236 1687 filius
1269 1635 1337 1676 dei
1365 1651 1390 1676 a
1413 1643 1533 1691 patre
1552 1639 1700 1680 missus

34 1701 91 1735 est
118 1696 165 1735 in
193 1704 352 1738 uterum
381 1700 576 1753 virqinis,
617 1710 858 1757 cooperante
888 1705 1039 1758 spiritu
1069 1714 1230 1759 sancto,
1272 1714 1307 1748 et
1338 1708 1502 1762 quando
1535 1709 1584 1751 de
1612 1711 1697 1751 vir-

28 1766 125 1819 9ine
153 1776 275 1809 natus
306 1777 364 1811 est
394 1767 587 1812 Christus.
645 1772 785 1814 Arbor
823 1774 977 1828 infecta
1009 1791 1086 1831 per
1120 1773 1221 1830 [154
1232 1775 1272 1831 b]
1301 1779 1547 1821 medicinam
1576 1780 1697 1835 liujus

32 1838 186 1891 tyriace
224 1840 437 1895 salutifere
477 1843 728 1885 dulcedinem
772 1860 890 1886 suam
928 1848 1152 1902 pristinam
1195 1851 1471 1905 recuperavit,
1520 1851 1569 1892 de
1614 1866 1698 1907 qua

32 1908 216 1951 omnibus
243 1912 517 1966 penitentibus
548 1914 762 1969 affluenter
793 1917 865 1957 dat
896 1924 934 1958 et
967 1933 1053 1960 non
1089 1920 1365 1975 improperat,
1405 1929 1451 1963 ut
1485 1923 1531 1963 in
1569 1921 1697 1965 Ysaia
1721 1930 1766 1966 25

31 1980 204 2022 dicitur:
239 1981 386 2025 Omnes
417 1986 608 2038 sitientes,
639 1988 769 2028 venite
800 1995 867 2029 etc.

748 2216 850 2260 CAP.
877 2219 971 2261 177.

649 2303 724 2349 De
749 2307 1078 2365 persecucione.

143 2409 233 2452 Rea·
264 2409 469 2452 Assuerus
504 2412 664 2466 yrande
703 2415 934 2455 convivium
971 2415 1124 2456 cunctis
1156 2415 1424 2472 principibus
1462 2424 1500 2458 et
1528 2418 1688 2473 populo

23 2482 143 2536 reyni
161 2483 228 2523 sui
244 2481 362 2536 fecit.
402 2482 475 2523 Ad
494 2483 635 2538 epulas
654 2486 841 2540 reyinam
865 2484 981 2527 Vasti
997 2487 1208 2528 introduci
1216 2486 1413 2541 jusserat,
1445 2496 1490 2530 ut
1503 2488 1689 2544 populus
1713 2497 1759 2532 30

25 2550 109 2604 ejus
137 2552 484 2607 pulchritudinem
513 2555 676 2596 videret.
727 2555 863 2607 Quam
889 2557 1046 2598 intrare
1075 2559 1311 2599 renitentem
1339 2573 1413 2600 rex
1440 2573 1565 2614 reqno
1596 2561 1687 2615 pri-

21 2623 154 2675 vavit,
194 2623 341 2666 Hester
374 2639 453 2681 pro
485 2639 533 2666 ea
561 2626 608 2666 in
637 2634 792 2682 sceptro
825 2626 1070 2670 sublimavit.
1127 2629 1231 2671 Post
1266 2630 1336 2671 liec
1372 2645 1446 2671 rex
1485 2631 1688 2685 quendam

23 2691 163 2734 Aman
193 2709 316 2750 super
344 2686 515 2752 req-num
546 2697 760 2750 exaltavit,
793 2706 955 2740 cunctos
983 2700 1194 2755 principes
1227 2702 1264 2742 ei
1291 2701 1534 2757 subjuyavit.
1588 2701 1687 2744 Cum

22 2771 156 2805 autem
200 2767 398 2821 cepissent
440 2781 574 2808 omnes
616 2782 723 2823 yenu
775 2783 967 2821 curvare,
1021 2770 1131 2812 solus
1178 2772 1450 2814 Mardocheus
1493 2775 1686 2828 patrinus

20 2836 160 2890 reyine
188 2836 323 2879 noluit
351 2853 441 2879 eum
472 2839 662 2891 adorare,
694 2839 802 2880 unde
831 2840 1072 2895 indiqnatus
1103 2842 1308 2898 disposuit
1337 2858 1427 2884 eum
1457 2859 1546 2885 cum
1575 2847 1688 2887 omni
1709 2854 1754 2890 35

15 2908 215 2961 proqenie
245 2922 322 2949 sua
351 2911 443 2950 neci
471 2910 641 2950 tradere.
691 2908 790 2951 Cum
820 2912 927 2966 reyis
958 2912 1094 2967 sissillo
1127 2914 1321 2967 decrevit,
1366 2929 1500 2956 omnes
1529 2915 1684 2958 Judeos

19 2976 66 3016 in
95 2991 219 3032 reqno
251 2979 427 3021 Assueri
455 2982 737 3034 eoeterminare,
770 2982 977 3038 altumque
1008 2985 1134 3026 erexit
1163 2985 1354 3037 eculeum,
1385 2987 1432 3027 in
1453 3000 1533 3042 quo
1556 2988 1686 3030 voluit

81 3050 302 3090 Oesterley.
324 3053 414 3082 Gesta
434 3053 642 3083 Romanorum.
1360 3060 1402 3094 37
