1949 3162
140 1001 182 1034 10

143 1387 182 1420 15

139 1743 182 1777 20

139 2456 183 2489 30

140 2811 184 2846 35

1010 68 1096 108 480

209 173 413 214 infernum
462 172 668 227 spoliavit.
731 173 824 228 Ipse
871 176 1039 228 peccata
1087 176 1227 214 nostra
1274 173 1316 214 in
1364 186 1534 228 corpore
1581 187 1653 215 suo
1701 174 1895 228 portavit,

209 243 370 298 quando
418 256 491 297 pro
531 243 649 285 nobis
688 243 850 285 miseris
894 247 1078 284 mortuus
1119 247 1192 284 est.
1256 242 1439 299 Pauper,
1489 246 1555 300 qui
1604 245 1763 287 invenit
1808 244 1895 287 the·

209 327 396 366 sauruin,
439 317 500 355 est
532 313 740 367 Christus,
783 315 850 368 qui
885 314 1124 369 paradisum
1159 314 1356 368 obtinuit,
1399 328 1479 357 non
1513 330 1587 370 pro
1621 330 1684 369 se,
1718 315 1790 357 sed
1822 329 1896 371 pro

208 385 411 438 omnibus,
445 385 513 438 qui
547 398 639 427 eum
673 385 860 438 diligunt.
906 384 1119 427 Heremita
1151 385 1272 427 deum
1297 390 1486 440 precatus
1511 392 1591 438 est3
1626 388 1684 428 sic
1706 386 1896 428 Christus

209 457 250 497 in
282 457 472 511 passione
504 470 579 511 per
601 470 765 498 carnem
798 456 953 511 incepit
985 456 1143 509 timere,
1179 456 1341 510 quando
1365 457 1489 499 dixit:
1525 457 1569 499 Si
1602 457 1798 513 possibile
1821 462 1895 511 est,
1922 483 1924 485 ·

208 531 393 569 transeat
425 541 448 569 a
481 541 544 569 me
578 527 684 570 calix
717 528 815 581 iste,
849 532 889 568 et
921 528 1082 580 rogavit
1114 541 1187 582 pro
1220 541 1368 580 genere
1401 527 1594 569 humano.
1648 527 1896 571 Studeamus

209 598 335 652 igitur
368 602 442 640 etc.

859 817 962 859 CAP.
991 817 1085 858 128.
1121 817 1254 867 (120.)

245 904 317 948 De
355 903 513 963 injusto
549 904 697 949 aliena
733 904 850 949 bona
890 903 1236 963 occupantibu32·
1271 905 1427 963 yravc's
1465 905 1549 948 erit
1582 905 1631 949 in
1657 906 1862 949 extremis

921 988 1191 1046 disceptatio.

326 1094 604 1136 Maximianus
636 1095 839 1148 regnavit,
872 1095 914 1137 in
937 1096 1052 1149 cujus
1074 1095 1247 1150 imperio
1272 1098 1390 1136 erant
1420 1094 1498 1136 duo
1522 1094 1687 1147 milites,
1722 1107 1896 1149 quorum

209 1180 312 1207 unus
347 1171 435 1208 erat
460 1167 598 1220 justus
631 1170 671 1208 et
709 1167 858 1208 timens
900 1166 1042 1219 deum,
1083 1165 1186 1207 alter
1228 1179 1321 1207 vero
1362 1165 1534 1220 cupidus
1575 1171 1616 1208 et
1652 1165 1787 1219 dives,
1827 1166 1897 1220 qui

208 1237 338 1290 magis
387 1238 545 1279 studuit
592 1238 743 1279 mundo
792 1238 973 1292 placere,
1023 1251 1145 1291 quam
1192 1237 1279 1279 deo.
1344 1236 1462 1279 Miles
1504 1237 1642 1291 justus
1690 1237 1896 1291 quandam

207 1312 362 1350 terram
397 1322 600 1350 annexam
633 1313 741 1351 terre
775 1309 913 1364 cupidi
952 1308 1149 1361 habebat,
1191 1322 1314 1363 quam
1355 1308 1527 1363 cupidus
1565 1312 1651 1350 toto
1683 1308 1898 1350 conamine

208 1380 470 1422 desiderabat
506 1380 670 1422 habere.
727 1379 874 1435 Sepius
914 1380 964 1421 ad
997 1380 1170 1422 militem
1199 1381 1360 1434 justum
1392 1380 1578 1434 perrexit
1609 1384 1650 1422 et
1681 1380 1718 1422 ei
1751 1393 1894 1421 aurum

208 1456 248 1493 et
280 1456 493 1505 argentum
530 1451 696 1504 obtulit,
741 1455 940 1506 quantum
980 1451 1164 1505 volebat,
1206 1452 1241 1493 si
1280 1456 1434 1493 terram
1467 1450 1579 1492 illam
1619 1451 1655 1493 ei
1689 1450 1895 1494 venderet.

207 1522 279 1565 Ille
313 1536 407 1565 vero
441 1536 603 1578 semper
636 1523 786 1575 renuit,
820 1523 891 1576 sic,
926 1522 1033 1577 quod
1058 1523 1190 1564 tristis
1222 1522 1411 1574 recessit3
1447 1522 1517 1563 sed
1544 1522 1764 1576 cogitabat,
1798 1535 1896 1576 quo—

208 1594 328 1636 modo
362 1608 453 1636 eum
491 1594 710 1649 deciperet.
763 1594 941 1646 Accidit,
976 1593 1084 1647 quod
1110 1594 1247 1647 justus
1282 1597 1524 1635 moreretur.
1578 1593 1694 1643 Quod
1726 1593 1896 1635 audiens

208 1666 381 1720 cupidus
422 1669 578 1707 cartam
612 1665 777 1706 nomine
810 1665 991 1706 defuncti
1026 1665 1150 1707 scribi
1189 1665 1307 1718 fecit,
1354 1665 1557 1718 quomodo
1599 1664 1815 1707 defunctus
1854 1664 1896 1705 in

209 1737 293 1778 vita
326 1751 400 1778 sua
431 1751 504 1792 pei·
529 1736 734 1791 quandam
759 1749 963 1778 summam
999 1736 1170 1791 pecunie
1202 1737 1239 1778 ei
1272 1740 1439 1789 terram,
1473 1749 1596 1790 quam
1621 1736 1896 1789 desiderabat,

208 1808 406 1851 vendidit.
462 1807 548 1858 Quo
581 1808 688 1849 facto
722 1813 804 1849 tres
837 1807 1023 1849 homines
1057 1807 1194 1862 precio
1228 1807 1445 1860 conduxit,
1485 1811 1529 1848 ut
1565 1807 1600 1849 ei
1634 1807 1898 1862 perhiberent

208 1879 505 1933 testimonium,
539 1893 631 1921 cum
666 1879 813 1934 quibus
847 1878 896 1920 ad
922 1878 1159 1920 defunctum
1194 1879 1367 1920 accessit
1396 1883 1436 1920 et
1460 1876 1580 1932 [109]
1605 1878 1786 1932 sigillum
1809 1878 1896 1932 ejus

208 1950 380 2004 invenit,
413 1964 619 1993 eameram
653 1950 721 1992 ubi
755 1950 970 1992 defunctus
995 1950 1140 2004 jacuit,
1174 1950 1358 2004 intravit,
1393 1963 1534 1992 omnes
1558 1955 1598 1992 et
1620 1949 1794 2005 expulit,
1827 1963 1896 1991 ex-

209 2022 340 2077 ceptis
374 2022 457 2063 suis
490 2022 678 2075 testibus,
713 2022 858 2064 deinde
891 2035 1028 2063 coram
1062 2022 1237 2063 testibus
1271 2021 1451 2075 sigillum
1483 2021 1526 2063 in
1558 2034 1683 2063 manu
1716 2021 1896 2063 defuncti

139 2102 146 2116 ²
211 2093 348 2149 posuit
380 2097 420 2135 et
452 2093 643 2148 pollicem
676 2107 799 2148 super
832 2092 1012 2147 sigillum
1046 2093 1105 2134 ita
1138 2093 1246 2147 quod
1279 2106 1369 2134 cum
1395 2092 1542 2147 pollice
1564 2093 1716 2134 mortui
1738 2096 1894 2134 cartam

209 2178 325 2206 suam
359 2164 550 2218 signavit,
584 2164 742 2206 dicens:
776 2164 894 2217 Ecce,
928 2178 999 2206 vos
1024 2165 1121 2206 estis
1154 2168 1280 2206 testes
1312 2164 1432 2218 hujus
1455 2164 1533 2206 rei!
1568 2163 1644 2214 Qui
1678 2163 1894 2206 dixerunt:

211 2234 374 2277 Sumus.
422 2235 477 2277 Et
508 2236 567 2277 sic
598 2235 667 2277 ille
699 2235 817 2277 miles
850 2239 1003 2278 terram
1038 2235 1150 2276 illam
1185 2239 1228 2276 ut
1260 2249 1377 2277 suam
1412 2235 1641 2290 occupavit.
1685 2233 1759 2276 Cui
1787 2233 1895 2276 filius

209 2306 391 2349 defuncti
430 2306 556 2348 dixit:
598 2305 731 2356 Quare
770 2311 922 2349 terram
967 2320 1100 2348 meam
1143 2307 1344 2362 occupas?
1384 2305 1461 2356 Qui
1498 2305 1730 2361 respondit:
1771 2305 1896 2348 Pater

210 2382 304 2420 tuus
336 2377 462 2419 michi
495 2391 582 2419 eam
618 2378 814 2420 vendidit.
870 2378 945 2420 Cui
978 2378 1069 2420 ille:
1103 2377 1263 2419 Pluries
1297 2377 1348 2419 ad
1381 2381 1540 2432 patrem
1574 2391 1711 2419 meum
1746 2377 1894 2418 venisti

210 2454 250 2491 et
282 2449 497 2504 pecuniam
531 2448 716 2490 obtulisti
748 2463 822 2504 pro
855 2454 979 2503 terra,
1014 2449 1084 2491 sed
1118 2452 1236 2503 pater
1259 2463 1373 2491 meus
1403 2462 1627 2503 numquam
1652 2447 1781 2490 voluit
1803 2461 1893 2490 eam

210 2520 398 2562 vendere.
454 2519 665 2562 Venerunt
702 2521 860 2575 pariter
902 2520 952 2562 ad
985 2519 1190 2574 judicem,
1230 2520 1347 2562 miles
1387 2520 1559 2575 cupidus
1597 2519 1647 2562 de
1688 2519 1902 2575 emptione

210 2595 366 2633 cartam
399 2590 622 2644 sigillatam
656 2591 790 2644 sigillo
824 2591 1007 2633 defuncti
1039 2590 1219 2632 ostendit
1251 2595 1291 2633 et
1321 2595 1447 2633 testes
1480 2591 1665 2644 adduxit,
1698 2591 1768 2645 qui
1799 2590 1894 2633 huic

208 2662 492 2705 testimonium
516 2661 824 2717 perhibuerunt.
869 2662 946 2704 Cui
967 2661 1075 2703 filius
1098 2662 1277 2704 defuncti
1301 2662 1429 2704 dixit:
1464 2661 1571 2715 Scio,
1604 2661 1713 2716 quod
1734 2661 1811 2703 hoc
1833 2664 1895 2704 est

210 2732 390 2787 sigillum
424 2734 553 2789 patris
585 2733 680 2786 mei,
713 2733 783 2774 sed
816 2733 913 2786 scio,
948 2733 1056 2787 quod
1088 2747 1313 2788 numquam
1342 2733 1418 2775 tibi
1450 2732 1654 2784 vendidit3
1689 2732 1892 2786 quomodo

211 2804 392 2857 sigillum
425 2808 465 2846 et
496 2807 621 2846 testes
655 2804 884 2859 optinuisti,
917 2803 1074 2857 ignoro.
1118 2803 1254 2847 Judex
1288 2818 1383 2846 vero
1414 2804 1515 2846 istos
1547 2807 1630 2846 tres
1663 2803 1892 2846 abinvicem

211 2876 397 2930 separari
427 2875 526 2918 fecit
557 2879 596 2918 et
628 2874 800 2916 militem
835 2875 1025 2917 similiter
1057 2878 1097 2917 et
1128 2876 1333 2918 seniorem
1368 2874 1466 2917 fecit
1507 2874 1677 2928 adduci,
1718 2887 1892 2930 querens

304 2956 346 2990 27
374 2955 450 3000 Cui]
481 2962 563 3003 oriy.
584 2955 696 3001 cujus.
794 2956 836 2990 31
865 2956 909 2990 ad
929 2956 1103 3002 judicem]
1130 2962 1215 3002 oriy.
1234 2956 1447 2991 adinvicem.
