1949 3162
73 788 116 821 10

75 1145 118 1179 15

74 1502 119 1536 20

76 1862 120 1895 25

941 33 1027 73 360

140 142 516 193 quantumcumque
556 138 795 180 malefactor
828 139 953 179 vitam
988 151 1102 179 suam
1138 137 1342 179 obtineret
1373 150 1464 179 cum
1495 141 1583 179 tota
1613 151 1687 179 sua
1707 137 1824 179 here-

141 211 281 252 ditate.
330 211 493 251 Accidit
515 223 647 263 casus,
680 210 787 264 quod
811 209 975 263 quidam
1000 209 1118 251 miles
1141 213 1283 250 contra
1305 222 1441 260 regem
1465 209 1664 262 forefecit,
1684 208 1824 261 fugam

141 282 267 337 peciit
299 285 340 322 et
370 281 411 321 in
446 280 621 334 quadam
654 281 809 322 foresta
841 281 974 333 latuit,
1008 281 1047 321 in
1084 294 1163 334 qua
1195 280 1326 321 multa
1348 279 1456 321 mala
1479 279 1697 332 commisit,
1730 279 1827 333 quia

143 367 284 394 omnes
326 353 528 393 intrantes
562 352 758 407 spoliavit
803 356 874 393 aut
916 351 1077 392 occidit.
1128 350 1263 392 ‘Iudex
1297 364 1387 391 cum
1422 350 1498 391 boc
1530 350 1732 401 audisset,
1764 350 1827 391 in-

143 424 270 465 sidias
294 424 334 464 in
361 423 534 465 circuitu
557 423 709 464 foreste
731 422 950 475 ordinavit,
984 436 1074 463 eum
1100 422 1383 476 deprehendit,
1416 426 1456 463 et
1476 421 1615 474 ligatis
1639 421 1827 462 manibus

142 495 191 537 ad
219 495 421 548 judicium
457 495 595 536 venire
627 495 735 536 fecit.
786 494 858 535 Ait
890 493 925 534 ei
952 493 1100 546 judex:
1135 492 1371 545 Carissime,
1404 494 1512 534 nosti
1545 492 1701 545 legem?
1749 491 1826 542 Qui

143 567 222 608 ait:
255 565 414 617 Eciam,
449 565 627 607 domine.
664 565 706 607 Si
730 565 856 606 debeo
882 564 1046 613 salvari,
1081 568 1245 619 oportet
1266 578 1331 605 me
1354 564 1489 605 dicere
1510 568 1594 605 tres
1618 564 1826 616 veritates,

142 637 263 678 aliter
295 640 468 677 mortem
504 637 677 678 evadere
709 650 790 677 non
815 649 996 690 possum.
1045 635 1118 677 Ait
1140 649 1235 688 ergo
1252 635 1400 688 judex:
1436 634 1564 689 Imple
1586 634 1827 676 beneficium

142 707 245 761 legis
287 711 357 749 aut
389 707 509 749 hodie
543 707 676 749 cibum
710 721 792 748 non
826 706 1012 759 gustabis
1047 705 1174 747 donec
1206 706 1333 747 fueris
1365 718 1602 760 suspensus.
1652 707 1709 747 At
1736 705 1826 746 ille:

143 779 342 832 Domine,
381 779 446 820 fac
487 779 574 820 fieri
614 779 850 819 Silensium!
900 778 985 827 Quo
1027 778 1134 818 facto
1175 778 1250 819 ait:
1285 777 1482 830 Domine,
1523 790 1614 818 ecce
1654 776 1728 818 hec
1768 779 1830 818 est

144 851 279 906 prima
312 851 484 892 veritas:
520 850 645 891 Vobis
680 850 869 891 omnibus
903 849 1117 902 denuncio,
1151 849 1257 902 quod
1289 852 1376 890 toto
1408 853 1594 903 tempore
1624 849 1708 889 vite
1739 860 1830 889 mee

144 922 263 963 extiti
303 921 436 963 malus
476 921 610 962 homo.
667 920 803 962 Judex
844 921 920 961 hoc
960 921 1130 961 audiens
1172 921 1229 960 ait
1269 920 1653 961 circumstantibus:
1700 918 1830 961 Estne

142 1007 325 1046 verum,.
348 993 455 1047 quod
495 993 563 1033 ille
604 992 728 1033 dicit?
777 992 832 1032 At
865 992 945 1032 illi:
993 991 1035 1032 Si
1067 1005 1149 1032 non
1184 995 1291 1032 esset
1323 991 1582 1044 malefactor,
1622 990 1673 1032 ad
1704 990 1828 1032 istum

143 1068 342 1119 punctum
364 1078 445 1105 non
470 1064 661 1106 venisset.
709 1063 783 1104 Ait
805 1077 899 1116 ergo
916 1063 1067 1116 judex:
1101 1062 1178 1103 Dic
1200 1062 1323 1104 michi
1355 1063 1574 1104 secundam
1597 1062 1829 1104 veritatem.

145 1136 221 1186 Qui
255 1137 331 1178 ait:
375 1135 563 1177 Secunda
602 1135 758 1176 veritus
798 1138 860 1175 est
891 1135 990 1175 ista:
1035 1134 1159 1175 Mic-hi
1192 1133 1367 1175 multum
1403 1134 1614 1189 displicet,
1649 1133 1756 1187 quod
1788 1133 1829 1175 in

144 1209 225 1249 ista
257 1208 392 1249 forma
423 1207 501 1248 huc
523 1206 629 1248 veni.
680 1206 753 1247 Ait
768 1206 917 1259 judex:
952 1205 1071 1247 Certe
1094 1205 1299 1247 credimus
1322 1205 1409 1246 tibi.
1443 1205 1521 1247 Dic
1542 1219 1638 1258 ergo
1660 1205 1829 1247 terciam

144 1279 377 1332 veritatem,
412 1282 451 1320 et
482 1278 661 1333 teipsum
696 1291 717 1318 a
749 1282 883 1318 morte
916 1277 1098 1319 salvasti.
1148 1277 1221 1318 Ait
1253 1276 1340 1318 ille:
1374 1276 1460 1317 Hec
1493 1280 1555 1318 est
1576 1277 1704 1318 tercia
1726 1276 1832 1318 veri-

143 1356 226 1393 tas:
262 1350 305 1392 Si
339 1349 464 1391 semel
497 1353 640 1404 potero
674 1349 861 1401 evadere,
897 1349 946 1389 ad
979 1349 1104 1389 istum
1137 1348 1269 1389 locum
1305 1361 1531 1402 numquam
1563 1348 1604 1389 in
1627 1349 1708 1390 ista
1738 1346 1828 1401 [44]

145 1423 276 1464 forma
309 1422 505 1463 venirem.
556 1421 627 1462 Ait
651 1420 803 1474 judex3
850 1420 983 1461 Amen
1019 1420 1108 1461 dico
1142 1419 1238 1472 tibi,
1272 1419 1372 1460 satis
1406 1419 1630 1474 prudenter
1661 1424 1700 1461 te
1731 1418 1833 1460 libe-

143 1494 259 1547 rasti,
292 1493 395 1534 vade
427 1493 468 1533 in
501 1505 614 1546 pace.
662 1491 717 1533 Et
749 1491 808 1532 sic
839 1506 912 1547 per
944 1496 1027 1533 tres
1060 1491 1254 1532 veritates
1287 1490 1469 1532 salvatus
1503 1495 1565 1532 est
1597 1491 1667 1532 ille
1699 1490 1830 1532 miles.

266 1563 506 1616 Carissimi,
554 1564 632 1604 iste
670 1563 899 1617 imperator
941 1567 1003 1604 est
1043 1562 1233 1603 dominus
1272 1566 1412 1604 noster
1450 1562 1590 1604 lhesus
1631 1561 1832 1615 Christus,

147 1637 216 1691 qui
248 1637 370 1677 istam
402 1636 535 1688 legem
570 1634 711 1687 edidit,
745 1634 903 1675 scilicet
936 1634 1043 1688 quod
1077 1635 1324 1688 quicumque
1356 1634 1597 1676 malefactor
1629 1635 1654 1675 i.
1680 1648 1713 1676 e.
1737 1646 1831 1689 pec-

146 1712 259 1750 cator
292 1721 365 1762 per
397 1707 576 1760 graciam
618 1706 683 1747 dei
722 1711 867 1761 captus
899 1706 1026 1747 fueris
1068 1710 1108 1747 et
1140 1719 1276 1746 (foram
1311 1705 1487 1747 discreto
1515 1705 1654 1759 judice
1686 1705 1832 1746 ductus

145 1781 171 1821 i.
197 1793 229 1821 e.
254 1779 500 1831 confessore,
535 1778 646 1819 dicas
680 1781 762 1819 tres
797 1778 992 1819 veritates
1026 1782 1109 1818 tam
1146 1790 1288 1829 veras,
1324 1777 1431 1830 quod
1464 1777 1658 1819 demones
1690 1780 1834 1818 contra

146 1855 186 1893 te
218 1864 300 1892 non
332 1853 527 1905 poterunt
557 1849 733 1902 objicere
757 1853 797 1890 et
819 1849 1087 1890 hereditatem
1111 1849 1227 1902 regni
1250 1848 1411 1889 celestis
1435 1848 1651 1890 obtinebis.
1692 1847 1834 1889 Prima

147 1923 299 1965 veritas
334 1926 412 1963 est:
447 1920 535 1974 Ego
569 1934 658 1961 sum
692 1920 826 1961 malus
860 1920 994 1973 home,
1029 1921 1053 1961 i.
1080 1934 1112 1961 e.
1138 1921 1178 1961 iu
1211 1920 1285 1962 tali
1318 1923 1483 1974 peccato
1518 1924 1558 1962 et
1589 1921 1647 1961 sic
1678 1919 1727 1961 de
1749 1919 1832 1960 sin-

147 1994 274 2047 gulis,
318 2006 410 2035 ecce
444 1992 659 2033 confessio.
711 1991 898 2033 Secunda
932 1992 1083 2033 veritas
1118 1995 1200 2033 est:
1246 1991 1451 2046 Displicet
1482 1991 1607 2032 michi
1639 1994 1714 2032 eto.
1747 1990 1774 2031 i.
1798 2003 1831 2031 e.

147 2065 321 2107 multum
355 2064 480 2105 michi
513 2063 724 2117 displicet,
759 2063 866 2117 quod
899 2066 1060 2104 tautum
1095 2063 1214 2104 deum
1247 2076 1385 2104 meum
1418 2062 1581 2116 offendi,
1616 2075 1708 2104 ecce
1739 2075 1834 2103 con-

148 2137 280 2179 tricio.
331 2136 477 2177 Tereia
515 2135 668 2176 veritas
702 2139 782 2175 est:
823 2133 866 2175 Si
899 2134 1026 2175 semel
1061 2148 1224 2189 possem
1258 2134 1431 2176 evadere
1464 2148 1536 2189 per
1568 2134 1676 2175 viam
1711 2134 1833 2175 satis-

78 2218 123 2252 30
148 2208 353 2261 factionis,
395 2220 620 2260 numquam
654 2206 703 2246 ad
738 2210 949 2260 peccatum
984 2206 1161 2247 redirem
1197 2205 1441 2259 voluntarie,
1481 2211 1521 2248 et
1553 2206 1611 2246 sic
1642 2218 1716 2260 per
1738 2218 1833 2247 con-

82 2774 127 2808 35

150 2293 323 2335 sequens
356 2279 484 2320 vitam
518 2281 698 2320 eternam
736 2277 951 2318 obtinebis.

822 2496 922 2537 ΟΜ).
948 2497 1015 2536 59.
1058 2497 1161 2547 (Μ.)

252 2587 325 2631 De
361 2584 571 2644 superbia
610 2585 764 2635 namtas.
803 2589 843 2627 et
877 2584 1101 2643 quomodo
1141 2583 1322 2643 superbi
1358 2584 1421 2628 ad
1453 2583 1743 2628 humilitatem

450 2669 694 2712 maximam
734 2681 833 2726 sepe
863 2668 1154 2725 pervenimus:
1190 2668 1300 2711 satis
1336 2666 1541 2711 notabile.

269 2765 513 2807 ,Iovinianus
553 2764 778 2818 imperator
819 2763 1007 2815 regnavit
1046 2767 1191 2817 potens
1225 2763 1362 2815 valde,
1404 2762 1468 2816 qui
1511 2775 1602 2803 cum
1636 2762 1762 2803 semel
1793 2762 1836 2803 in

155 2840 286 2878 stratu
321 2850 392 2877 suo
419 2835 630 2889 jacuisset,
671 2833 895 2875 exaltatum
932 2839 993 2876 est
1024 2848 1093 2875 cor
1126 2835 1211 2888 ejus
1244 2834 1353 2874 ultra
1386 2847 1507 2887 quam
1549 2833 1660 2874 credi
1687 2837 1836 2887 potest,

249 2918 292 2951 20
318 2916 500 2959 veritates]
530 2922 614 2961 ‘’1'‘'9·
633 2916 796 2949 virtutes.
