1919 3157
825 70 906 111 427

34 177 77 219 in
98 190 177 232 quo
198 176 358 219 leonem
382 176 650 218 fortissimum
684 176 734 217 ad
758 179 881 231 caput
910 175 1003 217 lecti
1038 174 1153 226 vidit,
1185 178 1224 215 et
1247 173 1297 215 ad
1319 173 1443 228 pedes
1471 172 1703 224 draconem,

35 248 86 290 ad
126 247 233 290 latus
273 248 463 290 dextrum
503 247 596 288 lecti
638 259 800 298 ursum,
842 258 891 286 ex
932 244 1011 286 alio
1047 244 1175 286 latere
1207 249 1417 299 serpentes
1449 248 1489 285 et
1521 243 1702 284 bufones.

34 319 106 362 Ait
128 317 352 361 Ganterus:
385 318 489 368 Quid
523 323 584 359 est
616 318 715 359 hoc?
748 315 954 369 Numquid
988 329 1051 357 me
1084 319 1245 370 oportet
1276 316 1317 356 in
1347 316 1424 356 isto
1447 314 1550 356 lecto
1566 314 1705 367 jacere

33 403 124 432 cum
157 390 247 431 istis
279 389 447 432 bestiis?
488 389 636 442 Ajunt:
679 388 825 440 linmo,
859 386 1042 438 domine,
1082 400 1175 427 nam
1210 400 1326 439 reges
1358 390 1451 428 ante
1484 389 1522 426 te
1554 385 1594 426 in
1628 385 1704 425 isto

34 460 138 503 lecto
171 461 390 515 jacuerunt
430 465 470 502 et
509 473 581 515 per
620 460 720 500 istas
760 458 912 500 bestias
953 461 1047 498 sunt
1085 457 1282 498 devorati.
1337 457 1409 498 Ait
1445 470 1538 498 rex:
1583 455 1705 497 Michi
1753 461 1774 495 5

34 532 173 574 omnia
206 531 306 573 bene
339 530 522 586 placent,
564 531 633 571 sed
666 535 824 571 tantum
858 530 981 570 istum
1014 528 1161 570 lectum
1196 541 1286 569 cum
1321 527 1461 569 bestiis
1494 527 1705 579 abhorreo,

36 602 143 657 quod
183 616 256 644 rex
295 606 430 644 vester
470 615 558 643 esse
597 601 702 642 nolo.
757 600 812 641 Et
851 600 900 641 ab
933 600 991 641 eis
1030 599 1200 641 recessit
1237 602 1278 640 et
1310 598 1360 639 ad
1393 598 1503 639 aliud
1535 611 1705 651 regnum

34 673 240 730 pervenit,
279 673 347 715 ubi
380 672 570 714 similiter
602 673 642 713 in
676 685 810 725 regem
847 674 908 712 est
946 669 1111 711 electus.
1166 669 1267 711 Cum
1300 683 1381 710 nox
1421 669 1601 721 adesset,
1641 682 1706 710 ca-

33 757 189 787 meram
221 744 412 796 intravit,
452 743 600 785 lectum
636 742 955 799 pulcherrimum
988 740 1197 782 novaculis
1231 741 1360 782 acutis
1393 740 1558 795 plenum
1592 740 1705 781 vidit.

34 815 107 858 Ait
137 813 362 857 Ganterus:
396 814 540 856 Nonne
573 818 734 870 oportet
756 827 820 855 me
852 813 892 854 in
916 813 994 854 isto
1016 811 1121 853 lecto
1149 811 1313 865 jacere?
1346 810 1463 853 Servi
1494 810 1705 852 dixerunt:
1736 816 1777 849 10

33 886 199 939 Eciam,
238 886 422 938 domine,
465 899 558 927 nam
600 898 715 938 reges
755 889 849 926 ante
888 888 928 925 te
966 883 1031 925 hic
1065 884 1285 937 jacuerunt
1325 886 1365 924 et
1402 883 1443 923 in
1484 882 1561 924 isto
1604 881 1708 924 lecto

34 957 186 1000 mortui
218 962 325 999 sunt.
382 957 439 998 At
469 956 557 998 ille:
600 956 749 998 Omnia
787 955 893 997 bona
925 958 1039 1007 sunt,
1076 957 1246 1008 excepto
1279 954 1357 994 isto
1389 953 1514 1005 lecto,
1547 956 1587 995 et
1617 952 1708 994 ideo

34 1041 106 1071 rex
146 1032 281 1070 vester
320 1041 409 1070 esse
454 1027 561 1069 nolo.
629 1026 748 1069 Mane
790 1026 970 1067 surrexit
1008 1029 1049 1067 et
1086 1025 1195 1067 viam
1235 1025 1358 1066 trium
1399 1024 1557 1066 dierum
1598 1023 1709 1065 solus

35 1100 230 1155 perrexit.
278 1099 324 1141 In
356 1100 421 1140 via
454 1098 657 1153 quendam
691 1111 829 1140 senem
863 1110 986 1152 super
1007 1097 1161 1138 sontem
1195 1096 1351 1138 invenit
1383 1095 1606 1148 sedentem,
1638 1095 1709 1136 ha-

35 1170 197 1213 bentem
229 1171 270 1212 in
292 1184 417 1212 manu
440 1183 513 1212 sua
545 1169 734 1211 baculum
768 1173 808 1211 et
840 1169 898 1209 ait
926 1167 1129 1209 Gantero:
1163 1166 1398 1219 Carissime,
1432 1166 1537 1208 unde
1569 1166 1710 1209 venis?
1737 1173 1779 1206 15

34 1241 92 1283 At
121 1241 211 1284 ille:
245 1241 306 1284 De
337 1241 524 1297 partibus
556 1241 738 1282 remotis.
787 1239 873 1289 Quo
906 1238 1068 1294 pergis?
1100 1238 1158 1279 At
1188 1238 1277 1280 ille:
1310 1238 1406 1280 Tria
1439 1251 1562 1292 quero
1588 1243 1627 1280 et
1648 1238 1710 1279 in-

37 1312 175 1355 venire
206 1326 286 1354 non
320 1316 474 1368 potero.
530 1311 616 1362 Que
648 1316 743 1353 sunt
773 1310 844 1351 illa
876 1309 982 1351 tria?
1025 1308 1230 1352 Ganterus
1262 1309 1493 1364 respondit:
1526 1309 1709 1351 Primum

36 1388 98 1426 est
134 1383 420 1426 habundancia
456 1384 544 1425 sine
583 1383 762 1434 defectu,
805 1381 1027 1423 secundum
1069 1385 1131 1423 est
1169 1381 1364 1434 gaudium
1404 1381 1491 1422 sine
1522 1381 1710 1434 tristicia,

35 1455 207 1498 tercium
247 1459 309 1496 est
338 1455 476 1497 lumen
509 1455 596 1496 sine
634 1453 827 1495 tenebris.
884 1453 955 1494 Ait
993 1466 1136 1494 senex:
1176 1451 1374 1494 Baculum
1414 1452 1538 1493 istum
1573 1452 1711 1506 accipe

37 1529 78 1568 et
108 1539 181 1582 per
212 1526 332 1568 istam
366 1526 475 1568 viam
507 1539 644 1581 perge.
698 1523 878 1566 Montein
913 1523 1039 1565 altum
1073 1523 1230 1565 videbis
1262 1527 1356 1565 ante
1388 1527 1449 1574 te;
1484 1523 1534 1564 ad
1565 1523 1708 1578 pedem
1736 1529 1781 1563 20

36 1597 188 1639 montis
220 1601 302 1640 stat
333 1611 414 1638 una
446 1597 556 1638 scala
579 1594 668 1650 [80]
694 1594 847 1636 habens
870 1609 941 1636 sex
964 1595 1128 1649 gradus.
1177 1593 1338 1636 Scalam
1373 1594 1558 1636 ascende.
1608 1593 1709 1636 Cum

37 1681 133 1710 vero
173 1668 224 1710 ad
264 1672 426 1710 sextum
465 1668 636 1722 gradum
679 1666 935 1722 perveneris,
978 1667 1019 1707 in
1052 1666 1290 1708 summitate
1321 1665 1474 1706 montis
1507 1665 1709 1720 palacium

37 1738 360 1795 pulcherrimum
398 1739 569 1781 videbis.
624 1738 669 1779 In
695 1738 825 1791 janua
862 1741 945 1780 tres
976 1739 1081 1780 ictus
1113 1740 1293 1792 percute.
1346 1735 1511 1778 Janitor
1541 1736 1617 1778 tibi
1647 1750 1711 1779 re-

38 1810 269 1866 spondebit.
333 1809 512 1852 Ostende
559 1811 595 1852 ei
635 1808 825 1852 baculum
866 1810 988 1852 istum
1032 1812 1072 1851 et
1112 1808 1255 1850 dicite:
1302 1806 1378 1857 Qui
1421 1811 1483 1849 est
1521 1807 1710 1850 dominus

38 1882 156 1924 istius
189 1881 343 1936 baculi,
384 1882 459 1924 tibi
491 1883 695 1937 precepit,
741 1883 787 1921 ut
817 1894 883 1922 me
913 1881 1070 1923 intrare
1105 1879 1334 1934 permittas
1388 1877 1489 1920 Cum
1524 1892 1617 1920 vero
1649 1880 1711 1921 in·
1736 1887 1782 1920 25

37 1953 205 1996 troitum
245 1953 459 2006 habueris,
500 1953 650 1996 ibidem
690 1954 772 1996 tria
804 1965 882 2006 que
913 1952 1050 2006 queris
1088 1950 1286 1992 invenies.
1343 1949 1415 1991 Ille
1446 1963 1542 1992 vero
1575 1951 1713 1993 omnia

39 2024 293 2080 adimplevit,
325 2024 430 2066 sicut
462 2025 498 2066 ei
531 2038 655 2067 senex
689 2025 869 2075 dixerat3
903 2036 993 2065 cum
1028 2035 1123 2064 vero
1139 2020 1504 2075 janitorbaoulum
1531 2021 1712 2075 vidisset,

40 2096 77 2138 ei
109 2095 323 2137 introitum
356 2095 482 2149 dedit,
514 2095 584 2137 ubi
615 2095 687 2137 illa
717 2096 799 2138 tria
829 2098 870 2136 et
902 2093 1032 2135 multa
1063 2093 1183 2147 plura
1211 2092 1368 2133 invenit
1391 2096 1431 2134 et
1452 2092 1604 2135 ibidem
1626 2097 1711 2134 toto

39 2170 224 2222 tempore
255 2166 338 2208 vite
369 2180 440 2208 sue
472 2167 701 2221 permansit
730 2170 806 2209 etc.

157 2235 390 2291 Carissimi,
428 2237 506 2279 iste
538 2236 741 2280 Ganterus
779 2240 916 2292 potest
954 2235 1032 2277 dici
1073 2233 1246 2288 quilibet
1283 2234 1412 2276 bonus
1449 2233 1711 2287 christianus,
1737 2240 1782 2274 30

41 2309 110 2363 qui
140 2308 337 2351 mundum
370 2308 613 2363 simpliciter
644 2308 765 2351 debet
795 2320 990 2363 spernere
1021 2309 1062 2347 et
1091 2305 1173 2347 ista
1207 2306 1289 2347 tria
1326 2318 1517 2360 querere,
1557 2304 1714 2348 scilicet

40 2380 367 2422 habundanciam
407 2380 496 2422 sine
534 2379 714 2433 defectu,
755 2378 948 2432 gaudium
991 2377 1080 2419 sine
1116 2377 1313 2430 tristicia,
1352 2376 1490 2418 lumen
1530 2377 1618 2418 sine
1653 2379 1712 2418 te-

41 2451 192 2494 nebris.
247 2450 331 2493 Ista
369 2464 450 2492 non
491 2454 683 2505 poterunt
720 2449 882 2503 haberi,
922 2448 1002 2490 nisi
1043 2449 1085 2490 in
1126 2449 1212 2490 vita
1249 2452 1391 2490 eterna
1431 2451 1472 2489 et
1507 2447 1583 2489 hoc
1621 2460 1712 2489 cum

43 2535 191 2576 magno
228 2521 380 2564 labore.
434 2521 467 2563 Ο
507 2521 648 2574 homo,
686 2520 751 2562 fac
788 2525 852 2574 tu,
892 2520 998 2561 sicut
1034 2519 1132 2561 fecit
1169 2518 1392 2571 GanteruS,
1441 2531 1565 2574 perge
1604 2518 1711 2559 viam

43 2593 166 2635 trium
200 2592 357 2635 dierum
389 2593 415 2634 i.
439 2606 473 2634 e.
507 2605 580 2647 per
613 2592 865 2643 oracionem,
899 2591 1101 2645 jejunium
1138 2595 1179 2632 et
1209 2589 1487 2632 elemosinam.
1543 2588 1586 2631 Si
1618 2602 1714 2631 con·
1739 2594 1784 2628 35

43 2664 177 2718 tingat
214 2668 254 2706 te
293 2664 343 2705 ad
383 2663 585 2718 quoddam
626 2676 795 2716 regnum
836 2661 1073 2717 pervenire,
1120 2662 1145 2703 i.
1176 2675 1210 2704 e.
1253 2661 1461 2703 mundana
1499 2660 1636 2714 aliqua
1674 2664 1715 2702 et

44 2736 153 2778 cives
192 2735 218 2776 i.
243 2749 276 2778 e.
310 2734 516 2776 mundane
557 2734 758 2776 vanitates
797 2738 838 2775 te
877 2733 918 2774 in
950 2746 1086 2786 regem
1120 2732 1278 2786 eligunt
1307 2733 1333 2774 i.
1357 2745 1390 2774 e.
1425 2745 1494 2773 cor
1525 2735 1638 2773 tuum
1671 2732 1713 2773 in

45 2806 278 2862 superbiam
310 2805 481 2859 ducunt,
522 2805 681 2860 respice
713 2804 763 2846 ad
799 2804 971 2846 lectum!
1019 2802 1167 2845 Lectus
1204 2804 1282 2846 iste
1313 2807 1376 2846 est
1405 2803 1491 2845 vita
1521 2802 1713 2856 humana,

45 2877 89 2919 in
121 2890 201 2932 qua
240 2890 313 2932 per
345 2876 467 2919 breve
498 2880 661 2931 tempus
694 2875 864 2929 jacebis
925 2873 1005 2917 Sed
1042 2875 1199 2930 respice
1238 2875 1288 2916 ad
1320 2874 1478 2916 leonem
1510 2873 1536 2914 i.
1560 2887 1593 2915 e.
1627 2873 1714 2915 dia-

42 2947 182 2994 bolum
215 2961 378 3003 semper
410 2950 554 2989 contra
585 2950 626 2988 te
657 2949 869 3002 paratum,
902 2950 943 2989 et
972 2945 1188 2989 draconem
1222 2946 1247 2988 i.
1272 2959 1305 2988 e.
1339 2948 1533 2999 mortem,
1566 2957 1644 3000 que
1674 2949 1714 2987 te
1739 2950 1784 2985 40
