1929 3157
855 80 936 123 135

91 185 158 227 84.
205 183 393 226 Justinus
425 185 465 226 in
498 186 664 228 civitate
688 200 868 229 romana.
919 187 1115 233 (Untreue
1137 203 1263 242 gegen
1287 194 1489 243 orreum.)
1537 193 1605 235 lat.
1630 196 1721 236 117.

90 256 158 298 85.
205 255 406 298 Narratur
437 257 544 310 quod
576 257 640 299 lex
672 256 760 300 fuit.
811 257 1126 313 (Erbtheilung.)
1173 260 1241 302 lat.
1264 262 1333 303 90.

90 328 157 369 86.
204 326 361 380 Regina
392 327 565 382 quedam
598 328 795 384 concepit.
845 328 1072 379 (Zweierlei
1104 331 1229 383 tuch.)
1281 332 1349 374 lat.
1375 334 1442 375 20.

90 398 157 440 87.
206 397 378 448 Quidam
410 399 473 440 vir
503 400 718 442 transiens.
769 399 987 455 (Schlange
1018 401 1162 453 lesen.)
1208 403 1277 445 lat.
1309 405 1398 446 174.

90 469 157 511 88.
204 468 308 511 Erat
339 469 503 523 quidam
536 470 737 512 dominus.
787 470 920 524 (Zoll.)
967 472 1037 514 lat.
1066 473 1157 514 157.

89 540 156 581 89.
205 539 374 593 Legitur
405 541 446 582 in
478 541 602 594 gestis
635 554 909 584 romanorum.
958 542 1209 593 (Feindliche
1242 544 1421 597 briider.)
1472 546 1541 589 lat.
1566 548 1632 589 39.

88 610 154 652 90.
202 609 378 653 Cosdras
411 611 650 667 Imperator.
697 612 901 664 (Codrus)
949 614 1018 656 lat.
1042 616 1109 655 41.

88 682 155 723 91.
202 680 303 723 Erat
334 682 498 736 quidam
532 683 665 725 homo.
714 683 920 733 (Brficke.)
967 698 1094 738 germ.
1121 685 1188 726 53.

87 751 154 793 92.
202 751 288 794 Rex
321 753 486 807 quidam
518 753 671 796 habuit.
721 754 998 806 (Glassteine.)
1047 769 1139 811 app.
1170 757 1231 797 14.

87 823 154 865 93.
202 822 342 866 Refert
373 824 561 866 valerius.
610 824 779 877 (Mutter
810 826 977 876 stillen.)
1027 840 1120 881 app.
1147 827 1212 868 19.

86 894 153 936 94.
202 893 370 948 Legitur
400 895 442 937 in
474 895 578 937 vitas
611 900 788 951 patrum.
837 896 951 947 (Drei
984 897 1163 947 narren.)
1211 897 1280 940 lat.
1308 898 1401 940 165.

85 965 153 1007 95.
200 962 420 1022 Pompejus
451 967 649 1021 regnavit.
698 967 760 1018 (In
792 967 937 1010 waffen
968 967 1202 1022 begraben.)
1250 969 1320 1010 lat.
1350 970 1442 1011 134.

84 1036 153 1078 96.
200 1035 391 1080 Lenicius
421 1038 620 1093 regnavit.
670 1038 875 1093 (Ingratus
904 1039 988 1080 und
1019 1038 1182 1091 Guido.)
1228 1039 1298 1081 lat.
1328 1041 1419 1082 119.

83 1107 152 1149 97.
199 1106 465 1152 Domicianus
496 1110 696 1164 regnavit.
746 1109 860 1161 (Drei
891 1110 1127 1152 weisheiten
1161 1111 1414 1163 verkaufen.)
1460 1111 1530 1154 lat.
1558 1113 1651 1154 103.

84 1179 151 1221 98.
199 1179 446 1223 Theolonius
477 1194 590 1224 rome
620 1182 819 1235 regnavit.
868 1181 1149 1233 (Wachsbild.)
1181 1182 1251 1224 lat.
1280 1183 1372 1224 102.

85 1251 152 1293 99.
198 1251 302 1294 Erat
332 1251 496 1307 quidam
529 1252 648 1295 miles
681 1257 882 1295 strenuus.
932 1252 1168 1305 (Placidus.)
1213 1253 1284 1296 lat.
1312 1255 1405 1296 110.

57 1322 155 1364 100:
197 1319 387 1365 Valerius
418 1324 606 1377 regnavit
636 1327 781 1379 potens
814 1324 942 1366 valde.
993 1323 1200 1376 (Stricke.)
1247 1337 1341 1380 app.
1368 1325 1432 1366 16.

502 1499 644 1535 XLIII.
683 1497 773 1535 Cod.
793 1498 1008 1535 Vindobon.
1033 1498 1179 1545 14‚45‘2,
1204 1498 1274 1535 fol.

533 1570 586 1605 Bl.
607 1571 874 1605 188α-21ῖα.
909 1570 988 1606 XV.
1005 1570 1056 1616 jh.
1095 1570 1139 1605 93
1160 1580 1237 1614 cap.

169 1668 255 1712 Hec
293 1671 389 1711 sunt
426 1666 562 1722 aliqua
594 1670 709 1721 gesta
738 1666 1014 1709 Romanorum
1048 1670 1088 1709 et
1116 1667 1250 1723 primo
1284 1666 1391 1722 quod
1421 1665 1495 1708 filii
1525 1670 1716 1722 parentes

54 1740 203 1784 debent
233 1743 462 1782 sustentare
494 1742 568 1781 etc.

172 1810 290 1854 Steht
319 1811 407 1853 eod.
425 1809 518 1852 XLI
544 1813 618 1853 etc.
643 1809 736 1852 sehr
766 1808 885 1863 nahe,
917 1809 994 1851 mit
1024 1808 1116 1850 dem
1148 1822 1192 1851 er
1223 1809 1284 1851 bis
1306 1821 1394 1864 cap.
1415 1808 1470 1850 84
1490 1808 1572 1850 fast
1592 1808 1717 1863 vellig

53 1882 354 1937 gleichlautend
384 1882 452 1936 ist,
483 1895 562 1923 nur
591 1880 693 1923 fehlt
723 1880 807 1922 ihm
832 1891 919 1935 cap.
940 1881 994 1921 63
1021 1880 1198 1932 (Drache
1220 1879 1346 1922 durch
1368 1879 1498 1921 lcwen
1521 1880 1714 1932 entfernt)

55 1967 135 1996 von
166 1953 252 1997 cod.
275 1952 387 2008 XLI,
420 1966 615 2007 wogegen
646 1966 689 1994 er
721 1965 808 2007 cap.
833 1952 887 1992 69
920 1950 1087 2003 (Elster)
1119 1950 1356 2004 einscfflebt,
1387 1951 1470 1992 und
1499 1950 1602 1993 fehlt
1630 1951 1715 1993 ihm

54 2026 190 2068 nost?
223 2024 341 2076 (Zoll)
373 2038 452 2066 von
484 2024 571 2066 cod.
595 2023 700 2076 XLI,
734 2035 926 2076 wogegen
957 2036 1000 2065 er
1031 2036 1096 2064 no.
1117 2023 1169 2063 78
1203 2021 1315 2073 (Was
1347 2023 1401 2064 ist
1432 2021 1503 2063 der
1530 2022 1714 2074 mensch)

55 2095 291 2140 einschiebt.
342 2095 433 2138 Von
471 2108 559 2151 cap.
585 2095 639 2135 85
680 2094 730 2136 ab
769 2094 930 2136 werden
970 2094 1035 2136 die
1073 2093 1389 2147 abweichungen
1425 2093 1714 2148 bedeutender‚

53 2167 301 2211 namentlich
334 2167 461 2209 durch
493 2166 558 2209 die
591 2165 816 2219 einfiigung
846 2179 924 2207 von
955 2165 1283 2218 fremdartigem:

85 2251 152 2294 85.
199 2249 367 2304 Legitur
399 2250 442 2292 in
473 2249 577 2291 vitas
610 2252 786 2305 patrum.
834 2248 949 2300 (Drei
980 2249 1159 2300 narren.)
1203 2247 1275 2289 lat.
1302 2247 1396 2289 165.

85 2323 153 2365 86.
200 2321 433 2378 Pompeyus
465 2320 609 2362 statuit
639 2333 713 2375 pro
744 2320 844 2373 lege.
895 2319 955 2371 (In
984 2318 1131 2361 waffen
1163 2319 1398 2373 begraben.)
1443 2318 1514 2361 lat.
1541 2319 1634 2360 134.

85 2394 152 2436 87.
199 2392 262 2436 De
294 2396 434 2435 sancto
467 2391 686 2434 eustachio.
733 2390 836 2433 Erat
867 2390 1032 2445 quidam
1062 2390 1192 2433 miles.
1241 2390 1475 2443 (Placidus.)
1521 2389 1591 2432 lat.
1619 2390 1711 2431 110.

82 2465 153 2507 88.
201 2464 264 2507 De
284 2463 507 2506 marscalco
530 2466 571 2506 et
591 2462 617 2504 5
638 2461 850 2504 militibus.
883 2460 1125 2504 Valerianus
1142 2462 1472 2516 ¹romeregnavit.
1507 2460 1713 2513 (Stricke.)

77 2607 154 2649 189.
198 2535 435 2648 {PeP-Sssfssto
458 2604 626 2646 Thoma.
667 2603 844 2664 'Legitur
875 2602 982 2657 quod
1004 2606 1167 2645 sanctus
1189 2603 1378 2645 Thomas.
1423 2602 1713 2658 (Martyrium.)

87 2678 155 2720 90.
202 2676 264 2741 De
279 2676 410 2719 tribus
428 2675 654 2732 syrenibus.
678 2674 847 2729 Legitur
861 2674 967 2729 quod
980 2678 1062 2716 tres
1077 2687 1256 2730 syrenes.
1284 2674 1514 2730 (Syrenen.)
1539 2674 1711 2729 app.41.

78 2744 155 2791 ‘91.
203 2747 266 2791 De
286 2747 417 2790 milite
438 2751 479 2790 et
498 2747 652 2801 regina.
686 2745 788 2788 Erat
809 2745 975 2800 quidam
994 2758 1080 2788 rex.
1115 2744 1499 2797 (Lewenhochzeit.)
1533 2758 1627 2800 app.
1644 2745 1711 2786 20.

87 2820 155 2863 92.
202 2819 264 2862 De
294 2832 475 2875 paupere
506 2822 546 2861 et
576 2822 722 2860 castre.
774 2816 876 2859 Erat
907 2816 1071 2872 quidam
1102 2830 1188 2860 rex.
1241 2816 1526 2869 (Freundliche
1554 2816 1713 2868 worte.)

27 2929 31 2932 >
90 2961 158 3004 93.
200 2889 557 3004 l13⁴2.(litigii-cacione
587 2959 744 3016 templi.
792 2957 924 3011 (Ohne
955 2957 1206 3012 erz‘ahlung.)
