1954 3137
1013 56 1095 97 192

230 164 298 205 97.
349 163 475 205 Onias
509 163 550 203 in
585 162 753 204 civitate
779 175 952 204 romana
976 161 1178 214 regnavit.
1228 160 1377 211 (Feuer
1401 161 1483 202 und
1506 175 1661 203 wasser
1682 161 1899 213 bewahrt.)

230 234 298 275 98.
348 233 592 275 Mamer-tius
632 233 673 274 in
715 233 883 274 civitate
916 245 1090 274 romana
1121 232 1311 285 regnavit
1343 232 1412 286 qui
1445 232 1588 274 filium.
1645 232 1901 283 (Schleohter

348 304 498 346 athem.
549 302 670 356 Gang
703 317 796 345 zum
832 303 1167 354 eisenhammer.)
1225 316 1320 358 app.

229 376 297 416 00.
345 374 570 416 Anselmus
611 374 653 415 in
694 388 812 416 roma
851 374 1042 427 regnavit
1081 373 1149 427 qui
1192 373 1401 428 quandam
1435 373 1630 429 puellam.
1688 373 1901 426 (Feindes-

348 445 508 487 toehter
541 445 772 499 heirathen,
807 444 1027 496 abweieh.)
1074 457 1169 500 app.
1195 445 1263 485 55.

203 518 297 559 100.
348 516 500 558 Darius
530 516 571 557 in
596 516 763 558 civitate
787 529 960 558 romana
982 515 1185 569 regnavit,
1219 515 1290 570 qui
1311 515 1421 557 inter
1443 516 1593 557 omnia.
1637 514 1901 569 (Androclus,

349 587 565 638 abweich.)
614 587 686 629 lat.
714 589 810 628 104.

203 659 298 700 101.
345 657 558 700 Menelaus
597 659 638 699 in
671 658 840 700 civitate
872 670 1046 699 romana
1079 657 1271 711 regnavit
1303 657 1373 712 qui
1405 656 1532 698 filiam
1566 657 1689 710 regis.
1744 655 1903 708 (Hilde-

348 729 506 783 garde.)
556 743 650 784 app.
676 728 745 770 53.

202 801 298 842 102.
348 800 536 842 Ciolades
575 800 618 841 in
658 799 827 841 civitate
861 812 1035 841 romana
1066 799 1257 853 regnavit
1289 798 1472 854 prudens
1504 798 1638 841 valde.
1693 798 1902 853 (Ingratus

348 872 432 913 und
467 870 633 923 Guido.)
682 870 753 912 lat.
783 871 878 912 119.

566 1039 802 1075 LXXXVII.
842 1039 932 1075 God.
958 1039 1125 1074 Londin.
1151 1039 1257 1075 Bibl.
1285 1039 1399 1074 Harl.
1427 1038 1537 1074 3132.

641 1112 705 1145 187
726 1110 772 1145 bl.
811 1111 892 1145 XV.
909 1110 962 1156 jh.
1000 1112 1043 1145 81
1065 1121 1157 1155 (ιαμ,
1186 1109 1466 1155 unvollstandig.

555 1269 813 1305 LXXXVIII.
857 1268 948 1304 Cod.
972 1269 1139 1305 Londin.
1164 1269 1271 1304 Bibl.
1297 1269 1412 1304 Harl.
1437 1267 1550 1304 5259.

735 1341 965 1385 Pergament.
1004 1340 1154 1386 XV.jh.
1195 1342 1260 1375 101
1287 1351 1366 1385 cap.

318 1441 389 1483 Bis
422 1455 487 1483 n0.
514 1442 568 1483 83
601 1441 734 1495 gleieh
768 1442 883 1484 Harl.
910 1443 1039 1496 2270,
1073 1442 1182 1484 dann
1217 1441 1508 1484 abweiehende
1538 1440 1668 1495 folge3
1706 1453 1797 1495 oap.
1821 1440 1902 1482 102

200 1512 315 1555 fehlt.
365 1512 465 1568 Cap.
492 1513 546 1554 28
582 1512 906 1566 (Todtensiegel)
941 1513 1014 1555 hat
1046 1513 1255 1567 englische
1288 1513 1573 1567 eigennamen.

490 1688 713 1723 LXXXIX.
752 1687 843 1723 cod.
870 1688 1037 1723 Londin.
1063 1689 1168 1724 Bibl.
1194 1689 1309 1724 Harl.
1334 1688 1451 1734 5369,
1477 1688 1613 1732 quart.

586 1759 640 1793 Bl.
659 1760 848 1794 38-100.
888 1760 1117 1804 Pergament.
1154 1760 1327 1806 X1V.jh.
1365 1761 1411 1795 43
1438 1770 1517 1804 cap.

266 1862 301 1902 1.
349 1860 601 1916 Exemplum
643 1861 796 1903 bonum
836 1861 885 1904 de
925 1875 1007 1904 uno
1046 1876 1142 1916 rege
1184 1863 1252 1917 qui
1293 1862 1472 1905 habebat
1510 1861 1640 1904 filiam
1681 1864 1756 1904 eto.
1790 1875 1900 1903 nom.

350 1931 607 1973 Atalantam.
658 1932 906 1984 (Atalanta.)
956 1933 1006 1974 of.
1029 1933 1101 1975 lat.
1127 1935 1195 1975 60.

264 2002 302 2043 2.
351 2002 578 2045 Anselmus
619 2003 663 2044 in
702 2004 813 2046 civit.
846 2017 950 2045 rom.
975 2017 1090 2058 regn.
1114 2005 1298 2060 prudens
1331 2004 1451 2047 valde
1483 2004 1553 2060 qui
1586 2004 1780 2060 portabat
1812 2017 1903 2046 sou-

351 2077 438 2115 tum
474 2087 559 2127 arg.
610 2073 890 2126 (Baumerbe.)
941 2089 1069 2128 germ.
1096 2075 1164 2117 81.

263 2146 302 2186 3.
350 2144 636 2186 Diocletianus
677 2145 720 2186 in
760 2146 836 2187 eiv.
867 2159 970 2187 rom.
1003 2160 1117 2200 regu.
1150 2147 1334 2202 prudens
1367 2145 1488 2189 valde
1521 2147 1590 2201 qui
1621 2147 1732 2189 inter
1764 2146 1903 2189 omnia

352 2215 472 2257 bona.
522 2215 915 2270 (Straussenjunge.)
966 2231 1060 2272 app.

262 2287 302 2328 4.
351 2286 454 2329 Nelo
484 2287 714 2342 imperator
736 2287 779 2328 in
802 2288 878 2329 civ.
897 2302 1071 2331 romana
1092 2289 1284 2343 regnavit
1305 2289 1488 2344 prudens
1509 2288 1643 2331 valde.
1693 2288 1902 2340 (Socrates

351 2357 589 2409 heirathet.)
637 2357 709 2399 lat.
735 2359 802 2400 61.

263 2430 303 2470 5.
350 2428 578 2470 Frendious
611 2428 654 2470 in
687 2429 763 2470 eiv.
788 2443 890 2471 rom.
914 2444 1028 2484 regn.
1055 2431 1239 2486 prudens
1271 2431 1392 2474 valde
1425 2431 1495 2486 qui
1525 2434 1691 2473 tantum
1722 2431 1900 2474 unicam.

353 2499 676 2554 (Narrenapfel.)
722 2500 794 2542 lat.
821 2501 888 2542 74.

264 2572 302 2612 6.
352 2570 641 2612 Diocleeianus
680 2571 723 2612 in
763 2572 839 2613 civ.
870 2585 973 2614 rom.
1006 2586 1119 2626 regn.
1150 2572 1194 2614 in
1234 2573 1350 2627 eujus
1388 2573 1565 2628 imperio
1605 2576 1696 2616 erat
1733 2572 1914 2628 quidam*

352 2641 638 2696 philosophus.
689 2641 880 2693 (Pereute
911 2643 1008 2695 hie.)
1055 2643 1127 2685 lat.
1154 2644 1250 2685 107.

272 2726 303 2753 4.
353 2712 470 2754 Titus
509 2712 701 2765 regnavit
737 2713 781 2753 in
820 2714 988 2756 civitate
1027 2727 1201 2756 romana
1240 2714 1423 2770 prudens
1463 2714 1595 2756 valde.
1654 2714 1716 2765 (In
1754 2713 1901 2757 waffen

353 2783 591 2836 begraben.)
643 2783 714 2825 lat.
742 2784 837 2825 134.

267 2853 304 2893 8.
354 2852 551 2896 Betoldus
583 2854 775 2907 regnavit
806 2855 849 2896 in
881 2855 1050 2898 civitate
1082 2869 1256 2898 romana
1287 2856 1470 2911 prudens
1502 2855 1624 2898 valde
1648 2856 1716 2910 qui
1741 2855 1898 2898 statuit.

354 2923 765 2980 (Kerkergespraeh.)
813 2925 885 2967 lat.
910 2926 978 2967 86.
