1949 3162
1001 79 1083 119 (358

199 185 374 241 Imperio
415 185 540 226 armis
580 183 838 238 subjugasset
878 189 918 226 et
949 181 1079 226 victor
1111 197 1199 225 cum
1248 184 1374 238 preda
1410 190 1654 237 remeasset,
1704 183 1878 226 Senatus

199 269 246 298 ac
275 259 384 298 totus
406 255 582 310 populus
604 268 798 297 romanus
832 255 868 297 ei
900 255 1072 297 festivus
1106 255 1307 310 processit
1339 254 1500 297 obviam
1534 259 1687 297 etcum
1709 255 1878 297 canticis

199 330 238 369 et
274 326 464 369 laudibus
505 327 701 369 victorem
742 327 918 382 recepit3
960 327 1088 368 victor
1129 340 1313 382 purpura
1350 326 1554 380 induitur,
1595 326 1797 382 dyadema
1828 340 1878 368 ex

196 397 311 439 lauro
353 411 533 452 auroque
572 401 765 440 contexta
804 399 839 439 ei
879 398 1097 453 imposuit,
1137 398 1180 439 in
1219 410 1340 439 curru
1374 410 1495 439 aureo
1537 401 1577 439 et
1607 398 1780 451 gemmis
1813 411 1879 440 ra-

197 468 335 511 diante
367 472 542 523 quatuor
574 469 688 523 equis
721 469 824 511 albis
856 468 1114 511 trahentibus
1147 469 1238 510 urbi
1276 468 1495 511 invehitur.
1553 468 1680 510 Porro
1722 468 1878 510 nobiles

196 539 417 596 precedent
447 552 611 582 currum
644 540 810 582 victoris
843 540 977 582 aureis
1015 540 1198 582 cathenis
1239 540 1385 593 vincti,
1429 539 1574 593 vulgus
1616 553 1710 581 vero
1749 540 1879 595 capti-

195 624 291 652 vum
323 611 470 653 vinctis
502 611 692 653 manibus
734 611 980 665 sequebatur
1017 624 1206 664 currum,
1240 625 1393 666 pompa
1422 611 1548 666 prede
1581 611 1703 652 simul
1735 611 1784 653 ob
1816 611 1879 652 in-

195 681 311 734 signe
342 681 540 737 triumphi
573 682 747 724 ducitur.
796 682 851 724 Et
882 682 941 724 sic
975 683 1105 724 victor
1137 696 1286 736 magno
1319 683 1509 738 trepudio
1544 695 1704 724 summo
1726 681 1880 738 templo

194 751 403 795 laureatus
434 752 643 795 inducitur
675 758 716 795 et
746 758 843 796 tunc
875 754 1003 808 preda
1037 753 1187 809 populo
1221 754 1431 796 dividitur.

312 825 546 867 Moralitczs.
595 824 827 878 Karissimi,
851 826 980 867 victor
1012 826 1089 867 iste
1123 829 1184 867 est
1215 826 1376 878 cristus,
1411 825 1480 879 qui
1502 824 1721 880 dyabolum
1754 825 1884 880 capti-

196 894 367 937 vitatem
400 895 450 937 ab
471 896 561 950 ipso
584 900 745 950 captam
780 897 1016 951 captivavit.
1064 895 1261 938 Mundum
1295 896 1488 938 rebellem
1519 896 1658 938 celesti
1681 896 1766 949 regi
1789 895 1883 938 sub-

189 966 364 1020 jugavit.
424 965 555 1008 Hodie
595 967 724 1009 victor
763 981 853 1009 cum
897 967 1025 1009 nobili
1066 968 1193 1022 preda
1234 968 1284 1009 ad
1321 968 1493 1022 patriam
1535 967 1746 1009 remeavit.
1804 966 1880 1009 Cui

197 1041 363 1080 senatus
405 1037 741 1091 archangelorum
781 1039 1017 1086 cumomni
1052 1038 1204 1080 milicia
1243 1038 1422 1081 celorum
1465 1039 1626 1081 obviam
1667 1038 1882 1094 processit,

195 1122 381 1164 purpura
412 1109 619 1163 induitur,
661 1109 905 1164 dyademate
944 1110 993 1152 de
1027 1123 1125 1151 auro
1165 1109 1191 1150 i.
1217 1123 1249 1151 e.
1283 1110 1500 1165 splendore
1541 1109 1802 1164 angelorum,
1845 1113 1886 1151 et

195 1180 312 1222 lauro
358 1181 384 1222 i.
420 1194 452 1222 e.
492 1180 571 1222 fide
618 1180 831 1222 hominum
876 1185 1108 1223 coronatur.
1173 1180 1327 1223 Currus
1367 1182 1393 1223 i.
1418 1196 1451 1223 e.
1494 1181 1750 1235 evangelium
1791 1194 1884 1223 cum

197 1252 370 1306 gemmis
410 1251 436 1293 i.
462 1265 494 1294 e.
538 1252 666 1294 sacris
706 1252 840 1294 verbis
881 1256 921 1294 et
960 1252 1199 1307 scripturis3
1241 1257 1417 1307 quatuor
1446 1257 1535 1295 rote
1576 1257 1672 1295 sunt
1709 1256 1885 1307 quatuor

198 1322 448 1377 evangeliste
483 1336 555 1378 per
587 1337 688 1378 quos
721 1323 957 1378 triumphus
990 1323 1114 1365 Cristi
1150 1325 1408 1379 exprimitur.
1461 1324 1645 1374 Quatuor
1678 1324 1772 1378 equi
1803 1323 1887 1366 albi

198 1398 294 1436 sunt
332 1398 507 1448 quatuor
539 1394 739 1437 doctores.
794 1394 962 1437 Nobiles
1003 1395 1114 1450 capti
1156 1395 1340 1437 cathenis
1381 1395 1516 1438 aureis
1556 1395 1683 1436 vincti
1720 1408 1886 1437 currum

198 1465 446 1521 precedunt,
493 1465 641 1519 vulgus
687 1465 825 1519 ligatis
866 1466 1056 1508 manibus
1105 1467 1290 1520 sequitur
1337 1468 1433 1522 quia
1480 1466 1657 1522 populus
1702 1479 1726 1507 a
1765 1465 1886 1507 malis

199 1537 391 1593 operibus
432 1550 476 1579 se
507 1537 655 1578 timore
686 1536 819 1590 ligans
863 1537 914 1578 ad
945 1537 1095 1590 gaudia
1134 1538 1395 1591 subvehitur,
1435 1551 1589 1593 pompa
1628 1537 1754 1593 prede
1795 1550 1887 1579 cur-

198 1622 289 1650 rum
330 1608 551 1650 comitatur
591 1608 687 1662 quia
727 1611 963 1650 sanctorum
997 1609 1217 1650 multitudo
1251 1623 1342 1651 cum
1376 1608 1510 1651 Cristo
1542 1621 1762 1662 resurgens
1793 1620 1885 1649 cum

199 1692 246 1722 eo
278 1679 398 1722 hodie
431 1680 481 1721 ad
520 1679 657 1722 sidera
696 1679 922 1732 exaltatur,
963 1680 1093 1721 victor
1133 1684 1269 1722 autem
1302 1694 1392 1723 cum
1427 1683 1549 1722 cantu
1580 1680 1623 1721 in
1661 1680 1886 1722 humanum

198 1750 398 1806 templum
448 1751 632 1804 ducitur,
680 1755 826 1806 postea
864 1750 997 1805 spolia
1035 1751 1296 1805 dividuntur,
1345 1751 1442 1806 quia
1480 1750 1677 1794 effusione
1716 1751 1887 1807 spiritus

200 1822 331 1865 sancti
362 1835 470 1864 nova
500 1821 724 1864 carismata
754 1821 943 1864 fidelibus
976 1822 1226 1865 tribuuntur.

882 2076 983 2129 253,
1017 2089 1118 2131 app.
1143 2077 1211 2119 57.

319 2175 432 2218 Dicit
470 2175 659 2230 ysidorus
699 2175 805 2218 libro
846 2176 1073 2218 ethicorum
1115 2177 1222 2231 quod
1263 2178 1305 2219 in
1338 2177 1471 2219 sicilia
1502 2181 1598 2220 sunt
1628 2178 1707 2220 duo
1737 2178 1885 2231 fontes,

204 2259 377 2301 quorum
409 2260 514 2288 unus
546 2247 728 2289 sterilem
760 2247 966 2301 fecundat,
1001 2247 1104 2289 alter
1135 2248 1351 2290 fecundam
1385 2248 1567 2291 sterilem
1599 2249 1710 2292 facit.

322 2319 551 2360 Moraliter.
599 2318 678 2360 Per
708 2319 888 2374 primum
921 2319 1076 2361 fontem
1110 2319 1304 2361 debemus
1336 2320 1567 2374 intelligere
1599 2320 1784 2374 eristum,
1817 2319 1886 2374 qui

203 2388 302 2431 facit
333 2389 516 2432 sterilem
546 2390 573 2431 i.
598 2403 631 2431 e.
666 2393 924 2444 peccatorem
955 2390 1176 2433 fecundare
1207 2391 1232 2432 i.
1258 2405 1290 2433 e.
1327 2405 1454 2446 opera
1483 2391 1762 2433 misericordie
1793 2403 1886 2445 pre-

203 2474 362 2515 parare.
411 2460 529 2503 Alter
548 2460 640 2502 fons
663 2464 725 2502 est
746 2461 945 2516 dyabolus
968 2462 1037 2516 qui
1060 2476 1080 2504 e
1098 2475 1294 2504 converso
1317 2467 1510 2517 operetur
1531 2463 1639 2518 quod
1661 2462 1799 2517 sepius
1818 2461 1888 2504 bo-

203 2545 302 2573 num
324 2531 532 2574 hominem
565 2531 615 2573 ad
636 2531 790 2573 malum
812 2532 934 2574 finem
959 2533 1082 2575 ducit.
1123 2532 1350 2575 Caveamus
1373 2534 1500 2586 igitur
1516 2547 1568 2576 ne
1589 2533 1788 2588 dyabolus
1811 2536 1907 2574 etos

205 2602 263 2644 In
294 2602 411 2644 italia
442 2607 504 2644 est
532 2603 638 2655 fons,
671 2603 739 2656 qui
762 2603 932 2645 vulnera
965 2603 1174 2645 oculorum
1197 2608 1326 2657 curat,
1359 2605 1424 2647 die
1442 2605 1584 2658 fulget,
1615 2608 1734 2646 nocte
1757 2604 1885 2646 ardet.

205 2674 436 2715 Meo-aliter.
491 2673 558 2715 Sic
590 2673 739 2715 cristus
771 2679 1033 2729 peccatorum
1068 2675 1237 2717 vulnera
1269 2679 1407 2729 sanat,
1441 2676 1510 2730 qui
1540 2676 1583 2717 in
1615 2675 1694 2728 die,
1725 2675 1752 2716 i.
1777 2687 1810 2716 e.
1843 2675 1887 2716 in

204 2743 281 2785 hac
311 2744 397 2785 vita
428 2744 617 2799 splendet
648 2748 688 2786 et
718 2745 761 2785 in
792 2749 912 2786 nocte
933 2745 1064 2798 ardet,
1096 2746 1122 2786 i.
1149 2759 1181 2787 e.
1206 2746 1249 2787 in
1282 2750 1413 2788 morte
1438 2746 1535 2800 quia
1556 2750 1666 2788 certe
1687 2758 1770 2787 non
1791 2758 1887 2800 pro-

206 2818 302 2856 sunt
338 2815 495 2857 homini
536 2828 661 2870 opera
700 2829 774 2856 sua
815 2819 889 2857 etc.
951 2817 1009 2857 In
1041 2815 1155 2858 effiro
1196 2820 1258 2858 est
1287 2818 1392 2870 fons,
1425 2817 1494 2871 qui
1527 2817 1716 2859 ardentes
1747 2816 1886 2858 fauces

207 2886 433 2940 extingwit,
474 2887 675 2928 extinctas
710 2887 906 2928 accendit.
954 2888 1184 2929 Moraliter.
1230 2887 1296 2929 Sic
1329 2888 1476 2929 cristus
1514 2887 1705 2929 ardentes
1735 2887 1887 2940 fauces,

206 2954 231 2995 i.
256 2968 289 2997 e.
323 2956 464 2997 mundi
497 2957 705 3011 sapientes
738 2957 953 3010 extingwit
992 2962 1033 2999 et
1070 2958 1294 3011 extinctas,
1335 2959 1360 3000 i.
1385 2972 1418 3000 e.
1452 2972 1655 3014 pauperes
1689 2958 1757 3013 qui
1791 2962 1888 3000 sunt
