1919 3157
875 68 955 109 287

79 174 237 216 scilicet
266 173 333 215 ubi
366 173 444 214 erit
474 173 692 228 scriptum:
726 173 875 214 Omnia
905 177 1144 227 pretereunt
1175 179 1312 228 preter
1345 187 1482 216 amare
1515 174 1638 216 deum
1669 175 1696 216 i.
1716 189 1749 216 e.

79 245 217 287 omnia
255 247 422 300 peccata
462 256 554 285 mea
589 244 699 286 mala
738 257 811 299 per
850 244 1124 299 penitenciam
1165 248 1261 286 sunt
1299 244 1453 297 deleta,
1494 250 1533 287 et
1564 245 1651 298 jam
1685 245 1751 287 dei

79 316 267 358 timorem
299 320 340 358 et
368 315 548 368 graciam
581 315 667 368 ejus
700 328 859 356 mecum
891 319 1024 370 porto,
1058 328 1131 370 per
1163 328 1285 370 quam
1319 316 1444 358 vitam
1472 321 1655 359 eternam
1680 316 1751 358 ob-

79 387 229 440 tinebo,
262 386 312 429 ad
345 399 466 441 quam
498 399 572 428 nos
605 385 805 441 perducat
836 391 911 428 etc.

817 615 918 658 CAP.
948 618 1011 657 10.

746 703 818 748 De
854 701 1086 748 oblivione.

191 811 470 867 Vespasianus
503 811 703 864 regnavit,
737 811 806 865 qui
838 810 908 852 diu
939 810 1139 853 remansit
1169 811 1257 852 sine
1290 809 1416 866 prole.
1464 810 1646 852 Tandem
1675 824 1749 866 per

76 882 290 925 consilium
329 883 562 938 sapientum
607 881 811 936 quandam
851 881 1063 937 pulchram
1098 881 1276 937 puellam
1309 881 1359 924 de
1390 881 1622 936 longinquis
1653 896 1749 938 par-

74 955 184 997 tibus
223 954 365 996 mundi
403 954 445 995 in
484 966 655 996 uxorem
692 953 811 995 duxit
843 957 882 995 et
912 966 1004 995 cum
1037 966 1084 995 ea
1115 953 1157 995 in
1189 953 1326 1008 patria
1357 957 1553 995 extranea
1585 953 1655 995 diu
1685 967 1750 996 re-

74 1026 228 1068 mansit
258 1029 299 1068 et
330 1025 486 1082 prolem
518 1038 569 1067 ex
601 1038 649 1067 ea
680 1025 833 1079 genuit.
881 1024 980 1066 Post
1003 1024 1077 1067 hec
1099 1024 1150 1066 ad
1171 1024 1391 1080 imperium
1414 1038 1533 1066 suum
1556 1025 1749 1067 accedere

75 1097 248 1151 volebat,
281 1097 353 1140 sed
383 1096 537 1138 nullam
570 1096 784 1139 licenciam
818 1096 868 1138 ab
901 1109 949 1138 ea
979 1099 1142 1151 poterat
1173 1096 1371 1149 obtinere,
1404 1096 1476 1138 sed
1505 1109 1667 1152 semper
1689 1096 1750 1138 di-

74 1168 211 1211 cebat:
246 1167 290 1211 Si
322 1181 345 1210 a
376 1181 442 1210 me
473 1168 644 1222 recediS,
678 1168 878 1223 meipsam
913 1167 1097 1210 occidere
1127 1167 1233 1209 volo.
1288 1167 1518 1223 Imperator
1550 1180 1642 1210 cum
1673 1167 1751 1210 hoc

75 1239 277 1292 audisset,
315 1240 413 1282 fecit
447 1239 536 1282 fieri
568 1239 669 1282 duos
702 1239 874 1282 annulos
906 1239 1084 1294 optimos
1119 1243 1159 1282 et
1189 1239 1339 1294 sculpit
1369 1240 1412 1281 in
1444 1239 1616 1293 gemmis
1648 1239 1751 1281 ima-

75 1311 190 1364 gines
228 1310 348 1365 hujus
386 1310 584 1365 efficacie,
625 1316 671 1353 ut
709 1324 792 1353 una
830 1313 937 1353 esset
975 1310 1111 1364 imago
1152 1312 1350 1354 memorie
1382 1315 1423 1354 et
1455 1311 1585 1353 altera
1615 1311 1750 1365 imago

76 1381 306 1424 oblivionis.
361 1381 544 1437 Cumque
583 1382 751 1438 paribus
792 1381 953 1424 annulis
992 1395 1059 1424 eas
1091 1382 1354 1436 inseruisset,
1394 1396 1522 1425 unum
1553 1381 1751 1424 annulum

76 1452 232 1496 scilicet
262 1452 479 1496 oblivionis
508 1453 672 1509 prebuit
691 1453 825 1507 uxori,
858 1452 1032 1495 alterum
1054 1453 1143 1508 ipse
1165 1453 1273 1507 tulit,
1305 1457 1351 1496 ut
1372 1455 1478 1496 sicut
1500 1454 1589 1509 pari
1611 1467 1751 1496 amore

76 1524 136 1566 sic
171 1524 340 1580 paribus
380 1524 542 1567 annulis
581 1525 736 1567 scilicet
771 1524 1081 1578 insignirentur.
1136 1525 1250 1568 Uxor
1280 1538 1373 1568 cum
1407 1525 1603 1567 annulum
1636 1537 1751 1568 aece-

76 1595 225 1651 pisset,
265 1596 406 1638 statim
445 1596 554 1652 cepit
594 1596 780 1638 oblivisci
821 1596 972 1638 amoris
1005 1595 1095 1638 viri.
1158 1596 1388 1652 Imperator
1417 1597 1492 1639 hec
1523 1596 1665 1639 videns
1699 1595 1751 1638 ad

74 1667 294 1722 imperium
331 1680 423 1710 cum
463 1667 613 1721 gaudio
653 1681 696 1711 se
727 1667 958 1722 transtulit,
996 1680 1071 1710 nec
1101 1667 1274 1711 ulterius
1307 1672 1370 1711 est
1401 1668 1452 1710 ad
1483 1681 1654 1710 uxorem
1686 1681 1750 1710 re-

74 1751 230 1781 versus.
282 1737 337 1780 Et
367 1739 426 1781 sic
457 1739 501 1780 in
531 1752 632 1795 pace
663 1740 791 1781 vitam
824 1752 941 1781 suam
972 1738 1117 1781 finivit.

194 1807 503 1865 [Mor-alisatio]
554 1809 782 1864 Carissimi,
815 1824 889 1866 per
919 1811 1045 1852 istum
1076 1811 1368 1866 imperatorem
1401 1811 1595 1853 debemus
1627 1809 1748 1852 intel-

74 1879 201 1935 ligere
232 1881 414 1924 animam
449 1880 542 1936 [Sb]
575 1881 810 1935 humanam,
845 1895 968 1937 quam
999 1886 1162 1938 oportet
1191 1883 1346 1925 assumi
1368 1883 1419 1925 ad
1441 1881 1654 1938 propriam
1676 1895 1749 1936 pa-

74 1952 215 2006 triam,
254 1952 331 1995 hoe
361 1956 425 1996 est
456 1953 507 1995 ad
538 1966 710 2006 regnum
741 1952 911 2007 celeste,
953 1953 1005 1995 ad
1035 1954 1131 2008 hoc,
1171 1958 1217 1995 ut
1248 1954 1423 1997 salutem
1454 1953 1620 1996 finalem
1652 1966 1748 1995 con-

74 2028 279 2078 sequatur.
327 2023 421 2067 Ideo
445 2025 502 2066 ait
525 2024 726 2080 psalmus:
764 2024 932 2067 Salvum
954 2038 1020 2067 me
1040 2025 1119 2078 fac,
1142 2025 1241 2067 deus
1265 2029 1340 2068 etc.
1388 2025 1502 2068 Uxor
1524 2029 1586 2068 est
1606 2029 1749 2068 nostra

1775 622 1796 655 ιἽ

1778 1034 1820 1068 10

1777 1389 1820 1424 15

1775 1745 1820 1781 20

74 2108 190 2149 earo,
229 2108 306 2150 que
344 2096 497 2138 retinet
535 2096 713 2138 animam
753 2097 797 2138 in
833 2096 974 2139 multis
1013 2096 1379 2151 delectacionibus,
1418 2110 1493 2153 per
1532 2109 1634 2151 quas
1666 2109 1749 2138 non
1773 2101 1817 2136 25

73 2167 228 2222 poterit
257 2167 309 2209 ad
341 2167 467 2209 vitam
500 2171 682 2209 eternam
714 2168 904 2222 transire,
942 2167 1012 2210 ubi
1044 2168 1180 2210 anime
1211 2169 1473 2211 conversacio
1505 2157 1568 2210 est
1599 2171 1640 2210 et
1671 2167 1748 2209 im-

73 2238 235 2294 perium
267 2239 353 2293 ejus
385 2242 426 2281 et
455 2242 587 2280 totum
619 2239 880 2281 desiderium.
929 2239 984 2281 Et
1006 2253 1131 2294 quare
1153 2253 1235 2282 non
1256 2239 1461 2296 permittit
1482 2238 1598 2281 eam?
1645 2237 1750 2288 Quia

74 2321 168 2352 caro
199 2310 451 2365 concupiscit
482 2309 677 2352 adversus
708 2311 901 2366 spiritum
933 2314 974 2353 et
1005 2324 1026 2353 e
1058 2324 1266 2353 converso.
1314 2310 1397 2353 Fac
1426 2323 1522 2363 ergo
1551 2314 1610 2363 tu,
1643 2311 1749 2352 sicut

73 2380 170 2423 fecit
206 2381 445 2437 imperator.
499 2380 581 2423 Fac
618 2381 719 2424 duos
759 2382 932 2424 annulos
971 2383 1169 2425 memorie
1206 2386 1246 2425 et
1276 2382 1507 2425 oblivionis.
1563 2381 1636 2423 Isti
1667 2381 1746 2423 duo

75 2451 217 2494 annuli
255 2456 351 2495 sunt
392 2452 527 2494 oracio
570 2456 611 2494 et
634 2453 850 2507 jejunium.
907 2452 1137 2508 Utrumque
1167 2453 1211 2495 in
1242 2453 1388 2496 effectu
1419 2466 1492 2495 suo
1524 2455 1638 2495 caret
1666 2456 1747 2494 ter·
1772 2459 1818 2494 30

73 2522 198 2565 mino.
248 2522 419 2578 Signum
450 2522 668 2566 infallibile
697 2524 740 2565 in
771 2524 912 2566 multis
943 2525 1064 2567 terris
1096 2527 1178 2578 est,
1211 2525 1319 2580 quod
1350 2524 1512 2577 mulier,
1544 2523 1579 2565 si
1609 2526 1749 2578 portat

74 2593 284 2648 annulum,
317 2594 566 2650 desponsata
597 2598 670 2637 est.
718 2595 773 2638 Et
803 2609 960 2650 revera,
994 2595 1156 2650 quando
1187 2594 1308 2637 homo
1340 2608 1383 2637 se
1414 2594 1485 2637 dat
1506 2594 1686 2636 oracioni
1708 2597 1749 2636 et

67 2664 238 2719 jejunio,
270 2665 432 2719 signum
463 2669 538 2720 est,
571 2665 679 2720 quod
700 2667 840 2708 anima
861 2667 947 2721 ejus
970 2670 1033 2708 est
1053 2679 1204 2722 sponsa
1225 2665 1391 2708 Christi.
1441 2665 1587 2708 Oracio
1611 2668 1747 2708 autem

74 2738 137 2778 est
167 2735 341 2778 annulus
373 2737 588 2790 memorie,
626 2737 724 2791 quia
754 2738 939 2793 precepit
970 2737 1180 2792 apostolus
1212 2737 1372 2779 dicens:
1412 2735 1510 2779 Sine
1540 2736 1747 2779 intermis-

74 2805 187 2849 sione
217 2810 343 2849 orate.
390 2807 529 2850 Utitur
560 2821 656 2862 ergo
688 2807 808 2850 homo
841 2809 1031 2851 oracione
1062 2808 1281 2862 dominica,
1312 2811 1359 2849 ut
1384 2807 1482 2850 deus
1503 2807 1747 2850 memoriam
1771 2815 1816 2850 35

75 2877 161 2932 ejus
191 2878 361 2932 habeat,
399 2879 526 2921 immo
558 2878 727 2932 angelus
758 2893 850 2922 eam
882 2879 1156 2934 presentabit,
1189 2878 1377 2934 exemplo
1411 2878 1576 2921 Thobie.
1632 2877 1746 2933 Jeju-

167 2959 211 2993 36
236 2958 379 3002 habeat]
406 2965 492 3006 oriq.
510 2958 676 2994 habebat.
