1954 3137
177 149 245 192 56.

178 291 246 333 57.

178 434 244 476 58.

177 576 245 618 59.

177 720 245 761 60.

179 863 245 904 61.

993 42 1047 84 72

296 149 505 191 Adrianus
539 150 728 203 regnavit
761 150 829 204 qui
863 149 977 192 dives
1011 152 1100 191 erat
1131 148 1249 192 valde
1282 150 1323 192 in
1355 153 1515 192 tantum
1551 149 1658 204 quod
1690 149 1767 192 sibi
1789 149 1860 193 ba-

296 221 467 263 silicam.
519 219 796 276 (Sarkophag,
831 218 968 275 kur-z.)
1014 220 1084 262 lat.
1112 221 1176 262 16.

294 290 446 333 Lucius
486 292 529 333 in
566 304 684 333 roma
714 292 906 345 regnavit
937 291 1118 347 prudens
1152 291 1269 334 valde
1302 292 1370 347 qui
1403 292 1580 335 habebat
1610 290 1738 334 filiam
1769 291 1860 348 pul-

294 362 447 404 chram.
496 360 839 418 (Fleisohpfand.)
885 376 1013 417 germ.
1039 363 1106 404 68.

294 433 398 475 Erat
444 433 610 488 quidam
658 435 884 490 imperator
932 434 972 475 in
1021 434 1135 488 cujus
1176 434 1348 490 imperio
1389 438 1508 477 erant
1546 433 1626 477 duo
1664 434 1858 477 latrones

294 503 591 559 (Biirgschaft.)
637 505 708 546 lat.
738 507 777 546 1(
782 506 830 546 )8.

295 576 438 618 Helius
480 577 522 617 in
559 576 726 618 civitate
758 589 931 618 romana
961 576 1152 630 regnavit
1184 577 1253 631 qui
1286 589 1378 618 eum
1411 576 1537 619 semel
1570 576 1620 619 de
1650 589 1734 619 una
1763 576 1861 619 civi-

295 651 393 689 tate.
442 646 595 701 (sKreuz
629 648 705 689 mit
735 645 1012 701 inschriften.)
1062 647 1132 690 lat.
1158 648 1226 689 65.

296 718 525 774 Symachus
549 719 737 773 regnavit
759 719 872 761 dives
895 719 1014 761 valde
1037 723 1236 774 quantum
1255 718 1306 760 ad
1323 718 1582 774 temporalia.
1617 716 1862 774 (Sohwarz.)

293 804 421 844 germ.
450 790 516 832 35.

296 862 471 904 Severus
505 862 695 915 regnavit
728 861 796 915 qui
829 861 1043 917 pulchram
1076 860 1202 904 filiam
1235 861 1413 904 habebat
1445 874 1565 916 quam
1599 861 1774 903 multum
1801 860 1862 903 di-

293 933 407 975 lexit.
454 932 631 982 (Waffon
666 931 934 987 aufhangen.)
981 933 1050 975 lat.
1077 934 1143 974 (36.

238 1039 246 1046 .
295 1005 499 1046 Narratur
539 1005 587 1046 de
629 1005 786 1046 duobus
818 1004 1019 1046 militibus
1053 1017 1225 1058 quorum
1259 1017 1364 1046 unus
1396 1003 1590 1046 manebat
1621 1004 1663 1045 in
1697 1007 1859 1060 egypto.

295 1076 505 1131 (Egypten
540 1076 623 1117 und
653 1074 868 1130 Baldaoh.)
914 1076 985 1117 lat.
1013 1077 1107 1117 171.

238 1182 245 1189 .
296 1147 437 1189 Gallus
469 1148 659 1201 regnavit
691 1148 872 1203 prudens
906 1161 952 1189 ao
985 1150 1130 1203 potens
1162 1146 1281 1188 valde
1304 1146 1374 1201 qui
1397 1145 1602 1201 quoddam
1625 1145 1859 1202 pallacium.

293 1217 741 1274 (Keuschheitshemd.)
787 1219 857 1261 lat.
884 1219 950 1260 69.

294 1290 497 1332 Narratur
538 1290 588 1332 de
630 1290 807 1345 quodam
839 1290 1005 1332 homine
1037 1289 1106 1344 qui
1138 1289 1361 1332 vocabatur
1393 1288 1629 1343 gautherus.
1683 1286 1861 1344 (Freude

293 1362 398 1404 ohne
431 1360 565 1415 ende.)
612 1362 681 1404 lat.
711 1363 804 1403 101.

237 1467 244 1476 .
293 1433 397 1475 Erat
436 1433 603 1488 quidam
634 1433 753 1476 miles
786 1433 952 1475 nomine
984 1432 1171 1488 placidus
1204 1433 1273 1487 qui
1305 1445 1476 1474 uxorem
1509 1431 1698 1474 habebat.
1747 1429 1859 1486 (Pla-

295 1503 443 1559 cidus.)
489 1505 560 1546 lat.
588 1506 682 1546 110.

237 1610 245 1619 .
295 1576 467 1627 Quidam
512 1589 584 1617 rex
625 1580 714 1617 orat
753 1576 794 1617 in
835 1574 972 1629 anglia
1010 1576 1053 1616 in
1087 1575 1200 1629 cujus
1233 1574 1399 1628 regione
1432 1577 1549 1616 erant
1581 1573 1660 1616 duo
1692 1573 1858 1617 milites.

294 1646 446 1703 (Guido
479 1647 562 1688 und
597 1645 778 1702 Tyrius.)
824 1646 894 1688 lat.
923 1647 1017 1688 172.

238 1753 245 1761 .
295 1719 485 1761 Valerius
518 1719 707 1772 regnavit
739 1721 885 1773 potens
919 1718 1035 1761 valde
1060 1718 1128 1773 qui
1150 1720 1312 1759 tantum
1333 1717 1498 1759 unicam
1519 1716 1647 1759 filiam
1669 1716 1858 1760 habebat.

294 1788 509 1845 (stricke.)
557 1804 651 1845 app.
680 1791 744 1831 16.

208 1887 244 1904 k„-
293 1861 395 1904 Erat
435 1861 602 1916 quidam
636 1875 708 1903 rex
735 1861 874 1915 justus
907 1860 1026 1903 valde
1059 1874 1105 1903 ao
1136 1859 1316 1916 prudens
1351 1860 1419 1915 qui
1451 1859 1630 1902 habebat
1660 1860 1702 1901 in
1733 1872 1859 1913 regno

295 1947 381 1975 suo.
430 1932 768 1988 (Todtonsiegel.)
823 1932 893 1974 lat.
922 1933 1015 1974 1⁶28.

293 2004 412 2047 Miles
445 2004 611 2059 quidam
646 2007 734 2046 orat
764 2004 831 2058 qui
857 2004 1020 2045 unicum
1045 2003 1173 2045 filium
1198 2003 1386 2045 habebat.
1427 2001 1556 2057 (Funf
1572 2002 1702 2046 fasser
1721 2000 1862 2058 wein.)

294 2075 364 2117 lat.
391 2076 458 2116 72.
1041 2071 1046 2074 ’

295 2146 545 2189 Aurelianus
584 2147 773 2200 regnavit
811 2147 853 2188 in
896 2147 1062 2188 civitate
1102 2159 1274 2188 romana
1305 2149 1451 2201 potens
1485 2145 1615 2189 valde.
1662 2145 1860 2201 (Narren-

297 2217 439 2273 apsel.)
485 2217 556 2259 lat.
583 2218 648 2258 74.

239 2323 246 2331 .
298 2289 592 2331 Constantinus
631 2289 820 2340 regnavit
858 2292 1004 2344 potens
1046 2301 1093 2331 ac.
1132 2289 1245 2331 dives
1285 2289 1403 2332 valde
1436 2290 1504 2344 qui
1538 2293 1620 2332 tres
1651 2287 1757 2331 filios
1789 2288 1860 2331 ha-

296 2361 430 2403 bebat.
479 2360 597 2415 (NDroi
629 2358 843 2413 wittwen.)
889 2360 958 2401 lat.
986 2360 1052 2401 75.

297 2432 571 2473 Valenoianus
604 2431 791 2485 regnavit
824 2431 937 2473 dives
970 2431 1088 2473 valde
1120 2432 1163 2473 in
1195 2432 1310 2486 eujus
1342 2432 1515 2488 imperio
1545 2435 1664 2474 erant
1685 2434 1861 2486 quatuor

298 2503 457 2545 medici.
507 2503 702 2546 (Aussatz
738 2502 1069 2558 vorgospiegolt.)
1115 2503 1186 2545 lat.
1214 2504 1309 2545 132.

298 2574 470 2624 Quidam
504 2588 577 2616 rex
611 2577 699 2616 erat
730 2577 874 2629 potens
908 2574 1025 2617 valde
1055 2575 1123 2630 qui
1146 2575 1298 2617 multas
1320 2575 1493 2617 virtutes
1515 2573 1704 2616 habebat.
1752 2572 1861 2629 (Zie-

299 2644 516 2699 genauge.)
561 2645 632 2687 lat.
658 2646 724 2686 To.

300 2717 551 2758 Theodosius
599 2717 641 2758 in
689 2717 854 2758 civitate
902 2730 1073 2759 romana
1111 2717 1301 2771 regnavit
1341 2717 1454 2759 dives
1494 2716 1612 2759 valde
1653 2716 1721 2771 qui
1759 2716 1860 2758 duas

300 2787 415 2828 filias.
465 2787 618 2841 <Sciron
653 2788 734 2829 und
766 2787 972 2843 hasslioh.)
1019 2789 1088 2830 lat.
1114 2789 1181 2830 77.

301 2858 483 2907 Quodam
514 2859 680 2900 domina
703 2862 790 2900 erat
811 2859 960 2901 nobilis
983 2874 1060 2914 que
1082 2859 1322 2915 paciebatur
1342 2858 1493 2901 multas
1514 2858 1700 2913 injurias.
1741 2855 1861 2912 (Stab

302 2930 384 2971 und
417 2929 589 2985 tasclie.)
635 2930 704 2971 lat.
730 2930 796 2971 ³35.
