1919 3157
825 15 905 57 581

41 121 186 173 militi,
225 128 269 162 ut
299 123 351 161 sit
378 121 516 174 fidelis
556 123 720 164 domino
759 138 854 172 suo,·
891 123 950 163 sic
981 121 1236 164 Christianus
1276 124 1440 165 domino
1471 138 1544 165 suo
1575 123 1700 165 Ikesu

43 190 226 241 Clu-isto,-
271 193 393 233 tercio
439 194 552 234 miles
596 194 708 235 debet
752 208 834 235 esse
878 193 1082 241 liberalis-3
1128 196 1187 234 sic
1226 193 1481 235 &cristianus
1524 195 1677 236 clarius
1687 212 1700 245 ;

44 270 191 319 quarto
230 262 343 304 miles
381 263 493 305 debet
532 279 613 305 esse
637 265 792 319 forti&
829 266 887 305 sic
918 262 1174 306 Christianus
1214 273 1355 305 contra
1393 267 1517 314 vitia5
1559 268 1700 321 quinto

42 334 157 375 miles
187 333 300 375 debet
330 348 411 374 esse
447 337 696 382 misericors,-
735 338 794 377 sic
825 334 1103 385 Christianus;
1141 343 1251 376 sexto
1282 336 1397 377 miles
1428 336 1540 377 debet
1564 351 1703 392 popu-

44 405 150 447 lares
180 405 402 460 m‘yilanter
433 408 657 455 custodire,·
694 409 752 448 sic
783 406 1038 448 Christianus
1068 406 1188 448 verbo
1228 407 1409 462 eoeemplo
1448 422 1568 462 opere
1599 408 1702 449 alios
1727 414 1750 449 5

43 478 288 532 inquantum
319 484 449 531 potest
481 494 504 518 a
532 481 712 533 peccatis
743 479 944 519 mtstodvire
965 486 1001 519 et
1018 480 1214 533 precipue
1230 478 1394 533 prelati.
1437 478 1536 519 Item
1556 480 1706 520 vicarii

45 555 82 589 et
109 562 216 589 unus
246 547 360 588 miles
387 550 549 604 positus
587 552 632 590 in
669 565 769 605 equo
807 557 874 590 etc.
927 549 1051 590 Miles
1088 551 1162 590 iste
1202 557 1258 590 cst
1285 549 1444 602 juder,
1485 551 1558 604 qui
1593 550 1705 592 debet

40 620 147 675 poni
173 620 219 660 in
249 633 350 674 equo
371 619 541 672 justicie
574 629 609 662 et
640 621 811 662 clamide
841 620 1119 661 misericordie
1149 628 1187 662 et
1216 622 1387 675 capucio
1410 635 1500 661 cum
1528 620 1703 675 pellibus

44 691 185 732 variis.
237 690 323 731 Per
361 693 579 746 capucium
607 692 735 745 fidem
772 707 862 732 cum
898 692 1035 732 multis
1066 690 1376 732 auctoritatibus
1406 699 1640 732 sanctorum
1669 700 1705 733 et

44 761 238 817 exemplis
269 769 440 816 patrum
476 764 519 802 in
550 763 725 815 judiciis
764 763 925 803 dandis.
988 762 1155 818 Viryam
1193 770 1396 803 eaetensam
1433 763 1584 803 scilicet
1622 770 1704 803 tam
1730 770 1774 804 10

42 833 224 888 pauperi
253 847 377 887 quam
408 834 538 874 dicit-i.
576 834 675 875 Item
700 834 928 889 populares
960 842 1052 875 ante
1072 833 1256 888 judicem
1287 841 1324 874 et
1352 833 1469 874 homo
1499 835 1545 874 in
1573 835 1705 889 specie

44 903 226 945 humana
243 903 390 958 sactus
422 912 489 945 etc.
532 905 603 946 Acl
627 920 703 960 que
724 906 805 946 tria
826 906 1034 946 reducitur
1056 906 1186 946 omnis
1207 905 1474 960 ayricultura.
1518 904 1703 960 Leqitur,

47 975 159 1030 quod
181 976 346 1031 primus
384 976 570 1031 ayricola
596 975 689 1030 fuit
723 976 856 1028 Kain,
890 977 1192 1032 primoyeni'tzes
1223 975 1341 1025 Ade;
1378 990 1534 1017 necesse
1573 983 1706 1017 autem

33 1046 128 1101 fuit
156 1046 357 1088 hominem
388 1055 539 1088 terram
569 1047 717 1099 colere,
755 1056 800 1089 ut
827 1049 936 1103 ipsa,
970 1062 1047 1102 que
1077 1055 1134 1088 est
1162 1055 1291 1088 mater
1320 1054 1464 1088 nostra
1494 1055 1529 1088 et
1560 1061 1705 1102 corpo-

45 1117 148 1159 ralis
175 1117 339 1172 forme,
388 1133 594 1159 commune
635 1119 803 1159 inicium
841 1127 877 1160 et
917 1133 994 1174 que
1030 1118 1147 1160 nobis
1185 1120 1231 1159 in
1256 1119 1343 1172 fine
1381 1120 1460 1159 vite
1499 1132 1706 1159 commune
1731 1124 1775 1159 15

39 1188 184 1245 prebet
212 1189 486 1241 domicilium,
529 1191 570 1230 in
610 1191 740 1230 medio
772 1191 851 1231 rite
879 1198 1015 1231 nostre
1045 1191 1094 1231 de
1123 1198 1262 1231 nostro
1296 1189 1434 1230 labore
1463 1188 1580 1231 nobis
1604 1204 1704 1245 pre-

46 1260 137 1302 beat
170 1262 471 1302 nutrimentum.
526 1261 725 1316 Aqricola
762 1261 891 1302 multa
929 1260 1035 1302 bona
1071 1260 1185 1302 debet
1219 1263 1265 1302 in
1303 1276 1343 1302 se
1380 1269 1532 1310 tenere;
1564 1262 1705 1316 primo

46 1332 163 1385 debet
193 1333 311 1374 deum
342 1346 579 1387 coynoscere
619 1339 655 1372 et
685 1333 881 1373 decimam
913 1333 1033 1383 dare,
1075 1334 1149 1387 qui
1178 1334 1317 1374 omnia
1355 1332 1436 1373 sibi
1472 1333 1584 1373 dedit
1593 1348 1607 1382 ,·
1644 1346 1705 1372 se-

49 1404 180 1446 cundo
212 1403 326 1446 debet
355 1403 600 1458 leyalitatem
631 1411 761 1444 tenere
798 1411 834 1444 et
864 1418 1088 1459 personam
1124 1403 1283 1445 domini
1318 1405 1385 1444 sui
1417 1411 1536 1459 yet-at
1571 1411 1607 1444 et
1639 1417 1703 1444 res

49 1476 134 1530 ejus
162 1475 257 1531 plus
289 1490 413 1530 quam
437 1476 619 1530 propria
650 1476 871 1516 custodiat:
903 1477 1025 1516 tercio
1057 1475 1198 1517 debent
1217 1475 1396 1530 ayricole
1425 1482 1592 1516 mortem
1620 1489 1703 1516 non
1729 1481 1774 1515 20

49 1549 208 1599 timere,
250 1547 321 1588 sed
358 1548 485 1587 *vitam
523 1546 715 1601 diliqeroe
754 1554 899 1601 quarto
939 1545 1080 1587 debent
1119 1546 1328 1598 laborare,
1369 1547 1459 1587 ocia
1490 1546 1700 1587 dimittere.

54 1617 158 1660 Tria
186 1625 281 1659 sunt
309 1632 437 1674 opera
466 1617 645 1672 ayricole
673 1619 872 1673 propria3
903 1619 1089 1673 primum
1119 1625 1176 1658 est
1205 1632 1327 1673 (tyros
1358 1617 1506 1666 colere3
1536 1609 1635 1658 ideo'
1657 1618 1704 1658 in

49 1705 175 1731 manu
213 1689 357 1730 dea-tra
396 1688 526 1743 defert
563 1689 737 1743 lissonem
768 1703 850 1744 pro
888 1696 998 1730 terra
1037 1685 1138 1741 [156
1150 1686 1189 1742 b]
1218 1688 1427 1743 fodienda
1435 1704 1448 1738 ,-
1485 1688 1704 1729 secundum

50 1769 107 1802 est
136 1769 320 1802 armenta
348 1762 528 1809 nutrire,-
565 1761 655 1801 ideo
687 1767 791 1801 tenet
819 1761 979 1815 virqam
1009 1761 1066 1801 acl
1095 1760 1295 1801 animalia
1326 1760 1564 1815 diriqenda,
1605 1760 1703 1814 quia

51 1831 166 1874 debet
201 1847 284 1873 esse
319 1839 465 1886 pastor
501 1845 585 1872 non
623 1839 780 1872 tantum
821 1839 907 1872 arte
943 1832 1014 1872 secl
1055 1832 1221 1883 virtute,
1262 1832 1367 1872 sicut
1403 1830 1508 1871 Abel
1539 1831 1704 1886 primus
1727 1835 1772 1869 25

49 1911 194 1959 pastor
223 1903 392 1958 offerens
423 1903 496 1943 deo
521 1904 734 1958 primitias
766 1903 814 1943 de
846 1904 1013 1958 optimo,
1047 1902 1158 1957 quod
1177 1901 1319 1943 habuit
1345 1903 1391 1943 in
1408 1916 1551 1958 9reye‚·
1581 1902 1703 1942 tercio

47 1976 226 2031 pertinet
255 1975 311 2016 ad
341 1989 432 2015 eum
460 1974 640 2028 viryulta
669 1975 882 2026 mundare,
916 1973 1082 2015 arbores
1101 1975 1293 2025 inserere,
1308 1975 1464 2017 ,vineas
1488 1973 1683 2029 plantare
1690 1987 1704 2021 ,·

51 2047 110 2087 sic
141 2045 268 2087 bonus
296 2045 481 2100 prelatus
512 2044 625 2086 debet
654 2059 736 2086 esse
765 2047 990 2097 virtuosus,
1030 2059 1156 2101 opera
1191 2046 1404 2086 meritoria
1433 2045 1505 2086 deo
1543 2044 1703 2099 afferre,

50 2118 233 2174 virgulta
261 2117 447 2158 cordium
472 2124 733 2171 peccatorum
756 2130 837 2171 per
867 2116 1015 2158 bonam
1045 2117 1275 2157 doctrinam
1296 2116 1508 2168 mundare,
1540 2114 1706 2156 arbores

51 2190 80 2230 i.
104 2203 134 2230 e.
158 2188 285 2230 bonas
322 2188 489 2228 virtutes
526 2189 704 2228 inserere
743 2195 779 2228 et
815 2189 954 2229 vineas
983 2188 1290 2243 predicacionis
1330 2188 1466 2228 divine
1500 2187 1702 2242 plantare.
1730 2192 1775 2226 30

54 2259 107 2301 In
137 2259 300 2315 cinqulo
320 2258 492 2313 falcem,
526 2260 551 2299 i.
576 2273 606 2299 e.
630 2260 867 2300 sententiam
896 2260 942 2300 in
973 2259 1106 2310 corde,
1137 2267 1289 2300 rectam
1319 2260 1556 2300 sententiam
1586 2265 1707 2312 atque

48 2331 325 2388 prudenciam
353 2330 554 2370 mundare
592 2331 704 2371 vitia.
767 2330 823 2371 Et
847 2330 977 2385 faber
1012 2337 1104 2371 ante
1141 2330 1309 2371 militem
1347 2344 1438 2370 cum
1473 2328 1617 2370 malleo
1662 2329 1708 2369 in

56 2403 215 2455 dextra,
241 2416 322 2458 per
353 2416 471 2457 quem
498 2409 694 2442 notantur
724 2415 880 2454 omnes,
920 2403 994 2457 qui
1009 2400 1232 2455 fabricant
1259 2401 1405 2442 malleo
1425 2400 1607 2454 ferrum,
1639 2413 1708 2439 ar-

53 2481 219 2529 qentum
256 2481 293 2514 et
330 2488 381 2514 es.
445 2472 496 2513 In
535 2473 622 2513 leva
661 2472 896 2525 dolabrum,
937 2487 1016 2528 quo
1053 2480 1251 2514 notantur
1290 2486 1424 2513 omnes
1463 2470 1634 2524 artifices
1664 2471 1709 2510 in

58 2545 181 2601 liqnis
213 2552 439 2600 operantes,
479 2551 525 2584 ut
552 2545 719 2584 navium
748 2551 942 2591 rectores,
984 2544 1247 2599 carpentarii.
1300 2542 1353 2583 In
1391 2542 1552 2597 cinyulo
1587 2542 1712 2596 yessit
1734 2547 1779 2582 35

58 2616 240 2667 trullam,
266 2630 346 2671 per
378 2630 502 2670 quam
530 2622 726 2656 notantur
756 2629 890 2655 omnes
922 2614 1111 2670 Zapicide.
1153 2613 1206 2655 In
1237 2613 1421 2655 omnibus
1452 2615 1540 2654 istis
1571 2612 1713 2654 debent

60 2702 142 2729 esse
173 2688 276 2736 tria3
309 2688 495 2742 primum
525 2694 582 2727 est
601 2686 782 2738 fidelitas
815 2693 851 2726 et
881 2685 1088 2740 leqalitas;
1123 2686 1297 2726 secundo
1329 2684 1440 2726 debet
1469 2698 1550 2725 esse
1579 2685 1624 2725 in
1656 2685 1712 2724 eis

60 2759 279 2814 sapientia,
310 2759 474 2810 veritas,
505 2772 554 2798 ne
584 2771 690 2798 unus
720 2756 841 2797 alteri
867 2757 1051 2797 invideat
1079 2756 1142 2797 vel
1171 2764 1313 2798 contra
1333 2770 1421 2797 eum
1441 2756 1713 2811 suspicionem

62 2828 228 2878 habeat,·
265 2830 388 2870 tercio
421 2827 533 2869 debet
561 2829 606 2868 in
637 2829 692 2868 eis
723 2841 804 2868 esse
833 2834 870 2868 et
897 2828 1073 2868 maoeime
1101 2828 1146 2868 in
1175 2827 1380 2868 naucleris
1406 2826 1616 2881 fortitudo
1646 2827 1733 2885 in-¹

65 2914 270 2942 concussa.
310 2899 412 2942 Item
441 2899 557 2941 homo
587 2900 634 2940 in
664 2899 808 2940 deoetra
837 2906 972 2940 tenens
991 2898 1216 2954 forpicem,
1245 2900 1292 2939 in
1323 2897 1411 2939 leva
1436 2897 1638 2954 yladium,
1668 2898 1715 2940 in
1736 2900 1782 2938 40
