1929 3162
962 34 1046 76 312

151 141 256 194 flere
289 148 325 181 et
355 140 510 181 dicere:
554 139 648 181 Ileu
680 142 824 192 miser,
867 142 970 195 quid
985 141 1175 195 faciam,
1209 143 1309 196 quia
1340 141 1622 184 dilectissimos
1649 151 1840 198 parentes

161 225 269 252 meos
302 211 444 252 occidi.
493 211 550 252 Et
581 226 666 253 ecce
697 212 908 267 impletum
942 220 998 253 est
1032 212 1197 253 verbum
1237 215 1363 264 cervi,
1406 215 1535 268 quod,
1577 214 1675 254 dum
1711 215 1841 256 vitare

162 282 287 333 volui,
322 283 597 323 misserrimus
630 283 865 338 adimplevi.
918 283 1017 324 ‹Jam
1047 299 1156 324 nunc
1182 283 1283 335 vale,
1318 284 1557 325 dulcissima
1576 298 1708 336 soror,
1742 287 1842 340 quia

162 354 210 394 de
243 361 368 393 cetero
400 367 483 394 non
517 355 741 408 quiescam,
785 355 911 395 donec
950 356 1097 406 sciam,
1140 355 1251 409 quod
1287 356 1384 396 deus
1415 357 1680 410 penitentiam
1710 370 1842 397 meam

115 427 136 462 5
162 425 372 478 acceperit.
428 422 504 465 Cui
532 425 627 466 illa:
668 425 807 476 Absit,
842 425 1076 466 dulcissime
1094 425 1259 479 frater,
1301 434 1345 467 ut
1382 440 1445 466 me
1483 427 1644 467 deseras
1683 435 1718 468 et
1754 429 1842 468 sine

161 509 223 535 me
253 495 396 546 abeas,
437 496 508 536 sed
539 510 615 550 que
634 496 713 550 fui
743 505 870 537 tecum
899 497 1108 551 particeps
1144 497 1312 550 qaudii,
1356 511 1421 537 ero
1458 499 1668 553 particeps
1701 506 1737 539 et
1767 499 1840 539 do-

163 565 275 606 loris.
329 565 444 607 Tunc
475 567 646 607 insimul
677 568 902 608 recedentes
924 566 1051 619 juxta
1084 568 1291 622 quoddam
1322 582 1516 623 maynum
1536 569 1733 623 fluvium,
1771 568 1845 610 ubi

161 636 281 678 multi
307 637 670 692 periclitabantur,
712 639 921 692 quoddam
951 652 1147 692 maqnum
1187 638 1389 693 hospitale
1420 647 1668 689 statuerunt,
1709 647 1754 680 ut
1783 639 1844 680 ibi

159 709 434 762 penitenciam
453 708 659 762 facerent,
695 717 731 749 et
753 723 902 760 omnes,
938 710 1012 763 qui
1031 708 1176 750 vellent
1186 710 1344 763 flumen
1367 711 1557 761 transire,
1590 712 1842 752 incessanter

93 783 136 817 10
160 779 462 820 transveherent
494 787 528 820 et
558 780 741 834 hospicio
774 781 985 821 universos
1015 794 1218 835 pauperes
1250 782 1486 835 reciperent.
1536 781 1639 822 Post
1669 781 1841 823 multum

161 858 316 905 tempus
355 851 490 891 media
528 858 664 902 nocte,
713 851 811 892 dum
848 851 1045 891 Julianus
1073 851 1216 905 fessus
1256 854 1476 906 quiesceret
1515 859 1551 892 et
1583 851 1678 907 {selu
1715 865 1842 906 ,qrave

161 929 278 972 esset,
314 921 475 962 (acclivit
505 936 640 962 vocem
673 930 709 962 et
741 921 1055 963 lamentabiliter
1087 922 1328 963 clamantem
1361 924 1417 964 ad
1446 922 1686 974 Julianum,
1727 930 1772 963 ut
1801 936 1843 963 se

160 992 440 1034 transduceret
478 1007 572 1033 voce
612 992 778 1048 luqubri
817 995 1081 1034 invocantem.
1149 992 1271 1045 Quod
1307 993 1376 1034 ille
1417 995 1611 1045 audiens,
1661 994 1842 1035 concitus

160 1065 340 1104 surrexit
371 1072 406 1104 et
427 1062 521 1116 jam
551 1078 626 1118 pre
655 1064 749 1118 qelu
780 1065 917 1119 ipsum
949 1064 1193 1117 deficientem
1223 1066 1378 1106 invenit
1410 1074 1445 1106 et
1473 1067 1518 1106 in
1540 1066 1705 1106 domum
1726 1079 1843 1106 suam

92 1136 134 1172 15
156 1135 353 1190 portavit,
389 1143 424 1176 et
454 1136 589 1189 iqnem
621 1135 844 1176 accendens
877 1144 914 1177 et
943 1137 1081 1190 ipsum
1113 1136 1335 1191 calefacere
1364 1137 1533 1187 studuit,
1567 1137 1638 1177 sed
1659 1150 1750 1177 cum
1773 1150 1841 1177 ca-

161 1204 332 1259 lefacere
362 1220 444 1246 non
475 1208 691 1261 potuisset,
735 1214 791 1257 et,
831 1222 880 1248 ne
911 1207 972 1247 ibi
1001 1207 1202 1260 deficeret,
1236 1209 1412 1259 timeret,
1452 1209 1591 1263 ipsum
1622 1209 1666 1248 in
1698 1208 1844 1250 lectum

160 1291 279 1317 suum
311 1279 502 1332 portavit
540 1285 575 1318 et
614 1277 831 1332 diliqenter
870 1280 1089 1334 cooperuit.
1144 1279 1247 1320 Post
1281 1279 1502 1334 paululum
1540 1279 1630 1330 ille,
1674 1281 1748 1334 qui
1785 1280 1844 1320 sic

161 1348 346 1401 infirmus
387 1357 424 1390 et
463 1351 585 1403 quasi
623 1349 807 1404 leprosus
850 1358 1126 1405 apparuerat,
1170 1350 1412 1405 splendidus
1451 1351 1508 1391 ad
1546 1350 1674 1391 celum
1716 1347 1838 1403 [2032]

162 1420 343 1471 scandit,
385 1429 419 1461 et
451 1420 519 1460 liec
550 1420 704 1475 liospiti
739 1435 811 1461 suo
845 1421 974 1462 diivit:
1014 1421 1206 1473 Juliane,
1248 1422 1438 1463 dominus
1469 1423 1582 1463 misit
1611 1436 1673 1462 me
1704 1422 1760 1462 ad
1790 1430 1839 1472 te,

93 1494 138 1529 20
162 1492 365 1532 mandans
399 1491 486 1542 tibi,
521 1492 632 1546 quod
662 1499 773 1532 tuam
799 1494 1078 1547 penitenciam
1110 1494 1336 1548 acceptavit
1367 1501 1403 1534 et
1435 1493 1553 1534 ambo
1579 1500 1678 1548 post
1708 1493 1840 1534 modi-

163 1577 253 1603 cum
290 1565 335 1603 in
373 1563 538 1603 domino
578 1564 857 1617 requiescetis,
899 1566 1037 1618 sicque
1075 1564 1145 1605 ille
1184 1565 1412 1619 disparuit,
1453 1572 1488 1605 et
1518 1563 1716 1605 Julianus
1753 1578 1843 1605 cum

161 1648 289 1675 uxore
326 1648 402 1674 sua
432 1642 531 1688 post
561 1635 766 1675 modicum
798 1635 948 1690 plenus
990 1636 1180 1690 operibus
1212 1635 1327 1676 bonis
1368 1644 1402 1677 et
1433 1635 1661 1676 elemosinis
1692 1636 1736 1676 in
1768 1636 1841 1676 do-

162 1707 273 1747 mino
306 1706 514 1760 requievit.

280 1776 359 1817 Mo
370 1791 392 1815 r
403 1775 454 1816 al
461 1777 479 1816 i
486 1778 602 1817 :act
610 1791 644 1817 o.
695 1775 922 1829 Carissimi,
957 1780 1031 1820 iste
1062 1778 1176 1819 miles
1198 1778 1396 1819 Julianus
1417 1785 1549 1832 potest
1569 1778 1655 1818 dici
1674 1776 1845 1832 quilibet

94 1853 138 1888 25
165 1846 422 1889 Christianus
455 1847 582 1888 bonus
615 1856 649 1889 et
678 1849 878 1903 prelatus,
915 1851 989 1904 qui
1019 1850 1132 1891 debet
1164 1849 1364 1890 debellare
1390 1848 1566 1890 viriliter
1587 1856 1728 1890 contra
1749 1849 1842 1889 dia-

164 1919 313 1970 bolum,
348 1919 546 1959 mundum
579 1929 615 1961 et
647 1935 823 1971 carnem,
859 1930 895 1962 et
926 1922 1039 1962 debet
1070 1923 1280 1962 venationi
1309 1922 1509 1971 insistere,
1543 1920 1629 1961 scil.
1653 1921 1726 1961 deo
1749 1921 1841 1960 ani-

164 2005 251 2031 mas
283 1991 497 2044 acquirere
529 1999 565 2032 ct
595 1993 713 2046 sequi
733 2007 893 2033 cervum
926 1994 953 2033 i.
979 2007 1008 2032 e.
1034 1990 1250 2034 Christum.
1309 1991 1422 2032 Unde
1442 1991 1692 2033 Psalmista:
1726 1989 1846 2033 Sicut

165 2076 303 2103 cervus
336 2062 541 2102 desiderat
572 2063 628 2102 ad
646 2063 789 2116 fontes
823 2078 1028 2118 aquarum
1060 2072 1129 2105 etc.
1180 2063 1232 2105 Si
1261 2077 1354 2104 vero
1375 2063 1557 2116 fideliter
1576 2062 1759 2118 prelatus
1781 2076 1842 2103 se-

166 2134 306 2189 quitur
328 2131 544 2183 Christum,
579 2134 726 2174 audire
754 2142 887 2189 potest
919 2143 955 2176 et
985 2136 1122 2176 videre
1150 2136 1194 2176 in
1215 2149 1336 2175 sacra
1357 2136 1565 2190 scriptura
1586 2134 1698 2189 quod
1727 2133 1843 2174 debes

95 2209 140 2244 30
163 2213 354 2261 parentes
387 2213 475 2245 tuos
509 2205 690 2246 occidere
720 2207 747 2246 i.
773 2221 803 2247 e.
837 2214 1007 2261 propter
1038 2207 1105 2247 dei
1135 2221 1314 2247 amorem
1342 2206 1435 2247 illos
1458 2206 1699 2261 simpliciter
1719 2204 1844 2246 relin-

166 2291 301 2331 quere,
325 2275 452 2329 juxta
483 2276 609 2316 illud:
647 2275 732 2328 Qui
761 2278 963 2318 dimiserit
989 2286 1150 2333 patrem
1182 2286 1217 2318 et
1246 2285 1417 2318 matrem
1440 2284 1615 2332 propter
1641 2290 1716 2328 me,
1751 2290 1842 2317 cen-

165 2348 325 2403 tuplum
363 2348 536 2402 accipiet
575 2355 610 2388 et
647 2349 774 2389 vitam
813 2357 991 2390 eternam
1027 2344 1265 2404 possidebit.
1314 2349 1436 2389 Miles
1473 2350 1547 2389 iste
1586 2349 1770 2403 perreoeit
1799 2349 1845 2388 in

165 2420 371 2474 reqionem
404 2419 672 2473 lonqinquam
706 2427 775 2460 etc.
825 2419 897 2462 Sic
926 2420 1110 2475 prelatus
1142 2421 1186 2460 in
1217 2420 1424 2473 reqionem
1455 2419 1737 2474 lonqinquam,
1770 2419 1844 2460 lioc

168 2499 224 2531 est
263 2490 380 2545 lonqe
417 2491 595 2531 trcmsire
634 2490 746 2531 debet
785 2507 810 2531 a
848 2492 1001 2532 mundo
1042 2499 1075 2532 et
1115 2491 1164 2531 ab
1204 2490 1308 2542 illis,
1350 2492 1425 2545 qui
1459 2492 1503 2531 in
1542 2491 1695 2531 mundo
1735 2498 1841 2541 sunt,

97 2564 142 2598 35
167 2570 303 2602 sancte
340 2569 376 2602 et
403 2576 508 2616 pure
544 2562 737 2613 vivendo,
779 2571 814 2604 et
853 2564 1004 2603 servire
1040 2563 1229 2617 principi
1264 2562 1350 2602 scil.
1382 2560 1562 2613 Christo,
1603 2570 1640 2603 et
1678 2576 1768 2602 cum
1799 2576 1843 2602 eo
1901 2565 1907 2569 ’

169 2634 331 2674 diversa
356 2632 460 2673 bella
483 2634 728 2674 committere
751 2642 891 2675 contra
913 2633 1137 2685 diabolum,
1161 2635 1359 2674 mundum
1381 2641 1417 2674 et
1438 2647 1612 2674 carnem.
1661 2631 1844 2674 Christus

171 2719 260 2745 cum
287 2705 522 2759 perceperit
551 2705 610 2744 sic
640 2703 808 2744 militem
830 2719 948 2745 suum
970 2705 1237 2760 triumphare,
1272 2705 1387 2745 dabit
1417 2704 1493 2745 tibi
1511 2719 1680 2745 uxorem
1702 2703 1844 2745 castel-

172 2775 310 2816 lanam
342 2775 428 2815 scil.
450 2775 634 2829 ‘qratiam
664 2789 794 2826 suam,
830 2790 906 2830 que
938 2777 1139 2817 custodiat
1165 2784 1342 2817 castrum
1364 2776 1498 2816 cordis
1519 2777 1594 2826 tui,
1627 2783 1673 2817 ut
1688 2776 1844 2830 poteris

170 2847 242 2887 deo
272 2861 348 2901 per
381 2847 520 2887 omnia
548 2845 724 2901 placere.
773 2845 858 2888 Sed
877 2850 1013 2902 sepius
1036 2849 1266 2902 continqere
1296 2848 1491 2898 videmus,
1526 2847 1637 2902 quod
1655 2855 1845 2902 parentes

170 2918 355 2960 carnales
389 2927 425 2959 et
457 2918 606 2958 mundi
636 2918 834 2959 vanitates
867 2918 987 2959 talem
1027 2926 1250 2974 sequuntur
1287 2920 1425 2973 ipsum
1456 2919 1512 2959 ad
1540 2917 1696 2959 malum
1724 2919 1843 2959 insti-
