1949 3162
999 7 1084 49 584

206 118 457 158 castissimus
488 117 615 156 nimio
648 117 742 156 vino
775 116 932 170 sopitus
963 116 1008 155 in
1039 122 1212 155 montem
1240 114 1436 169 fuyiens,
1465 115 1582 167 filias
1614 113 1776 156 carnali
1804 128 1871 156 co-

205 188 307 244 pula
338 195 382 228 ut
411 201 559 228 uxores
599 188 796 242 coynovit.
850 185 1044 241 Leqimus
1085 200 1193 227 mero
1234 186 1404 227 calentes
1444 188 1502 226 sic
1538 187 1605 227 ira
1647 200 1870 238 succensos,

208 274 297 300 cum
328 259 519 299 amicicia
540 257 680 311 juncti
710 265 836 298 essent
864 258 1083 308 intantum,
1116 265 1162 298 ut
1181 256 1310 298 sobrii
1328 272 1433 298 unus
1449 271 1530 313 pro
1553 257 1660 298 alius
1688 256 1872 312 periculo

207 346 248 371 se
279 337 509 385 exponeret,
542 343 582 370 se
611 330 784 370 invicem
812 328 967 384 ¹qladiis
993 329 1225 383 peremisse.
1265 328 1447 370 Herodes
1479 328 1660 384 Antipas
1690 335 1874 369 sanctum

160 405 182 439 5
207 400 438 442 Johannem
469 415 553 441 non
584 400 834 451 decollasset,
869 400 906 439 si
936 399 1104 454 crapule
1136 407 1171 441 et
1193 398 1395 441 ebrietatis
1417 401 1646 441 convicium
1667 398 1870 454 defuisset.

207 471 434 513 Baltlzasar
470 471 693 512 Babilonie
733 485 805 512 rea:
842 471 927 510 vita
966 478 1002 511 et
1039 485 1164 526 reqno
1203 485 1287 511 non
1311 470 1468 525 fuisset
1500 471 1714 526 privatus,
1753 471 1871 511 siea

206 551 333 595 nocte,
366 545 411 584 in
445 557 527 598 qua
559 541 677 584 Cirus
710 550 747 583 et
775 541 937 582 Darius
968 556 1081 597 reyes
1121 556 1211 582 eum
1248 556 1338 582 cum
1367 542 1522 597 populo
1554 541 1727 596 crapula
1764 542 1871 596 sopi-

208 622 291 656 tum
325 615 578 666 oeciderunt,
617 613 778 655 sobrius
798 612 964 667 fuisset.
1018 613 1200 668 Propter
1230 613 1304 654 lzoc
1335 613 1545 669 apostolus
1581 627 1656 653 nos
1687 612 1875 653 admonet

208 686 256 727 de
287 686 522 739 sobrietate,
564 700 655 727 cum
685 685 813 726 dicit:
862 683 1006 726 Sobrii
1043 692 1162 725 estote
1200 692 1236 725 et
1274 684 1463 739 vigilate!
1514 683 1717 738 Roqemus
1746 684 1874 738 iyitur

139 763 181 797 10
208 758 441 810 dominum,
474 765 519 799 ut
549 757 806 799 sobrietatem
835 757 896 796 ita
928 770 1130 796 servemus
1160 757 1206 796 in
1236 757 1378 807 terris,
1412 763 1455 797 ut
1486 755 1542 796 ad
1572 754 1708 796 celeste
1737 755 1873 796 convi-

205 830 318 870 vium
348 831 566 871 invitemur
595 831 642 870 in
673 828 781 880 celis,
817 827 927 882 quod
957 826 1074 868 nobis
1107 828 1299 868 concedat
1330 834 1396 867 etc.

927 1055 1030 1099 CAP.
1058 1057 1151 1098 180.

884 1143 958 1189 De
980 1143 1208 1203 fidelitate.

326 1253 470 1308 Refert
499 1254 661 1295 Paulus
691 1253 994 1309 Lonqobardus
1025 1254 1382 1309 historioqraplzus
1415 1253 1618 1309 quendam
1642 1252 1878 1309 Onulpltum

140 1326 183 1360 15
207 1326 371 1366 nomine
394 1327 640 1381 papiensem
670 1325 840 1366 militem
871 1326 1035 1366 domino
1070 1322 1188 1378 [158]
1224 1340 1296 1366 suo
1328 1326 1417 1380 reqi
1442 1325 1654 1366 Portatico
1685 1332 1799 1366 tanta
1819 1325 1876 1379 fi-

209 1396 386 1437 delitatis
408 1398 528 1452 siqna
558 1405 819 1449 monstrasse,
852 1404 897 1438 ut
927 1411 968 1438 se
994 1398 1118 1437 morti
1135 1411 1213 1452 pro
1235 1396 1365 1437 salute
1385 1397 1544 1437 domini
1562 1398 1630 1437 sui
1649 1404 1874 1452 exponeret.

207 1466 322 1508 Nam
353 1483 443 1508 cum
478 1466 746 1510 Grimoaldus
778 1469 863 1509 dua·
895 1468 1191 1509 beneventanus
1215 1483 1296 1523 per
1330 1466 1608 1510 Genebaldum
1639 1468 1780 1509 ducem
1808 1483 1877 1508 ra-

207 1554 446 1580 vennensem
490 1541 678 1596 primum
726 1541 981 1596 proditorem
1035 1554 1181 1580 corone
1231 1541 1340 1595 reqie
1387 1539 1597 1594 interfecto
1647 1537 1877 1582 Godoberto

208 1609 583 1666 Lonyobardormn
622 1626 716 1667 reqe
753 1612 809 1653 ad
838 1613 946 1667 reqis
985 1610 1251 1652 tabernacula
1279 1625 1355 1666 per
1384 1611 1619 1653 violentiam
1654 1618 1775 1666 atque
1798 1625 1879 1667 per

139 1683 184 1717 20
196 1682 537 1736 fraudulentiam
568 1684 828 1736 ascendisset,
850 1683 1007 1739 faqato
1041 1684 1143 1724 dicti
1166 1680 1390 1725 Godoberti
1407 1684 1516 1738 reqis
1534 1697 1729 1738 qermano
1750 1697 1878 1738 usque

208 1754 265 1794 ad
311 1753 498 1809 Unqaros
539 1754 756 1810 Onulplzus
796 1755 910 1795 miles
947 1755 1157 1810 predictus
1193 1755 1452 1795 Portaticum
1488 1755 1754 1796 reconciliare
1790 1755 1901 1809 reqi‘

212 1822 455 1868 Grimoaldo
495 1828 675 1878 curavit,
716 1834 762 1867 ut
798 1827 847 1867 de
887 1825 1092 1882 Unqaria,
1132 1826 1206 1867 ubi
1241 1841 1314 1867 nec
1345 1825 1392 1867 ob
1425 1827 1611 1867 timorem
1644 1824 1880 1869 Grimoaldi

208 1899 346 1938 venire
370 1905 551 1952 poterat,
585 1898 727 1938 saltem
758 1899 814 1939 ad
843 1900 951 1953 reqis
976 1899 1103 1954 pedes
1135 1899 1295 1939 veniam
1318 1905 1496 1953 peteret,
1528 1899 1666 1953 sieque
1695 1912 1879 1939 securam

209 1970 337 2009 vitam
358 1970 445 2009 sine
467 1970 665 2024 diqnitate
685 1969 831 2024 reqali,
866 1984 942 2024 que
974 1969 1055 2011 sibi
1084 1969 1315 2021 debebatur,
1342 1977 1484 2025 posset
1509 1971 1691 2011 decenter
1711 1970 1856 2011 ducere
1864 1985 1877 2019 ,·

141 2043 185 2078 25
209 2040 542 2081 reconciliatione
568 2042 698 2096 iqitur
719 2041 920 2096 completa
945 2038 1212 2083 Grimoaldus
1233 2055 1305 2081 rex
1320 2049 1419 2096 post
1439 2041 1600 2096 aliquot
1619 2042 1704 2082 dies
1726 2041 1878 2096 linquis

210 2111 421 2152 maledicis
460 2113 633 2152 nimium
664 2112 851 2152 credulus
881 2113 1019 2167 ipsum
1050 2113 1328 2164 Portaticum,
1371 2127 1488 2168 quem
1525 2112 1606 2154 sibi
1636 2112 1877 2154 reconcilia-

210 2190 338 2235 verat,
367 2184 413 2223 in
435 2185 660 2224 crastinum
682 2184 862 2224 occidere
885 2184 1089 2239 disposuit
1109 2185 1224 2238 eique
1246 2185 1356 2237 vina,
1381 2198 1457 2239 que
1476 2183 1681 2225 inebriare
1697 2192 1876 2240 possent,

211 2268 261 2294 ne
298 2268 368 2294 sue
405 2255 532 2296 saluti
568 2255 807 2310 aliqualiter
836 2256 1094 2310 procideret,
1134 2256 1369 2296 ministrari
1405 2256 1628 2297 mandavit.
1691 2254 1777 2308 Que
1814 2271 1878 2298 res

217 2324 454 2381 Onulplzum
484 2326 653 2368 militem
679 2327 888 2367 Portatici
915 2327 1082 2367 minime
1114 2327 1246 2379 latuit,
1278 2328 1449 2382 ideoque
1479 2335 1642 2383 accepto
1674 2329 1877 2383 armiqero

143 2402 188 2436 30
213 2410 285 2437 suo
322 2396 537 2452 Onulplzus
576 2398 741 2438 domum
777 2399 950 2439 intravit
979 2398 1187 2439 Portatici
1225 2414 1274 2439 ac
1309 2398 1460 2439 ibidem
1500 2400 1704 2454 armiqero
1739 2399 1877 2440 relicto

212 2469 258 2509 in
280 2467 462 2509 cubiculo
493 2470 630 2524 ipsum
651 2469 910 2510 Portaticum
941 2478 1128 2525 cooperto
1161 2470 1403 2511 lectisternio
1435 2479 1631 2525 tanquam
1655 2472 1880 2526 proprium

214 2541 465 2595 armiqerum
504 2541 644 2580 edua'it
681 2541 729 2581 de
770 2541 888 2582 domo
929 2556 1017 2581 cum
1057 2543 1201 2594 minis,
1231 2541 1389 2597 jurqiis
1427 2550 1463 2583 et
1499 2541 1752 2594 verberibus,
1790 2554 1891 2583 eum*

215 2611 413 2651 deducens
460 2612 515 2651 ad
560 2612 724 2652 domum
763 2613 987 2668 propriam
1031 2614 1160 2667 reyz'S,
1210 2613 1388 2654 excubiis
1434 2628 1503 2653 seu
1549 2613 1743 2654 custodiis
1787 2621 1880 2654 ante

203 2681 324 2735 fores
371 2683 514 2722 domus
551 2682 759 2724 Portatici
802 2684 1009 2724 collocatis
1056 2692 1092 2724 et
1132 2684 1396 2739 opinantibus
1441 2685 1594 2725 dictum
1629 2685 1879 2740 armiqerum

145 2756 189 2791 35
219 2752 405 2808 Onulplzi
435 2754 635 2806 eductum,
667 2769 751 2795 non
781 2755 1002 2796 dominum.
1052 2755 1210 2796 Eadem
1241 2764 1374 2796 autem
1403 2763 1516 2797 nocte
1546 2756 1878 2811 ci1r'ca9allican-

216 2831 299 2864 tum
342 2823 557 2880 Onulplzus
603 2826 813 2866 dominum
857 2841 976 2866 suum
1015 2826 1273 2868 Portaticum
1319 2827 1367 2868 de
1404 2842 1520 2868 onuro
1568 2828 1765 2880 civitatis,
1812 2829 1881 2868 cui

215 2895 358 2939 domus
389 2911 466 2937 sua
496 2896 734 2949 adherebat,
764 2896 875 2951 fune
905 2897 1104 2939 submisso
1136 2899 1286 2950 emisit,
1328 2899 1401 2953 qui
1429 2900 1605 2955 acceptis
1635 2899 1750 2954 equis
1775 2913 1878 2955 pas-
