1949 3162
1006 75 1092 117 550

206 187 251 226 in
270 184 436 237 forma,
471 191 514 224 at
544 185 582 224 si
614 191 671 224 est
700 185 840 237 niqer,
874 197 1033 237 semper
1062 185 1108 223 in
1138 184 1260 237 niqro
1294 191 1330 224 et
1360 191 1540 234 econtra,
1574 191 1610 224 et
1640 183 1714 224 hoc
1738 197 1888 238 proce-

207 256 339 296 dendo
372 269 531 310 semper
560 256 605 295 in
638 255 803 310 anyulo.
859 252 1097 306 Carissimi,
1138 254 1304 309 alpleini
1338 256 1411 295 isti
1439 269 1601 294 sursum
1634 262 1670 295 et
1700 255 1891 296 deorsum

207 326 463 367 ambulantes
495 328 663 381 siqnant
691 327 840 367 mundi
869 327 1088 381 sapientes,
1124 327 1198 380 qui
1226 325 1375 366 habent
1404 327 1501 377 tria,
1535 326 1689 366 scilicet
1708 326 1889 366 intellec-

207 406 315 449 tum,
355 399 560 438 rationem
600 405 636 438 et
669 397 979 451 fortitudinem.
1047 396 1133 437 Ista
1173 397 1363 437 deberent
1409 398 1588 452 diriqere
1634 411 1799 437 sursum
1835 397 1893 438 acl

160 476 181 510 5
208 470 328 510 deum
354 484 434 524 per
467 483 595 524 opera
625 469 931 520 misericordie,
973 468 1045 508 sed
1075 470 1246 509 tendunt
1279 469 1471 509 deorsum
1503 482 1584 523 per
1615 468 1892 523 eloquentiam

208 549 245 581 et
283 541 508 580 humanam
534 540 897 594 fraudulentiam,
940 547 977 579 et
1007 547 1181 579 currunt
1219 540 1446 580 lateraliter
1484 539 1541 579 ad
1579 539 1780 594 anqulum
1812 553 1892 594 per

207 613 292 652 tria
324 619 509 666 puncta,
555 626 632 666 que
670 612 906 666 siqui-'ficunt
940 611 1109 665 qulosos
1146 612 1192 651 in
1231 611 1417 665 crapulis
1450 611 1633 665 quotidie
1669 617 1890 662 currentes,

207 691 397 737 raptores
429 683 570 723 aliena
602 682 709 723 bona
741 684 827 722 sine
860 697 1058 722 consensu
1090 683 1362 737 depredantes
1394 689 1431 722 ct
1464 681 1710 736 azffierentes,
1743 696 1792 722 ac
1822 696 1891 722 su-

201 753 355 809 perbos
385 755 432 794 in
457 755 680 809 prosapia,
709 754 1024 808 pulchritudinc
1060 761 1097 794 et
1132 754 1376 793 diritiarmn
1407 753 1623 807 affluentia
1652 753 1890 808 qloriantes.

140 833 183 867 10
211 825 288 866 Hii
324 840 459 865 omnes
500 825 727 866 lateraliter
764 832 801 865 et
838 840 864 865 a
899 832 1011 865 recta
1048 825 1119 864 via
1159 832 1331 864 currunt
1369 832 1406 865 et
1444 825 1609 865 tandem
1641 838 1722 879 per
1757 838 1894 879 re9em

207 898 234 937 i.
259 911 289 937 e.
316 896 529 937 diabolum
559 897 787 951 rapiuntur
818 903 855 936 et
884 897 929 936 in
949 895 1162 949 infernum
1184 895 1299 949 justo
1324 895 1392 936 dei
1410 895 1576 948 judicio
1603 896 1890 937 detruduntur.

214 967 407 1009 Tercium
438 975 496 1008 est
526 982 655 1022 {senus
686 967 879 1018 militum,
915 981 1091 1021 quorum
1123 968 1263 1007 dewter
1295 975 1351 1007 est
1372 966 1490 1007 albus
1512 974 1549 1007 et
1568 968 1734 1008 sinister
1760 968 1891 1022 niyer.

209 1039 343 1080 Albus
375 1039 495 1079 habet
525 1046 606 1080 tres
639 1053 890 1093 proqressus
928 1040 973 1078 in
1018 1038 1103 1079 loco
1139 1040 1320 1093 proprio
1353 1040 1547 1090 situatos,
1588 1053 1718 1079 unum
1753 1053 1894 1079 versus

210 1111 399 1152 dextram
429 1112 475 1151 in
508 1111 594 1150 loco
627 1111 749 1163 nissro
782 1117 875 1149 ante
907 1109 1157 1164 aqricolam,
1200 1111 1425 1150 secundum
1453 1111 1500 1150 in
1531 1111 1673 1165 spacio
1704 1111 1826 1165 niyro
1860 1117 1897 1151 et

142 1188 184 1222 15
209 1197 338 1223 vacuo
380 1190 473 1223 ante
513 1181 738 1233 lanificem3
785 1182 957 1221 tercium
994 1196 1136 1221 versus
1179 1183 1393 1221 sinistram
1430 1183 1476 1221 in
1516 1181 1602 1222 loco
1638 1183 1892 1223 mercatoris.

211 1252 313 1295 Cum
342 1269 437 1295 vero
472 1255 528 1294 ad
558 1268 693 1308 reqem
725 1253 1009 1304 constituitur,
1051 1267 1120 1292 seii¹
1153 1253 1319 1307 quadra
1358 1251 1573 1293 ambulare
1605 1260 1765 1308 potest;
1804 1268 1897 1294 cum

210 1340 305 1367 vero
339 1326 395 1366 acl
425 1326 619 1376 medium,
654 1332 753 1365 octo.
797 1323 912 1364 Idem
944 1331 1001 1364 est
1022 1324 1070 1364 de
1092 1325 1285 1372 sinistro;
1318 1339 1409 1364 cum
1431 1325 1539 1364 enim
1559 1325 1678 1379 niyer
1698 1324 1896 1365 adversus

210 1412 347 1452 reqem
377 1404 415 1438 et
451 1396 569 1437 albus
607 1411 749 1436 versus
788 1396 959 1436 eundem
993 1394 1308 1450 perambulant,
1350 1410 1457 1435 unus
1496 1403 1588 1436 ante
1626 1397 1815 1451 reqinam
1852 1403 1898 1436 ut

213 1470 392 1520 sinister,
428 1468 536 1508 alius
569 1469 625 1508 ad
654 1482 790 1522 reyem
820 1475 866 1507 ut
896 1468 1037 1507 dexter
1068 1481 1108 1507 se
1141 1467 1257 1507 locat.
1308 1464 1537 1518 Carissimi,
1572 1468 1631 1508 sic
1660 1467 1810 1508 milites
1841 1467 1898 1507 ad

143 1546 187 1579 20
214 1539 321 1580 bella
361 1540 644 1580 descendentes
684 1547 720 1580 et
758 1554 951 1594 campum
989 1540 1243 1593 requirentes
1288 1539 1447 1579 strenui
1492 1546 1528 1579 et
1560 1538 1699 1593 fortes
1746 1537 1898 1580 bellare

215 1611 360 1652 debent
390 1619 427 1652 et
456 1626 592 1666 reqem
623 1612 679 1651 ad
708 1612 876 1652 modum
907 1625 1053 1651 corone
1086 1611 1247 1665 cinyere
1279 1625 1327 1650 ac
1348 1609 1566 1664 defendere
1576 1626 1590 1660 ,-
1623 1624 1758 1651 omnes
1790 1611 1899 1651 enim

213 1698 288 1723 nos
319 1683 468 1723 milites
499 1698 638 1723 sumus
672 1690 708 1723 et
731 1697 927 1738 puynare
959 1690 1103 1723 contra
1133 1681 1345 1722 diabolum
1364 1683 1412 1722 in
1433 1696 1577 1737 campo
1600 1681 1721 1735 liujus
1752 1682 1901 1722 mundi

214 1769 289 1794 nos
328 1761 507 1809 oportet,
557 1762 593 1795 et
637 1769 774 1809 reqem
817 1762 1005 1794 nostrum
1041 1754 1069 1794 i.
1101 1768 1131 1793 e.
1171 1754 1355 1793 animam
1396 1752 1634 1807 defendere,
1683 1754 1785 1808 quia
1823 1753 1898 1794 ad-

214 1827 425 1866 versarius
471 1833 609 1866 noster
642 1825 777 1879 fortis
823 1833 881 1866 est
925 1825 1162 1880 temptando
1202 1825 1348 1879 aliqua
1386 1824 1500 1865 mala
1540 1832 1577 1865 et
1612 1824 1764 1865 illicita
1800 1839 1898 1880 suy-

146 1902 190 1937 25
213 1898 414 1953 yerendo,
453 1898 525 1937 sed
555 1896 701 1938 debilis
742 1905 820 1949 est,
863 1898 901 1937 si
929 1897 1116 1937 volumus
1157 1910 1378 1951 superare3
1419 1897 1505 1947 cui,
1545 1903 1591 1936 ut
1619 1895 1783 1936 Paulus
1823 1897 1897 1948 ait,

204 1969 344 2023 fortes
384 1970 430 2009 in
459 1968 547 2021 fide
584 1970 771 2009 resistere
809 1968 1020 2019 debemus,
1068 1982 1141 2008 nec
1180 1969 1320 2008 timere
1330 1983 1342 2016 ‚-
1391 1975 1687 2008 consueverunt
1720 1981 1900 2022 namque

205 2040 345 2094 fortes
377 2040 526 2080 milites
559 2048 595 2080 et
627 2040 786 2094 asperti
814 2041 860 2079 in
885 2040 1119 2094 principio,
1154 2054 1246 2079 cum
1276 2054 1396 2079 arma
1427 2039 1674 2093 suscipiunt,
1715 2046 1897 2091 tremere,

217 2111 351 2152 colore
382 2111 628 2166 pallescere,
672 2112 916 2166 sanquinem
947 2111 996 2152 de
1026 2110 1200 2151 naribus
1233 2111 1424 2161 emittere,
1459 2109 1575 2162 cujus
1606 2111 1771 2165 siynum
1794 2125 1899 2165 pro-

218 2183 339 2224 bitati
362 2184 506 2238 potius
539 2190 767 2234 attestatur,
802 2197 927 2237 quam
957 2184 1057 2223 vitio
1068 2199 1081 2231 ,·
1121 2181 1314 2223 credibile
1344 2196 1523 2236 namque
1554 2189 1631 2232 est,
1676 2195 1786 2233 eum,
1827 2182 1902 2236 qui

147 2261 193 2295 30
216 2256 263 2296 in
287 2255 505 2310 principio
539 2253 636 2294 belli
667 2255 811 2294 timore
843 2255 1088 2305 concutitur,
1122 2269 1214 2294 cum
1244 2254 1301 2294 ad
1322 2253 1470 2293 bellum
1492 2253 1676 2304 redierit,
1710 2260 1900 2294 constan-

218 2328 299 2367 tius
331 2340 452 2380 ayere
481 2340 554 2366 nec
586 2333 702 2380 tergsa
731 2333 898 2377 vertere,
934 2340 1025 2366 cum
1055 2326 1113 2366 ad
1132 2325 1207 2366 lioc
1231 2326 1481 2380 pervenerit,
1513 2323 1587 2364 ubi
1613 2325 1736 2365 timor
1755 2325 1900 2366 mortis

219 2404 312 2439 ante
337 2398 531 2452 previsus
548 2397 855 2451 presentialiter
875 2398 1037 2437 videtur
1056 2398 1292 2445 i‘mminere3
1324 2398 1448 2437 timor
1476 2397 1584 2437 enim
1603 2395 1721 2436 nobis
1745 2392 1848 2448 [140
1857 2393 1896 2449 b]

221 2468 408 2510 omnibus
445 2469 631 2508 imminet
670 2469 719 2508 de
757 2476 887 2508 ‘morte
912 2468 1090 2522 futura,
1133 2470 1294 2509 utinam
1332 2467 1553 2523 temporali
1585 2467 1753 2508 saltem!
1801 2466 1900 2508 Ideo

220 2549 382 2582 strenue
413 2547 449 2580 et
479 2541 566 2580 sine
599 2541 711 2580 omni
741 2541 885 2580 timore
917 2541 1045 2579 armis
1066 2539 1172 2591 fidei
1202 2541 1400 2594 susceptis
1422 2546 1459 2580 et
1479 2539 1622 2593 clipeis
1644 2537 1743 2579 boni
1763 2538 1900 2593 operis

150 2618 194 2652 35
214 2612 435 2668 protelatis
462 2625 656 2666 puqnare
688 2619 860 2665 oportet,
895 2618 939 2651 ut
968 2611 1189 2651 secundam
1218 2619 1388 2651 mortem
1417 2612 1444 2650 i.
1469 2625 1499 2651 e.
1528 2617 1707 2650 eternam
1725 2609 1902 2664 fortiter

222 2684 505 2732 devincamus,
546 2683 595 2722 cle
635 2696 718 2736 qua
761 2682 934 2722 Boetius
973 2683 1053 2722 ait:
1091 2681 1247 2722 Jacetis
1279 2695 1458 2736 prorsus
1497 2680 1772 2736 iynorabileae
1806 2680 1902 2733 jam

220 2769 292 2795 vos
325 2754 504 2795 secunda
534 2767 645 2793 mors
675 2761 822 2793 manet.
873 2753 1028 2794 Milites
1058 2754 1131 2793 isti
1162 2767 1252 2793 cum
1276 2760 1377 2807 post
1399 2766 1590 2807 pic-qnam
1611 2753 1668 2793 ad
1686 2751 1795 2804 fines
1817 2752 1901 2792 eati-

224 2825 343 2877 liunt,
378 2833 577 2879 tanquam
608 2824 771 2864 cordati
800 2831 836 2864 et
865 2825 1014 2864 virtute
1043 2831 1257 2879 assumpta
1278 2824 1334 2864 ad
1356 2831 1441 2864 octo
1465 2823 1630 2878 quadra
1654 2823 1899 2878 prosiliunt,

224 2903 259 2936 et
287 2897 473 2936 inventos
505 2895 635 2936 hostes
665 2902 945 2948 prosternunt.
1002 2893 1075 2937 Sic
1114 2903 1173 2936 est
1203 2895 1252 2935 de
1290 2895 1403 2935 omni
1437 2894 1620 2945 lzomine,
1661 2895 1736 2949 qui
1772 2893 1822 2934 de
1860 2906 1901 2934 se

316 2975 360 3013 25
386 2974 569 3022 superare]
596 2979 679 3018 oriy.
698 2974 913 3018 superando.
