<?xml version="1.0" encoding="UTF-8"?>
<!DOCTYPE html PUBLIC "-//W3C//DTD XHTML 1.0 Transitional//EN"
    "http://www.w3.org/TR/xhtml1/DTD/xhtml1-transitional.dtd">
<html xmlns="http://www.w3.org/1999/xhtml" xml:lang="en" lang="en">
 <head>
  <title>
</title>
<meta http-equiv="Content-Type" content="text/html;charset=utf-8" />
  <meta name='ocr-system' content='tesseract 3.04.00' />
  <meta name='ocr-capabilities' content='ocr_page ocr_carea ocr_par ocr_line ocrx_word'/>
</head>
<body>
  <div class='ocr_page' id='page_1' title='image "./gestaromanorum00oestuoft_0539.png"; bbox 0 0 1919 3157; ppageno 0'>
   <div class='ocr_carea' id='block_1_1' title="bbox 873 122 954 163">
    <p class='ocr_par' dir='ltr' id='par_1_1' title="bbox 873 122 954 163">
     <span class='ocr_line' id='line_1_1' title="bbox 873 122 954 163; baseline 0.037 -2"><span class='ocrx_word' id='word_1_1' title='bbox 873 122 954 163; x_wconf 79' lang='lat'><em>517</em></span> 
     </span>
    </p>
   </div>
   <div class='ocr_carea' id='block_1_2' title="bbox 28 212 1810 3047">
    <p class='ocr_par' dir='ltr' id='par_1_2' title="bbox 31 212 1810 2220">
     <span class='ocr_line' id='line_1_2' title="bbox 73 212 1752 292; baseline 0.019 -38"><span class='ocrx_word' id='word_1_2' title='bbox 73 212 305 270; x_wconf 70' lang='lat' dir='ltr'><em>hospicium</em></span> <span class='ocrx_word' id='word_1_3' title='bbox 327 232 557 272; x_wconf 80' lang='lat' dir='ltr'><em>queramus.</em></span> <span class='ocrx_word' id='word_1_4' title='bbox 593 223 742 265; x_wconf 80' lang='lat' dir='ltr'><em>Puella</em></span> <span class='ocrx_word' id='word_1_5' title='bbox 775 229 931 278; x_wconf 74' lang='lat' dir='ltr'><em>timens,</em></span> <span class='ocrx_word' id='word_1_6' title='bbox 966 245 1015 271; x_wconf 78' lang='lat' dir='ltr'><em>ne</em></span> <span class='ocrx_word' id='word_1_7' title='bbox 1045 241 1270 275; x_wconf 76' lang='lat' dir='ltr'><em>amatorem</em></span> <span class='ocrx_word' id='word_1_8' title='bbox 1299 240 1500 292; x_wconf 76' lang='lat' dir='ltr'><em>perderet,</em></span> <span class='ocrx_word' id='word_1_9' title='bbox 1535 245 1664 284; x_wconf 63' lang='lat' dir='ltr'><em>mistis</em></span> <span class='ocrx_word' id='word_1_10' title='bbox 1695 253 1752 286; x_wconf 83' lang='lat' dir='ltr'><em>cst</em></span> 
     </span>
     <span class='ocr_line' id='line_1_3' title="bbox 60 283 1751 369; baseline 0.02 -46"><span class='ocrx_word' id='word_1_11' title='bbox 60 283 212 338; x_wconf 78' lang='lat' dir='ltr'><em>facta3</em></span> <span class='ocrx_word' id='word_1_12' title='bbox 251 290 475 344; x_wconf 73' lang='lat' dir='ltr'><em>respiciens</em></span> <span class='ocrx_word' id='word_1_13' title='bbox 507 295 563 333; x_wconf 76' lang='lat' dir='ltr'><em>acl</em></span> <span class='ocrx_word' id='word_1_14' title='bbox 591 304 752 348; x_wconf 75' lang='lat' dir='ltr'><em>patrem</em></span> <span class='ocrx_word' id='word_1_15' title='bbox 785 301 865 339; x_wconf 80' lang='lat' dir='ltr'><em>ait:</em></span> <span class='ocrx_word' id='word_1_16' title='bbox 907 301 1024 342; x_wconf 80' lang='lat' dir='ltr'><em>Bone</em></span> <span class='ocrx_word' id='word_1_17' title='bbox 1054 318 1126 344; x_wconf 71' lang='lat' dir='ltr'><em>rea·</em></span> <span class='ocrx_word' id='word_1_18' title='bbox 1157 313 1193 346; x_wconf 81' lang='lat' dir='ltr'><em>et</em></span> <span class='ocrx_word' id='word_1_19' title='bbox 1220 316 1343 361; x_wconf 81' lang='lat' dir='ltr'><em>pater</em></span> <span class='ocrx_word' id='word_1_20' title='bbox 1374 313 1544 365; x_wconf 84' lang='lat' dir='ltr'><em>optime,</em></span> <span class='ocrx_word' id='word_1_21' title='bbox 1583 315 1751 369; x_wconf 84' lang='lat' dir='ltr'><em>placeat</em></span> 
     </span>
     <span class='ocr_line' id='line_1_4' title="bbox 70 354 1748 434; baseline 0.019 -39"><span class='ocrx_word' id='word_1_22' title='bbox 70 354 159 407; x_wconf 74' lang='lat' dir='ltr'><em>tibi,</em></span> <span class='ocrx_word' id='word_1_23' title='bbox 204 365 249 398; x_wconf 88' lang='lat' dir='ltr'><em>ut</em></span> <span class='ocrx_word' id='word_1_24' title='bbox 281 359 564 415; x_wconf 68' lang='lat' dir='ltr'><em>Appollonius</em></span> <span class='ocrx_word' id='word_1_25' title='bbox 602 365 722 408; x_wconf 80' lang='lat' dir='ltr'><em>hodie</em></span> <span class='ocrx_word' id='word_1_26' title='bbox 760 370 913 411; x_wconf 82' lang='lat' dir='ltr'><em>ditatus</em></span> <span class='ocrx_word' id='word_1_27' title='bbox 945 372 1156 427; x_wconf 80' lang='lat' dir='ltr'><em>abscedat,</em></span> <span class='ocrx_word' id='word_1_28' title='bbox 1201 386 1237 418; x_wconf 88' lang='lat' dir='ltr'><em>et</em></span> <span class='ocrx_word' id='word_1_29' title='bbox 1268 381 1380 434; x_wconf 79' lang='lat' dir='ltr'><em>quod</em></span> <span class='ocrx_word' id='word_1_30' title='bbox 1408 382 1476 422; x_wconf 84' lang='lat' dir='ltr'><em>ill-i</em></span> <span class='ocrx_word' id='word_1_31' title='bbox 1505 384 1748 427; x_wconf 81' lang='lat' dir='ltr'><em>donavimus</em></span> 
     </span>
     <span class='ocr_line' id='line_1_5' title="bbox 69 428 1745 510; baseline 0.02 -44"><span class='ocrx_word' id='word_1_32' title='bbox 69 442 97 467; x_wconf 86' lang='lat' dir='ltr'><em>a</em></span> <span class='ocrx_word' id='word_1_33' title='bbox 125 428 247 469; x_wconf 83' lang='lat' dir='ltr'><em>mal-is</em></span> <span class='ocrx_word' id='word_1_34' title='bbox 278 445 329 471; x_wconf 83' lang='lat' dir='ltr'><em>ne</em></span> <span class='ocrx_word' id='word_1_35' title='bbox 359 435 564 488; x_wconf 81' lang='lat' dir='ltr'><em>rapiatur.</em></span> <span class='ocrx_word' id='word_1_36' title='bbox 626 436 742 478; x_wconf 80' lang='lat' dir='ltr'><em>Tunc</em></span> <span class='ocrx_word' id='word_1_37' title='bbox 772 456 845 481; x_wconf 61' lang='lat' dir='ltr'><em>rem</em></span> <span class='ocrx_word' id='word_1_38' title='bbox 869 442 1054 496; x_wconf 75' lang='lat' dir='ltr'><em>festinus</em></span> <span class='ocrx_word' id='word_1_39' title='bbox 1080 445 1209 498; x_wconf 78' lang='lat' dir='ltr'><em>jussit</em></span> <span class='ocrx_word' id='word_1_40' title='bbox 1239 449 1321 490; x_wconf 83' lang='lat' dir='ltr'><em>sibi</em></span> <span class='ocrx_word' id='word_1_41' title='bbox 1350 454 1562 508; x_wconf 69' lang='lat' dir='ltr'><em>assigmari</em></span> <span class='ocrx_word' id='word_1_42' title='bbox 1591 458 1745 510; x_wconf 71' lang='lat' dir='ltr'><em>aztlam,</em></span> 
     </span>
     <span class='ocr_line' id='line_1_6' title="bbox 67 496 1792 578; baseline 0.019 -39"><span class='ocrx_word' id='word_1_43' title='bbox 67 496 141 539; x_wconf 81' lang='lat' dir='ltr'><em>ubi</em></span> <span class='ocrx_word' id='word_1_44' title='bbox 167 498 331 542; x_wconf 79' lang='lat' dir='ltr'><em>honeste</em></span> <span class='ocrx_word' id='word_1_45' title='bbox 362 505 592 558; x_wconf 74' lang='lat' dir='ltr'><em>quiesceret.</em></span> <span class='ocrx_word' id='word_1_46' title='bbox 648 509 796 551; x_wconf 78' lang='lat' dir='ltr'><em>Puella</em></span> <span class='ocrx_word' id='word_1_47' title='bbox 838 527 928 553; x_wconf 75' lang='lat' dir='ltr'><em>vero</em></span> <span class='ocrx_word' id='word_1_48' title='bbox 967 529 1105 557; x_wconf 87' lang='lat' dir='ltr'><em>amore</em></span> <span class='ocrx_word' id='word_1_49' title='bbox 1146 534 1317 562; x_wconf 82' lang='lat' dir='ltr'><em>accensa</em></span> <span class='ocrx_word' id='word_1_50' title='bbox 1347 524 1574 578; x_wconf 72' lang='lat' dir='ltr'><em>inquietam</em></span> <span class='ocrx_word' id='word_1_51' title='bbox 1604 527 1747 570; x_wconf 77' lang='lat' dir='ltr'><em>habuit</em></span> <span class='ocrx_word' id='word_1_52' title='bbox 1771 539 1792 573; x_wconf 87' lang='lat'>5</span> 
     </span>
     <span class='ocr_line' id='line_1_7' title="bbox 65 577 1742 654; baseline 0.019 -45"><span class='ocrx_word' id='word_1_53' title='bbox 65 577 243 623; x_wconf 82' lang='lat' dir='ltr'><em>noctem,</em></span> <span class='ocrx_word' id='word_1_54' title='bbox 291 587 412 615; x_wconf 77' lang='lat' dir='ltr'><em>‘mane</em></span> <span class='ocrx_word' id='word_1_55' title='bbox 449 591 543 617; x_wconf 71' lang='lat' dir='ltr'><em>vero</em></span> <span class='ocrx_word' id='word_1_56' title='bbox 584 579 813 623; x_wconf 81' lang='lat' dir='ltr'><em>cubiculum</em></span> <span class='ocrx_word' id='word_1_57' title='bbox 858 587 994 639; x_wconf 79' lang='lat' dir='ltr'><em>patris</em></span> <span class='ocrx_word' id='word_1_58' title='bbox 1031 588 1146 629; x_wconf 82' lang='lat' dir='ltr'><em>adiit.</em></span> <span class='ocrx_word' id='word_1_59' title='bbox 1213 590 1348 642; x_wconf 79' lang='lat' dir='ltr'><em>Quam</em></span> <span class='ocrx_word' id='word_1_60' title='bbox 1387 603 1432 635; x_wconf 87' lang='lat' dir='ltr'><em>ut</em></span> <span class='ocrx_word' id='word_1_61' title='bbox 1467 598 1573 638; x_wconf 74' lang='lat' dir='ltr'><em>vidit</em></span> <span class='ocrx_word' id='word_1_62' title='bbox 1604 608 1742 654; x_wconf 81' lang='lat' dir='ltr'><em>pater,</em></span> 
     </span>
     <span class='ocr_line' id='line_1_8' title="bbox 65 640 1745 724; baseline 0.019 -44"><span class='ocrx_word' id='word_1_63' title='bbox 65 640 194 682; x_wconf 75' lang='lat' dir='ltr'><em>dia-it:</em></span> <span class='ocrx_word' id='word_1_64' title='bbox 237 641 352 695; x_wconf 82' lang='lat' dir='ltr'><em>Quid</em></span> <span class='ocrx_word' id='word_1_65' title='bbox 381 653 438 686; x_wconf 85' lang='lat' dir='ltr'><em>est</em></span> <span class='ocrx_word' id='word_1_66' title='bbox 468 647 564 699; x_wconf 76' lang='lat' dir='ltr'><em>leoc,</em></span> <span class='ocrx_word' id='word_1_67' title='bbox 602 653 714 705; x_wconf 75' lang='lat' dir='ltr'><em>quod</em></span> <span class='ocrx_word' id='word_1_68' title='bbox 737 663 878 709; x_wconf 81' lang='lat' dir='ltr'><em>preter</em></span> <span class='ocrx_word' id='word_1_69' title='bbox 909 660 1241 702; x_wconf 79' lang='lat' dir='ltr'><em>consuetudinem</em></span> <span class='ocrx_word' id='word_1_70' title='bbox 1269 665 1329 704; x_wconf 87' lang='lat' dir='ltr'><em>ita</em></span> <span class='ocrx_word' id='word_1_71' title='bbox 1360 680 1480 707; x_wconf 74' lang='lat' dir='ltr'><em>nume</em></span> <span class='ocrx_word' id='word_1_72' title='bbox 1511 670 1745 724; x_wconf 69' lang='lat' dir='ltr'><em>eci‘qilasti?</em></span> 
     </span>
     <span class='ocr_line' id='line_1_9' title="bbox 63 711 1744 797; baseline 0.019 -45"><span class='ocrx_word' id='word_1_73' title='bbox 63 711 215 754; x_wconf 84' lang='lat' dir='ltr'><em>Puella</em></span> <span class='ocrx_word' id='word_1_74' title='bbox 254 716 335 756; x_wconf 87' lang='lat' dir='ltr'><em>ait:</em></span> <span class='ocrx_word' id='word_1_75' title='bbox 384 716 583 772; x_wconf 81' lang='lat' dir='ltr'><em>Requiem</em></span> <span class='ocrx_word' id='word_1_76' title='bbox 629 721 777 765; x_wconf 76' lang='lat' dir='ltr'><em>habere</em></span> <span class='ocrx_word' id='word_1_77' title='bbox 813 741 896 767; x_wconf 86' lang='lat' dir='ltr'><em>non</em></span> <span class='ocrx_word' id='word_1_78' title='bbox 930 737 1100 783; x_wconf 85' lang='lat' dir='ltr'><em>potero,</em></span> <span class='ocrx_word' id='word_1_79' title='bbox 1149 740 1186 773; x_wconf 90' lang='lat' dir='ltr'><em>et</em></span> <span class='ocrx_word' id='word_1_80' title='bbox 1222 735 1335 787; x_wconf 85' lang='lat' dir='ltr'><em>ideo,</em></span> <span class='ocrx_word' id='word_1_81' title='bbox 1378 740 1588 781; x_wconf 77' lang='lat' dir='ltr'><em>carissime</em></span> <span class='ocrx_word' id='word_1_82' title='bbox 1618 751 1744 797; x_wconf 83' lang='lat' dir='ltr'><em>pater</em></span> 
     </span>
     <span class='ocr_line' id='line_1_10' title="bbox 56 790 1740 861; baseline 0.02 -39"><span class='ocrx_word' id='word_1_83' title='bbox 56 790 170 838; x_wconf 86' lang='lat' dir='ltr'><em>peto,</em></span> <span class='ocrx_word' id='word_1_84' title='bbox 203 793 247 826; x_wconf 87' lang='lat' dir='ltr'><em>ut</em></span> <span class='ocrx_word' id='word_1_85' title='bbox 278 801 341 827; x_wconf 89' lang='lat' dir='ltr'><em>me</em></span> <span class='ocrx_word' id='word_1_86' title='bbox 372 790 514 830; x_wconf 82' lang='lat' dir='ltr'><em>tradas</em></span> <span class='ocrx_word' id='word_1_87' title='bbox 536 790 686 843; x_wconf 66' lang='lat' dir='ltr'><em>juveni</em></span> <span class='ocrx_word' id='word_1_88' title='bbox 714 797 771 835; x_wconf 79' lang='lat' dir='ltr'><em>ad</em></span> <span class='ocrx_word' id='word_1_89' title='bbox 801 798 1141 854; x_wconf 76' lang='lat' dir='ltr'><em>doctrinandam,</em></span> <span class='ocrx_word' id='word_1_90' title='bbox 1177 806 1290 859; x_wconf 83' lang='lat' dir='ltr'><em>quod</em></span> <span class='ocrx_word' id='word_1_91' title='bbox 1315 815 1458 861; x_wconf 82' lang='lat' dir='ltr'><em>potero</em></span> <span class='ocrx_word' id='word_1_92' title='bbox 1491 819 1620 853; x_wconf 88' lang='lat' dir='ltr'><em>artem</em></span> <span class='ocrx_word' id='word_1_93' title='bbox 1650 828 1740 855; x_wconf 90' lang='lat' dir='ltr'><em>mu-</em></span> 
     </span>
     <span class='ocr_line' id='line_1_11' title="bbox 61 855 1810 934; baseline 0.02 -41"><span class='ocrx_word' id='word_1_94' title='bbox 61 855 191 895; x_wconf 81' lang='lat' dir='ltr'><em>sicam</em></span> <span class='ocrx_word' id='word_1_95' title='bbox 222 865 259 898; x_wconf 90' lang='lat' dir='ltr'><em>et</em></span> <span class='ocrx_word' id='word_1_96' title='bbox 289 858 376 899; x_wconf 88' lang='lat' dir='ltr'><em>alia</em></span> <span class='ocrx_word' id='word_1_97' title='bbox 408 861 630 905; x_wconf 72' lang='lat' dir='ltr'><em>addiscere.</em></span> <span class='ocrx_word' id='word_1_98' title='bbox 688 866 778 908; x_wconf 66' lang='lat' dir='ltr'><em>Rea·</em></span> <span class='ocrx_word' id='word_1_99' title='bbox 817 868 887 910; x_wconf 82' lang='lat' dir='ltr'><em>lzec</em></span> <span class='ocrx_word' id='word_1_100' title='bbox 925 873 1097 913; x_wconf 82' lang='lat' dir='ltr'><em>audiens</em></span> <span class='ocrx_word' id='word_1_101' title='bbox 1132 877 1302 929; x_wconf 68' lang='lat' dir='ltr'><em>yaci&#39;sus</em></span> <span class='ocrx_word' id='word_1_102' title='bbox 1343 887 1419 930; x_wconf 87' lang='lat' dir='ltr'><em>est,</em></span> <span class='ocrx_word' id='word_1_103' title='bbox 1449 881 1579 934; x_wconf 80' lang='lat' dir='ltr'><em>jussit</em></span> <span class='ocrx_word' id='word_1_104' title='bbox 1614 885 1672 926; x_wconf 89' lang='lat' dir='ltr'><em>ad</em></span> <span class='ocrx_word' id='word_1_105' title='bbox 1699 900 1742 927; x_wconf 88' lang='lat' dir='ltr'><em>se</em></span> <span class='ocrx_word' id='word_1_106' title='bbox 1767 894 1810 928; x_wconf 92' lang='lat'><em>10</em></span> 
     </span>
     <span class='ocr_line' id='line_1_12' title="bbox 51 923 1740 1009; baseline 0.02 -44"><span class='ocrx_word' id='word_1_107' title='bbox 51 923 245 978; x_wconf 70' lang='lat' dir='ltr'><em>juvenem</em></span> <span class='ocrx_word' id='word_1_108' title='bbox 284 933 447 982; x_wconf 82' lang='lat' dir='ltr'><em>vocari,</em></span> <span class='ocrx_word' id='word_1_109' title='bbox 490 936 558 974; x_wconf 80' lang='lat' dir='ltr'><em>cui</em></span> <span class='ocrx_word' id='word_1_110' title='bbox 594 937 674 977; x_wconf 87' lang='lat' dir='ltr'><em>ait:</em></span> <span class='ocrx_word' id='word_1_111' title='bbox 714 938 969 994; x_wconf 80' lang='lat' dir='ltr'><em>Appolloni,</em></span> <span class='ocrx_word' id='word_1_112' title='bbox 999 943 1098 996; x_wconf 85' lang='lat' dir='ltr'><em>filia</em></span> <span class='ocrx_word' id='word_1_113' title='bbox 1138 960 1227 987; x_wconf 85' lang='lat' dir='ltr'><em>mea</em></span> <span class='ocrx_word' id='word_1_114' title='bbox 1264 950 1436 990; x_wconf 82' lang='lat' dir='ltr'><em>multum</em></span> <span class='ocrx_word' id='word_1_115' title='bbox 1468 956 1582 1009; x_wconf 89' lang='lat' dir='ltr'><em>cupit</em></span> <span class='ocrx_word' id='word_1_116' title='bbox 1611 964 1740 998; x_wconf 87' lang='lat' dir='ltr'><em>artem</em></span> 
     </span>
     <span class='ocr_line' id='line_1_13' title="bbox 59 999 1740 1079; baseline 0.02 -43"><span class='ocrx_word' id='word_1_117' title='bbox 59 1003 173 1038; x_wconf 84' lang='lat' dir='ltr'><em>tuam</em></span> <span class='ocrx_word' id='word_1_118' title='bbox 203 999 439 1051; x_wconf 87' lang='lat' dir='ltr'><em>addiscere‚·</em></span> <span class='ocrx_word' id='word_1_119' title='bbox 480 1005 570 1046; x_wconf 86' lang='lat' dir='ltr'><em>ideo</em></span> <span class='ocrx_word' id='word_1_120' title='bbox 610 1022 711 1063; x_wconf 58' lang='lat' dir='ltr'><em>rosso</em></span> <span class='ocrx_word' id='word_1_121' title='bbox 753 1017 809 1061; x_wconf 85' lang='lat' dir='ltr'><em>te,</em></span> <span class='ocrx_word' id='word_1_122' title='bbox 851 1020 896 1052; x_wconf 91' lang='lat' dir='ltr'><em>ut</em></span> <span class='ocrx_word' id='word_1_123' title='bbox 933 1015 972 1054; x_wconf 91' lang='lat' dir='ltr'><em>ei</em></span> <span class='ocrx_word' id='word_1_124' title='bbox 1011 1010 1210 1058; x_wconf 64' lang='lat' dir='ltr'><em>ostendas</em></span> <span class='ocrx_word' id='word_1_125' title='bbox 1239 1022 1398 1073; x_wconf 90' lang='lat' dir='ltr'><em>omnia,</em></span> <span class='ocrx_word' id='word_1_126' title='bbox 1441 1038 1518 1078; x_wconf 83' lang='lat' dir='ltr'><em>que</em></span> <span class='ocrx_word' id='word_1_127' title='bbox 1547 1029 1669 1079; x_wconf 86' lang='lat' dir='ltr'><em>nosti,</em></span> <span class='ocrx_word' id='word_1_128' title='bbox 1703 1036 1740 1070; x_wconf 83' lang='lat' dir='ltr'><em>et</em></span> 
     </span>
     <span class='ocr_line' id='line_1_14' title="bbox 58 1071 1737 1149; baseline 0.02 -42"><span class='ocrx_word' id='word_1_129' title='bbox 58 1081 130 1123; x_wconf 73' lang='lat' dir='ltr'><em>eqo</em></span> <span class='ocrx_word' id='word_1_130' title='bbox 161 1071 385 1112; x_wconf 77' lang='lat' dir='ltr'><strong><em>mercedem</em></strong></span> <span class='ocrx_word' id='word_1_131' title='bbox 417 1076 663 1131; x_wconf 43' lang='lat' dir='ltr'><em>condi-qnam</em></span> <span class='ocrx_word' id='word_1_132' title='bbox 695 1081 929 1124; x_wconf 75' lang='lat' dir='ltr'><em>retribuam.</em></span> <span class='ocrx_word' id='word_1_133' title='bbox 984 1085 1041 1126; x_wconf 86' lang='lat' dir='ltr'><em>Et</em></span> <span class='ocrx_word' id='word_1_134' title='bbox 1070 1087 1161 1128; x_wconf 80' lang='lat' dir='ltr'><em>ille.-</em></span> <span class='ocrx_word' id='word_1_135' title='bbox 1201 1089 1402 1145; x_wconf 89' lang='lat' dir='ltr'><em>Domine,</em></span> <span class='ocrx_word' id='word_1_136' title='bbox 1436 1104 1616 1149; x_wconf 86' lang='lat' dir='ltr'><em>paratus</em></span> <span class='ocrx_word' id='word_1_137' title='bbox 1647 1112 1737 1140; x_wconf 87' lang='lat' dir='ltr'><em>sum</em></span> 
     </span>
     <span class='ocr_line' id='line_1_15' title="bbox 55 1138 1737 1224; baseline 0.02 -46"><span class='ocrx_word' id='word_1_138' title='bbox 55 1138 262 1182; x_wconf 87' lang='lat' dir='ltr'><em>voluntati</em></span> <span class='ocrx_word' id='word_1_139' title='bbox 289 1151 418 1185; x_wconf 76' lang='lat' dir='ltr'><em>vestre</em></span> <span class='ocrx_word' id='word_1_140' title='bbox 447 1148 697 1202; x_wconf 58' lang='lat' dir='ltr'><em>satiffacere.</em></span> <span class='ocrx_word' id='word_1_141' title='bbox 752 1151 909 1195; x_wconf 80' lang='lat' dir='ltr'><em>Docuit</em></span> <span class='ocrx_word' id='word_1_142' title='bbox 936 1157 1139 1211; x_wconf 78' lang='lat' dir='ltr'><em>puellam,</em></span> <span class='ocrx_word' id='word_1_143' title='bbox 1180 1163 1286 1203; x_wconf 74' lang='lat' dir='ltr'><em>sicut</em></span> <span class='ocrx_word' id='word_1_144' title='bbox 1314 1165 1404 1219; x_wconf 87' lang='lat' dir='ltr'><em>ipse</em></span> <span class='ocrx_word' id='word_1_145' title='bbox 1435 1166 1605 1217; x_wconf 79' lang='lat' dir='ltr'><em>didicit3</em></span> <span class='ocrx_word' id='word_1_146' title='bbox 1639 1178 1737 1224; x_wconf 88' lang='lat' dir='ltr'><em>post</em></span> 
     </span>
     <span class='ocr_line' id='line_1_16' title="bbox 55 1209 1803 1292; baseline 0.02 -43"><span class='ocrx_word' id='word_1_147' title='bbox 55 1209 126 1251; x_wconf 77' lang='lat' dir='ltr'><em>hec</em></span> <span class='ocrx_word' id='word_1_148' title='bbox 150 1212 297 1267; x_wconf 87' lang='lat' dir='ltr'><em>puella</em></span> <span class='ocrx_word' id='word_1_149' title='bbox 322 1229 403 1270; x_wconf 83' lang='lat' dir='ltr'><em>pre</em></span> <span class='ocrx_word' id='word_1_150' title='bbox 432 1219 561 1259; x_wconf 86' lang='lat' dir='ltr'><em>nimio</em></span> <span class='ocrx_word' id='word_1_151' title='bbox 594 1235 734 1263; x_wconf 82' lang='lat' dir='ltr'><em>amore</em></span> <span class='ocrx_word' id='word_1_152' title='bbox 762 1224 930 1277; x_wconf 72' lang='lat' dir='ltr'><em>juvenis</em></span> <span class='ocrx_word' id='word_1_153' title='bbox 960 1229 1206 1281; x_wconf 80' lang='lat' dir='ltr'><em>infirmatur.</em></span> <span class='ocrx_word' id='word_1_154' title='bbox 1263 1233 1353 1275; x_wconf 70' lang='lat' dir='ltr'><em>Rea*</em></span> <span class='ocrx_word' id='word_1_155' title='bbox 1390 1244 1436 1277; x_wconf 85' lang='lat' dir='ltr'><em>ut</em></span> <span class='ocrx_word' id='word_1_156' title='bbox 1469 1239 1576 1280; x_wconf 82' lang='lat' dir='ltr'><em>vidit</em></span> <span class='ocrx_word' id='word_1_157' title='bbox 1593 1239 1734 1292; x_wconf 84' lang='lat' dir='ltr'><em>filiam</em></span> <span class='ocrx_word' id='word_1_158' title='bbox 1760 1248 1803 1283; x_wconf 89' lang='lat'><em>15</em></span> 
     </span>
     <span class='ocr_line' id='line_1_17' title="bbox 53 1284 1732 1358; baseline 0.02 -38"><span class='ocrx_word' id='word_1_159' title='bbox 53 1294 173 1322; x_wconf 87' lang='lat' dir='ltr'><em>suam</em></span> <span class='ocrx_word' id='word_1_160' title='bbox 204 1284 430 1328; x_wconf 82' lang='lat' dir='ltr'><em>incurrisse</em></span> <span class='ocrx_word' id='word_1_161' title='bbox 461 1291 754 1347; x_wconf 70' lang='lat' dir='ltr'><em>eyritudinem,</em></span> <span class='ocrx_word' id='word_1_162' title='bbox 796 1297 927 1339; x_wconf 83' lang='lat' dir='ltr'><em>subito</em></span> <span class='ocrx_word' id='word_1_163' title='bbox 959 1302 1136 1342; x_wconf 87' lang='lat' dir='ltr'><em>medicos</em></span> <span class='ocrx_word' id='word_1_164' title='bbox 1167 1307 1348 1358; x_wconf 78' lang='lat' dir='ltr'><em>vocavit,</em></span> <span class='ocrx_word' id='word_1_165' title='bbox 1387 1307 1455 1348; x_wconf 88' lang='lat' dir='ltr'><em>illi</em></span> <span class='ocrx_word' id='word_1_166' title='bbox 1481 1323 1577 1351; x_wconf 73' lang='lat' dir='ltr'><em>vero</em></span> <span class='ocrx_word' id='word_1_167' title='bbox 1608 1326 1732 1353; x_wconf 72' lang='lat' dir='ltr'><em>cenas</em></span> 
     </span>
     <span class='ocr_line' id='line_1_18' title="bbox 53 1353 1729 1432; baseline 0.02 -41"><span class='ocrx_word' id='word_1_168' title='bbox 53 1359 91 1393; x_wconf 90' lang='lat' dir='ltr'><em>et</em></span> <span class='ocrx_word' id='word_1_169' title='bbox 119 1353 307 1409; x_wconf 71' lang='lat' dir='ltr'><em>sinyitlas</em></span> <span class='ocrx_word' id='word_1_170' title='bbox 331 1367 476 1413; x_wconf 84' lang='lat' dir='ltr'><em>partes</em></span> <span class='ocrx_word' id='word_1_171' title='bbox 509 1366 697 1418; x_wconf 83' lang='lat' dir='ltr'><em>corporis</em></span> <span class='ocrx_word' id='word_1_172' title='bbox 728 1368 950 1422; x_wconf 70' lang='lat' dir='ltr'><em>tanyebant</em></span> <span class='ocrx_word' id='word_1_173' title='bbox 988 1379 1024 1412; x_wconf 90' lang='lat' dir='ltr'><em>et</em></span> <span class='ocrx_word' id='word_1_174' title='bbox 1060 1374 1218 1415; x_wconf 86' lang='lat' dir='ltr'><em>nullam</em></span> <span class='ocrx_word' id='word_1_175' title='bbox 1258 1379 1528 1432; x_wconf 59' lang='lat' dir='ltr'><em>egritudinem</em></span> <span class='ocrx_word' id='word_1_176' title='bbox 1565 1383 1729 1426; x_wconf 75' lang='lat' dir='ltr'><em>invene-</em></span> 
     </span>
     <span class='ocr_line' id='line_1_19' title="bbox 50 1426 1730 1511; baseline 0.02 -48"><span class='ocrx_word' id='word_1_177' title='bbox 50 1432 159 1465; x_wconf 80' lang='lat' dir='ltr'><em>runt.</em></span> <span class='ocrx_word' id='word_1_178' title='bbox 224 1426 328 1469; x_wconf 90' lang='lat' dir='ltr'><em>Post</em></span> <span class='ocrx_word' id='word_1_179' title='bbox 362 1445 520 1485; x_wconf 83' lang='lat' dir='ltr'><em>paucos</em></span> <span class='ocrx_word' id='word_1_180' title='bbox 559 1435 644 1475; x_wconf 83' lang='lat' dir='ltr'><em>dies</em></span> <span class='ocrx_word' id='word_1_181' title='bbox 684 1444 763 1477; x_wconf 81' lang='lat' dir='ltr'><em>tres</em></span> <span class='ocrx_word' id='word_1_182' title='bbox 799 1438 970 1491; x_wconf 79' lang='lat' dir='ltr'><em>juvenes</em></span> <span class='ocrx_word' id='word_1_183' title='bbox 1016 1443 1284 1499; x_wconf 70' lang='lat' dir='ltr'><em>nobilissimi,</em></span> <span class='ocrx_word' id='word_1_184' title='bbox 1333 1451 1407 1503; x_wconf 80' lang='lat' dir='ltr'><em>qui</em></span> <span class='ocrx_word' id='word_1_185' title='bbox 1436 1466 1518 1506; x_wconf 85' lang='lat' dir='ltr'><em>per</em></span> <span class='ocrx_word' id='word_1_186' title='bbox 1562 1454 1730 1511; x_wconf 68' lang='lat' dir='ltr'><em>lonqum</em></span> 
     </span>
     <span class='ocr_line' id='line_1_20' title="bbox 51 1498 1729 1581; baseline 0.02 -47"><span class='ocrx_word' id='word_1_187' title='bbox 51 1501 208 1550; x_wconf 88' lang='lat' dir='ltr'><em>tempus</em></span> <span class='ocrx_word' id='word_1_188' title='bbox 242 1498 382 1551; x_wconf 89' lang='lat' dir='ltr'><em>filiam</em></span> <span class='ocrx_word' id='word_1_189' title='bbox 425 1503 471 1542; x_wconf 87' lang='lat' dir='ltr'><em>in</em></span> <span class='ocrx_word' id='word_1_190' title='bbox 508 1508 819 1550; x_wconf 71' lang='lat' dir='ltr'><em>matrimonium</em></span> <span class='ocrx_word' id='word_1_191' title='bbox 852 1515 1081 1567; x_wconf 79' lang='lat' dir='ltr'><em>petierant,</em></span> <span class='ocrx_word' id='word_1_192' title='bbox 1128 1531 1262 1572; x_wconf 67' lang='lat' dir='ltr'><em>reyem</em></span> <span class='ocrx_word' id='word_1_193' title='bbox 1300 1535 1385 1561; x_wconf 87' lang='lat' dir='ltr'><em>una</em></span> <span class='ocrx_word' id='word_1_194' title='bbox 1429 1537 1524 1564; x_wconf 85' lang='lat' dir='ltr'><em>voce</em></span> <span class='ocrx_word' id='word_1_195' title='bbox 1561 1528 1729 1581; x_wconf 82' lang='lat' dir='ltr'><em>pariter</em></span> 
     </span>
     <span class='ocr_line' id='line_1_21' title="bbox 49 1565 1795 1640; baseline 0.019 -35"><span class='ocrx_word' id='word_1_196' title='bbox 49 1565 343 1611; x_wconf 78' lang='lat' dir='ltr'><em>salutaverunt.</em></span> <span class='ocrx_word' id='word_1_197' title='bbox 400 1571 512 1624; x_wconf 80' lang='lat' dir='ltr'><em>Quos</em></span> <span class='ocrx_word' id='word_1_198' title='bbox 543 1577 706 1620; x_wconf 84' lang='lat' dir='ltr'><em>intuens</em></span> <span class='ocrx_word' id='word_1_199' title='bbox 736 1595 809 1622; x_wconf 69' lang='lat' dir='ltr'><em>rea:</em></span> <span class='ocrx_word' id='word_1_200' title='bbox 840 1585 921 1623; x_wconf 81' lang='lat' dir='ltr'><em>ait:</em></span> <span class='ocrx_word' id='word_1_201' title='bbox 956 1583 1049 1637; x_wconf 80' lang='lat' dir='ltr'><em>Qua</em></span> <span class='ocrx_word' id='word_1_202' title='bbox 1081 1588 1130 1628; x_wconf 86' lang='lat' dir='ltr'><em>de</em></span> <span class='ocrx_word' id='word_1_203' title='bbox 1161 1604 1286 1630; x_wconf 84' lang='lat' dir='ltr'><em>causa</em></span> <span class='ocrx_word' id='word_1_204' title='bbox 1316 1594 1510 1634; x_wconf 70' lang='lat' dir='ltr'><em>venistis?</em></span> <span class='ocrx_word' id='word_1_205' title='bbox 1555 1599 1610 1639; x_wconf 84' lang='lat' dir='ltr'><em>At</em></span> <span class='ocrx_word' id='word_1_206' title='bbox 1637 1598 1724 1640; x_wconf 85' lang='lat' dir='ltr'><em>illi:</em></span> <span class='ocrx_word' id='word_1_207' title='bbox 1750 1603 1795 1638; x_wconf 82' lang='lat'><em>20</em></span> 
     </span>
     <span class='ocr_line' id='line_1_22' title="bbox 51 1635 1724 1715; baseline 0.02 -38"><span class='ocrx_word' id='word_1_208' title='bbox 51 1635 162 1688; x_wconf 83' lang='lat' dir='ltr'><em>Quia</em></span> <span class='ocrx_word' id='word_1_209' title='bbox 192 1642 331 1695; x_wconf 86' lang='lat' dir='ltr'><em>sepius</em></span> <span class='ocrx_word' id='word_1_210' title='bbox 360 1643 479 1685; x_wconf 88' lang='lat' dir='ltr'><em>nobis</em></span> <span class='ocrx_word' id='word_1_211' title='bbox 516 1651 768 1702; x_wconf 81' lang='lat' dir='ltr'><em>promisistis</em></span> <span class='ocrx_word' id='word_1_212' title='bbox 807 1656 884 1694; x_wconf 87' lang='lat' dir='ltr'><em>uni</em></span> <span class='ocrx_word' id='word_1_213' title='bbox 919 1670 967 1696; x_wconf 48' lang='lat' dir='ltr'><em>ecc</em></span> <span class='ocrx_word' id='word_1_214' title='bbox 1005 1657 1123 1699; x_wconf 82' lang='lat' dir='ltr'><em>nobis</em></span> <span class='ocrx_word' id='word_1_215' title='bbox 1163 1660 1264 1702; x_wconf 85' lang='lat' dir='ltr'><em>dare</em></span> <span class='ocrx_word' id='word_1_216' title='bbox 1289 1662 1429 1715; x_wconf 88' lang='lat' dir='ltr'><em>filiam</em></span> <span class='ocrx_word' id='word_1_217' title='bbox 1466 1674 1642 1709; x_wconf 86' lang='lat' dir='ltr'><em>vestram</em></span> <span class='ocrx_word' id='word_1_218' title='bbox 1677 1671 1724 1710; x_wconf 88' lang='lat' dir='ltr'><em>in</em></span> 
     </span>
     <span class='ocr_line' id='line_1_23' title="bbox 46 1712 1718 1794; baseline 0.02 -46"><span class='ocrx_word' id='word_1_219' title='bbox 46 1712 377 1764; x_wconf 83' lang='lat' dir='ltr'><em>matrimonium,·</em></span> <span class='ocrx_word' id='word_1_220' title='bbox 414 1726 586 1772; x_wconf 86' lang='lat' dir='ltr'><em>propter</em></span> <span class='ocrx_word' id='word_1_221' title='bbox 625 1723 737 1775; x_wconf 82' lang='lat' dir='ltr'><em>quod</em></span> <span class='ocrx_word' id='word_1_222' title='bbox 766 1723 886 1766; x_wconf 69' lang='lat' dir='ltr'><em>leod-ie</em></span> <span class='ocrx_word' id='word_1_223' title='bbox 923 1729 1047 1769; x_wconf 86' lang='lat' dir='ltr'><em>simul</em></span> <span class='ocrx_word' id='word_1_224' title='bbox 1079 1732 1285 1782; x_wconf 72' lang='lat' dir='ltr'><em>veni-mus;</em></span> <span class='ocrx_word' id='word_1_225' title='bbox 1324 1736 1428 1776; x_wconf 80' lang='lat' dir='ltr'><em>cives</em></span> <span class='ocrx_word' id='word_1_226' title='bbox 1466 1739 1528 1778; x_wconf 88' lang='lat' dir='ltr'><em>tui</em></span> <span class='ocrx_word' id='word_1_227' title='bbox 1565 1753 1718 1794; x_wconf 87' lang='lat' dir='ltr'><em>sumus,</em></span> 
     </span>
     <span class='ocr_line' id='line_1_24' title="bbox 45 1779 1716 1867; baseline 0.02 -47"><span class='ocrx_word' id='word_1_228' title='bbox 45 1779 191 1822; x_wconf 82' lang='lat' dir='ltr'><em>divites</em></span> <span class='ocrx_word' id='word_1_229' title='bbox 223 1791 260 1824; x_wconf 90' lang='lat' dir='ltr'><em>et</em></span> <span class='ocrx_word' id='word_1_230' title='bbox 291 1798 339 1825; x_wconf 57' lang='grc' dir='ltr'><em>θα)</em></span> <span class='ocrx_word' id='word_1_231' title='bbox 368 1786 575 1830; x_wconf 79' lang='lat' dir='ltr'><em>nobilibus</em></span> <span class='ocrx_word' id='word_1_232' title='bbox 600 1794 847 1847; x_wconf 79' lang='lat' dir='ltr'><em>parentibus</em></span> <span class='ocrx_word' id='word_1_233' title='bbox 875 1800 1024 1852; x_wconf 68' lang='lat' dir='ltr'><em>yeniti,</em></span> <span class='ocrx_word' id='word_1_234' title='bbox 1066 1810 1103 1843; x_wconf 90' lang='lat' dir='ltr'><em>et</em></span> <span class='ocrx_word' id='word_1_235' title='bbox 1130 1803 1222 1844; x_wconf 88' lang='lat' dir='ltr'><em>ideo</em></span> <span class='ocrx_word' id='word_1_236' title='bbox 1254 1805 1304 1845; x_wconf 91' lang='lat' dir='ltr'><em>de</em></span> <span class='ocrx_word' id='word_1_237' title='bbox 1334 1806 1465 1848; x_wconf 86' lang='lat' dir='ltr'><em>tribus</em></span> <span class='ocrx_word' id='word_1_238' title='bbox 1496 1808 1573 1850; x_wconf 88' lang='lat' dir='ltr'><em>tibi</em></span> <span class='ocrx_word' id='word_1_239' title='bbox 1602 1811 1716 1867; x_wconf 69' lang='lat' dir='ltr'><em>eliqe,</em></span> 
     </span>
     <span class='ocr_line' id='line_1_25' title="bbox 45 1854 1717 1937; baseline 0.02 -46"><span class='ocrx_word' id='word_1_240' title='bbox 45 1864 164 1906; x_wconf 81' lang='lat' dir='ltr'><em>quem</em></span> <span class='ocrx_word' id='word_1_241' title='bbox 192 1855 256 1895; x_wconf 76' lang='lat' dir='ltr'><em>vis</em></span> <span class='ocrx_word' id='word_1_242' title='bbox 286 1854 435 1899; x_wconf 77' lang='lat' dir='ltr'><em>habere</em></span> <span class='ocrx_word' id='word_1_243' title='bbox 461 1875 665 1915; x_wconf 69' lang='lat' dir='ltr'><em>ymerum.</em></span> <span class='ocrx_word' id='word_1_244' title='bbox 722 1865 812 1906; x_wconf 63' lang='lat' dir='ltr'><em>Rea·</em></span> <span class='ocrx_word' id='word_1_245' title='bbox 843 1870 924 1909; x_wconf 81' lang='lat' dir='ltr'><em>ait.-</em></span> <span class='ocrx_word' id='word_1_246' title='bbox 963 1870 1062 1912; x_wconf 90' lang='lat' dir='ltr'><em>Non</em></span> <span class='ocrx_word' id='word_1_247' title='bbox 1093 1881 1190 1929; x_wconf 85' lang='lat' dir='ltr'><em>apto</em></span> <span class='ocrx_word' id='word_1_248' title='bbox 1223 1883 1402 1931; x_wconf 85' lang='lat' dir='ltr'><em>tempore</em></span> <span class='ocrx_word' id='word_1_249' title='bbox 1430 1893 1493 1920; x_wconf 89' lang='lat' dir='ltr'><em>me</em></span> <span class='ocrx_word' id='word_1_250' title='bbox 1521 1881 1717 1937; x_wconf 84' lang='lat' dir='ltr'><em>interpel-</em></span> 
     </span>
     <span class='ocr_line' id='line_1_26' title="bbox 44 1921 1787 2001; baseline 0.02 -40"><span class='ocrx_word' id='word_1_251' title='bbox 44 1921 170 1963; x_wconf 83' lang='lat' dir='ltr'><em>lastis.</em></span> <span class='ocrx_word' id='word_1_252' title='bbox 235 1924 352 1968; x_wconf 85' lang='lat' dir='ltr'><em>Filia</em></span> <span class='ocrx_word' id='word_1_253' title='bbox 389 1944 477 1971; x_wconf 83' lang='lat' dir='ltr'><em>mea</em></span> <span class='ocrx_word' id='word_1_254' title='bbox 516 1934 664 1974; x_wconf 80' lang='lat' dir='ltr'><em>studiis</em></span> <span class='ocrx_word' id='word_1_255' title='bbox 701 1946 822 1979; x_wconf 70' lang='lat' dir='ltr'><em>vacat</em></span> <span class='ocrx_word' id='word_1_256' title='bbox 860 1947 897 1980; x_wconf 91' lang='lat' dir='ltr'><em>et</em></span> <span class='ocrx_word' id='word_1_257' title='bbox 934 1941 981 1982; x_wconf 92' lang='lat' dir='ltr'><em>ob</em></span> <span class='ocrx_word' id='word_1_258' title='bbox 1020 1958 1200 1986; x_wconf 87' lang='lat' dir='ltr'><em>amorem</em></span> <span class='ocrx_word' id='word_1_259' title='bbox 1238 1949 1470 2001; x_wconf 68' lang='lat' dir='ltr'><em>studiorum</em></span> <span class='ocrx_word' id='word_1_260' title='bbox 1502 1951 1716 1995; x_wconf 88' lang='lat' dir='ltr'><em>imbecillis</em></span> <span class='ocrx_word' id='word_1_261' title='bbox 1741 1961 1787 1996; x_wconf 84' lang='lat'><em>25</em></span> 
     </span>
     <span class='ocr_line' id='line_1_27' title="bbox 31 1990 1716 2066; baseline 0.02 -33"><span class='ocrx_word' id='word_1_262' title='bbox 31 1990 154 2045; x_wconf 82' lang='lat' dir='ltr'><em>jacet.</em></span> <span class='ocrx_word' id='word_1_263' title='bbox 199 1994 286 2038; x_wconf 84' lang='lat' dir='ltr'><em>Sed</em></span> <span class='ocrx_word' id='word_1_264' title='bbox 313 2013 363 2040; x_wconf 87' lang='lat' dir='ltr'><em>ne</em></span> <span class='ocrx_word' id='word_1_265' title='bbox 392 2002 537 2042; x_wconf 75' lang='lat' dir='ltr'><em>videar</em></span> <span class='ocrx_word' id='word_1_266' title='bbox 566 2004 680 2046; x_wconf 80' lang='lat' dir='ltr'><em>vobis</em></span> <span class='ocrx_word' id='word_1_267' title='bbox 710 2009 834 2049; x_wconf 81' lang='lat' dir='ltr'><em>nimis</em></span> <span class='ocrx_word' id='word_1_268' title='bbox 867 2011 1035 2066; x_wconf 76' lang='lat' dir='ltr'><em>(liferre,</em></span> <span class='ocrx_word' id='word_1_269' title='bbox 1070 2016 1234 2058; x_wconf 83' lang='lat' dir='ltr'><em>scribite</em></span> <span class='ocrx_word' id='word_1_270' title='bbox 1262 2020 1309 2059; x_wconf 86' lang='lat' dir='ltr'><em>in</em></span> <span class='ocrx_word' id='word_1_271' title='bbox 1340 2021 1541 2063; x_wconf 82' lang='lat' dir='ltr'><em>codicillis</em></span> <span class='ocrx_word' id='word_1_272' title='bbox 1571 2027 1716 2066; x_wconf 81' lang='lat' dir='ltr'><em>vestris</em></span> 
     </span>
     <span class='ocr_line' id='line_1_28' title="bbox 38 2066 1716 2147; baseline 0.02 -43"><span class='ocrx_word' id='word_1_273' title='bbox 38 2066 210 2107; x_wconf 82' lang='lat' dir='ltr'><em>nomina</em></span> <span class='ocrx_word' id='word_1_274' title='bbox 244 2077 379 2111; x_wconf 84' lang='lat' dir='ltr'><em>vestra</em></span> <span class='ocrx_word' id='word_1_275' title='bbox 419 2080 455 2113; x_wconf 87' lang='lat' dir='ltr'><em>et</em></span> <span class='ocrx_word' id='word_1_276' title='bbox 491 2074 597 2116; x_wconf 89' lang='lat' dir='ltr'><em>dotis</em></span> <span class='ocrx_word' id='word_1_277' title='bbox 639 2081 920 2134; x_wconf 74' lang='lat' dir='ltr'><em>quantitatem,</em></span> <span class='ocrx_word' id='word_1_278' title='bbox 964 2099 1041 2139; x_wconf 82' lang='lat' dir='ltr'><em>que</em></span> <span class='ocrx_word' id='word_1_279' title='bbox 1078 2091 1353 2131; x_wconf 84' lang='lat' dir='ltr'><em>transmittam</em></span> <span class='ocrx_word' id='word_1_280' title='bbox 1387 2091 1478 2144; x_wconf 84' lang='lat' dir='ltr'><em>filie</em></span> <span class='ocrx_word' id='word_1_281' title='bbox 1515 2108 1621 2147; x_wconf 85' lang='lat' dir='ltr'><em>mee,</em></span> <span class='ocrx_word' id='word_1_282' title='bbox 1670 2104 1716 2138; x_wconf 88' lang='lat' dir='ltr'><em>ut</em></span> 
     </span>
     <span class='ocr_line' id='line_1_29' title="bbox 38 2135 1712 2220; baseline 0.02 -45"><span class='ocrx_word' id='word_1_283' title='bbox 38 2135 134 2190; x_wconf 83' lang='lat' dir='ltr'><em>ipsa</em></span> <span class='ocrx_word' id='word_1_284' title='bbox 164 2137 309 2194; x_wconf 70' lang='lat' dir='ltr'><em>eliqat,</em></span> <span class='ocrx_word' id='word_1_285' title='bbox 344 2156 462 2196; x_wconf 83' lang='lat' dir='ltr'><em>quem</em></span> <span class='ocrx_word' id='word_1_286' title='bbox 492 2146 676 2189; x_wconf 71' lang='lat' dir='ltr'><em>voluerit.</em></span> <span class='ocrx_word' id='word_1_287' title='bbox 729 2150 802 2191; x_wconf 88' lang='lat' dir='ltr'><em>Illi</em></span> <span class='ocrx_word' id='word_1_288' title='bbox 831 2152 905 2194; x_wconf 75' lang='lat' dir='ltr'><em>lzoc</em></span> <span class='ocrx_word' id='word_1_289' title='bbox 923 2154 1137 2210; x_wconf 85' lang='lat' dir='ltr'><em>fecerunt,</em></span> <span class='ocrx_word' id='word_1_290' title='bbox 1171 2174 1244 2200; x_wconf 71' lang='lat' dir='ltr'><em>rea:</em></span> <span class='ocrx_word' id='word_1_291' title='bbox 1275 2165 1432 2217; x_wconf 82' lang='lat' dir='ltr'><em>accepit</em></span> <span class='ocrx_word' id='word_1_292' title='bbox 1460 2166 1712 2220; x_wconf 75' lang='lat' dir='ltr'><em>scripturam</em></span> 
     </span>
    </p>

    <p class='ocr_par' dir='ltr' id='par_1_3' title="bbox 28 2207 1779 2997">
     <span class='ocr_line' id='line_1_30' title="bbox 39 2207 1710 2290; baseline 0.02 -44"><span class='ocrx_word' id='word_1_293' title='bbox 39 2213 76 2247; x_wconf 88' lang='lat' dir='ltr'><em>et</em></span> <span class='ocrx_word' id='word_1_294' title='bbox 106 2207 215 2263; x_wconf 70' lang='lat' dir='ltr'><em>leyit,</em></span> <span class='ocrx_word' id='word_1_295' title='bbox 247 2212 529 2270; x_wconf 70' lang='lat' dir='ltr'><em>siqnavitque,</em></span> <span class='ocrx_word' id='word_1_296' title='bbox 568 2219 681 2260; x_wconf 87' lang='lat' dir='ltr'><em>dedit</em></span> <span class='ocrx_word' id='word_1_297' title='bbox 709 2221 981 2278; x_wconf 65' lang='lat' dir='ltr'><em>AppoHomb,</em></span> <span class='ocrx_word' id='word_1_298' title='bbox 1015 2229 1174 2270; x_wconf 85' lang='lat' dir='ltr'><em>dicens:</em></span> <span class='ocrx_word' id='word_1_299' title='bbox 1218 2230 1345 2285; x_wconf 81' lang='lat' dir='ltr'><em>Tolle,</em></span> <span class='ocrx_word' id='word_1_300' title='bbox 1378 2236 1594 2290; x_wconf 68' lang='lat' dir='ltr'><em>maqister,</em></span> <span class='ocrx_word' id='word_1_301' title='bbox 1635 2237 1710 2279; x_wconf 68' lang='lat' dir='ltr'><em>lias</em></span> 
     </span>
     <span class='ocr_line' id='line_1_31' title="bbox 38 2280 1779 2361; baseline 0.019 -43"><span class='ocrx_word' id='word_1_302' title='bbox 38 2280 269 2335; x_wconf 86' lang='lat' dir='ltr'><em>scripturas</em></span> <span class='ocrx_word' id='word_1_303' title='bbox 301 2291 338 2324; x_wconf 81' lang='lat' dir='ltr'><em>et</em></span> <span class='ocrx_word' id='word_1_304' title='bbox 367 2287 484 2327; x_wconf 82' lang='lat' dir='ltr'><em>trade</em></span> <span class='ocrx_word' id='word_1_305' title='bbox 521 2288 724 2345; x_wconf 86' lang='lat' dir='ltr'><em>discipule</em></span> <span class='ocrx_word' id='word_1_306' title='bbox 760 2296 850 2335; x_wconf 86' lang='lat' dir='ltr'><em>tue!</em></span> <span class='ocrx_word' id='word_1_307' title='bbox 898 2297 1180 2353; x_wconf 77' lang='lat' dir='ltr'><em>Appollonius</em></span> <span class='ocrx_word' id='word_1_308' title='bbox 1219 2305 1372 2358; x_wconf 80' lang='lat' dir='ltr'><em>recepit</em></span> <span class='ocrx_word' id='word_1_309' title='bbox 1407 2307 1636 2361; x_wconf 73' lang='lat' dir='ltr'><em>scripturas</em></span> <span class='ocrx_word' id='word_1_310' title='bbox 1675 2317 1711 2350; x_wconf 88' lang='lat' dir='ltr'><em>et</em></span> <span class='ocrx_word' id='word_1_311' title='bbox 1733 2314 1779 2349; x_wconf 90' lang='lat'><em>30</em></span> 
     </span>
     <span class='ocr_line' id='line_1_32' title="bbox 31 2350 1710 2434; baseline 0.019 -45"><span class='ocrx_word' id='word_1_312' title='bbox 31 2350 168 2404; x_wconf 81' lang='lat' dir='ltr'><em>puelle</em></span> <span class='ocrx_word' id='word_1_313' title='bbox 192 2357 389 2408; x_wconf 82' lang='lat' dir='ltr'><em>portavit.</em></span> <span class='ocrx_word' id='word_1_314' title='bbox 443 2356 592 2400; x_wconf 89' lang='lat' dir='ltr'><em>Puella</em></span> <span class='ocrx_word' id='word_1_315' title='bbox 623 2369 668 2402; x_wconf 87' lang='lat' dir='ltr'><em>ut</em></span> <span class='ocrx_word' id='word_1_316' title='bbox 697 2365 814 2417; x_wconf 84' lang='lat' dir='ltr'><em>vidit,</em></span> <span class='ocrx_word' id='word_1_317' title='bbox 850 2381 967 2421; x_wconf 84' lang='lat' dir='ltr'><em>quem</em></span> <span class='ocrx_word' id='word_1_318' title='bbox 998 2371 1208 2426; x_wconf 69' lang='lat' dir='ltr'><em>diliqebat‚</em></span> <span class='ocrx_word' id='word_1_319' title='bbox 1242 2375 1323 2415; x_wconf 88' lang='lat' dir='ltr'><em>ait:</em></span> <span class='ocrx_word' id='word_1_320' title='bbox 1356 2375 1572 2432; x_wconf 69' lang='lat' dir='ltr'><em>Maqister,</em></span> <span class='ocrx_word' id='word_1_321' title='bbox 1607 2381 1710 2434; x_wconf 82' lang='lat' dir='ltr'><em>quid</em></span> 
     </span>
     <span class='ocr_line' id='line_1_33' title="bbox 35 2424 1706 2498; baseline 0.02 -38"><span class='ocrx_word' id='word_1_322' title='bbox 35 2427 105 2473; x_wconf 86' lang='lat' dir='ltr'><em>est,</em></span> <span class='ocrx_word' id='word_1_323' title='bbox 141 2424 253 2477; x_wconf 83' lang='lat' dir='ltr'><em>quod</em></span> <span class='ocrx_word' id='word_1_324' title='bbox 282 2426 394 2467; x_wconf 89' lang='lat' dir='ltr'><em>solus</em></span> <span class='ocrx_word' id='word_1_325' title='bbox 424 2429 609 2471; x_wconf 70' lang='lat' dir='ltr'><em>introisti</em></span> <span class='ocrx_word' id='word_1_326' title='bbox 637 2433 682 2473; x_wconf 89' lang='lat' dir='ltr'><em>in</em></span> <span class='ocrx_word' id='word_1_327' title='bbox 713 2435 970 2480; x_wconf 73' lang='lat' dir='ltr'><em>cubiculum?</em></span> <span class='ocrx_word' id='word_1_328' title='bbox 1006 2440 1288 2498; x_wconf 80' lang='lat' dir='ltr'><em>Appollonius</em></span> <span class='ocrx_word' id='word_1_329' title='bbox 1320 2448 1400 2487; x_wconf 88' lang='lat' dir='ltr'><em>ait:</em></span> <span class='ocrx_word' id='word_1_330' title='bbox 1436 2447 1560 2490; x_wconf 86' lang='lat' dir='ltr'><em>Sume</em></span> <span class='ocrx_word' id='word_1_331' title='bbox 1591 2451 1706 2492; x_wconf 89' lang='lat' dir='ltr'><em>codi-</em></span> 
     </span>
     <span class='ocr_line' id='line_1_34' title="bbox 32 2491 1707 2575; baseline 0.019 -44"><span class='ocrx_word' id='word_1_332' title='bbox 32 2491 171 2545; x_wconf 69' lang='lat' dir='ltr'><em>villos,</em></span> <span class='ocrx_word' id='word_1_333' title='bbox 214 2509 315 2549; x_wconf 85' lang='lat' dir='ltr'><em>quos</em></span> <span class='ocrx_word' id='word_1_334' title='bbox 347 2497 425 2538; x_wconf 90' lang='lat' dir='ltr'><em>tibi</em></span> <span class='ocrx_word' id='word_1_335' title='bbox 452 2502 565 2541; x_wconf 80' lang='lat' dir='ltr'><em>misit</em></span> <span class='ocrx_word' id='word_1_336' title='bbox 588 2512 712 2557; x_wconf 84' lang='lat' dir='ltr'><em>pater</em></span> <span class='ocrx_word' id='word_1_337' title='bbox 742 2514 854 2559; x_wconf 86' lang='lat' dir='ltr'><em>tuus,</em></span> <span class='ocrx_word' id='word_1_338' title='bbox 889 2517 925 2550; x_wconf 89' lang='lat' dir='ltr'><em>et</em></span> <span class='ocrx_word' id='word_1_339' title='bbox 956 2511 1065 2565; x_wconf 69' lang='lat' dir='ltr'><em>leye!</em></span> <span class='ocrx_word' id='word_1_340' title='bbox 1107 2514 1258 2556; x_wconf 85' lang='lat' dir='ltr'><em>Puella</em></span> <span class='ocrx_word' id='word_1_341' title='bbox 1288 2518 1444 2558; x_wconf 87' lang='lat' dir='ltr'><em>codices</em></span> <span class='ocrx_word' id='word_1_342' title='bbox 1475 2522 1640 2575; x_wconf 86' lang='lat' dir='ltr'><em>aperuit</em></span> <span class='ocrx_word' id='word_1_343' title='bbox 1669 2529 1707 2563; x_wconf 88' lang='lat' dir='ltr'><em>et</em></span> 
     </span>
     <span class='ocr_line' id='line_1_35' title="bbox 32 2560 1702 2646; baseline 0.019 -44"><span class='ocrx_word' id='word_1_344' title='bbox 32 2560 129 2618; x_wconf 73' lang='lat' dir='ltr'><em>quit</em></span> <span class='ocrx_word' id='word_1_345' title='bbox 157 2566 240 2606; x_wconf 89' lang='lat' dir='ltr'><em>tria</em></span> <span class='ocrx_word' id='word_1_346' title='bbox 270 2570 439 2609; x_wconf 86' lang='lat' dir='ltr'><em>nomina</em></span> <span class='ocrx_word' id='word_1_347' title='bbox 467 2573 702 2627; x_wconf 85' lang='lat' dir='ltr'><em>petitorum,</em></span> <span class='ocrx_word' id='word_1_348' title='bbox 745 2579 1017 2635; x_wconf 79' lang='lat' dir='ltr'><em>projectisque</em></span> <span class='ocrx_word' id='word_1_349' title='bbox 1048 2585 1249 2627; x_wconf 81' lang='lat' dir='ltr'><em>codicillis</em></span> <span class='ocrx_word' id='word_1_350' title='bbox 1286 2590 1507 2643; x_wconf 75' lang='lat' dir='ltr'><em>respiciens</em></span> <span class='ocrx_word' id='word_1_351' title='bbox 1539 2591 1702 2646; x_wconf 82' lang='lat' dir='ltr'><em>Appol-</em></span> 
     </span>
     <span class='ocr_line' id='line_1_36' title="bbox 31 2631 1772 2714; baseline 0.018 -40"><span class='ocrx_word' id='word_1_352' title='bbox 31 2631 187 2676; x_wconf 86' lang='lat' dir='ltr'><em>lonium</em></span> <span class='ocrx_word' id='word_1_353' title='bbox 233 2637 364 2679; x_wconf 65' lang='lat' dir='ltr'><em>dizit:</em></span> <span class='ocrx_word' id='word_1_354' title='bbox 413 2640 615 2697; x_wconf 62' lang='lat' dir='ltr'><em>Mafsister</em></span> <span class='ocrx_word' id='word_1_355' title='bbox 654 2646 905 2703; x_wconf 80' lang='lat' dir='ltr'><em>Appolloni,</em></span> <span class='ocrx_word' id='word_1_356' title='bbox 954 2660 1091 2694; x_wconf 89' lang='lat' dir='ltr'><em>utrum</em></span> <span class='ocrx_word' id='word_1_357' title='bbox 1132 2671 1215 2697; x_wconf 87' lang='lat' dir='ltr'><em>non</em></span> <span class='ocrx_word' id='word_1_358' title='bbox 1253 2658 1386 2711; x_wconf 87' lang='lat' dir='ltr'><em>doles,</em></span> <span class='ocrx_word' id='word_1_359' title='bbox 1435 2662 1547 2714; x_wconf 78' lang='lat' dir='ltr'><em>quod</em></span> <span class='ocrx_word' id='word_1_360' title='bbox 1582 2663 1705 2705; x_wconf 87' lang='lat' dir='ltr'><em>alteri</em></span> <span class='ocrx_word' id='word_1_361' title='bbox 1726 2670 1772 2706; x_wconf 91' lang='lat'><em>35</em></span> 
     </span>
     <span class='ocr_line' id='line_1_37' title="bbox 31 2702 1701 2786; baseline 0.019 -42"><span class='ocrx_word' id='word_1_362' title='bbox 31 2702 150 2746; x_wconf 85' lang='lat' dir='ltr'><em>debeo</em></span> <span class='ocrx_word' id='word_1_363' title='bbox 189 2708 236 2748; x_wconf 86' lang='lat' dir='ltr'><em>in</em></span> <span class='ocrx_word' id='word_1_364' title='bbox 275 2712 583 2754; x_wconf 78' lang='lat' dir='ltr'><em>matrimonium</em></span> <span class='ocrx_word' id='word_1_365' title='bbox 622 2718 764 2758; x_wconf 71' lang='lat' dir='ltr'><em>trudi?</em></span> <span class='ocrx_word' id='word_1_366' title='bbox 812 2720 869 2761; x_wconf 88' lang='lat' dir='ltr'><em>Et</em></span> <span class='ocrx_word' id='word_1_367' title='bbox 898 2722 988 2763; x_wconf 80' lang='lat' dir='ltr'><em>ille.-</em></span> <span class='ocrx_word' id='word_1_368' title='bbox 1028 2724 1149 2778; x_wconf 84' lang='lat' dir='ltr'><em>Non,</em></span> <span class='ocrx_word' id='word_1_369' title='bbox 1192 2730 1292 2782; x_wconf 83' lang='lat' dir='ltr'><em>quia</em></span> <span class='ocrx_word' id='word_1_370' title='bbox 1323 2744 1460 2782; x_wconf 88' lang='lat' dir='ltr'><em>omne,</em></span> <span class='ocrx_word' id='word_1_371' title='bbox 1505 2733 1616 2786; x_wconf 82' lang='lat' dir='ltr'><em>quod</em></span> <span class='ocrx_word' id='word_1_372' title='bbox 1645 2742 1701 2776; x_wconf 85' lang='lat' dir='ltr'><em>est</em></span> 
     </span>
     <span class='ocr_line' id='line_1_38' title="bbox 29 2773 1700 2856; baseline 0.019 -41"><span class='ocrx_word' id='word_1_373' title='bbox 29 2773 106 2816; x_wconf 71' lang='lat' dir='ltr'><em>tibi</em></span> <span class='ocrx_word' id='word_1_374' title='bbox 132 2776 278 2831; x_wconf 77' lang='lat' dir='ltr'><em>honor,</em></span> <span class='ocrx_word' id='word_1_375' title='bbox 312 2783 389 2822; x_wconf 86' lang='lat' dir='ltr'><em>erit</em></span> <span class='ocrx_word' id='word_1_376' title='bbox 427 2791 462 2824; x_wconf 89' lang='lat' dir='ltr'><em>et</em></span> <span class='ocrx_word' id='word_1_377' title='bbox 501 2788 755 2828; x_wconf 85' lang='lat' dir='ltr'><em>commodum</em></span> <span class='ocrx_word' id='word_1_378' title='bbox 792 2804 934 2832; x_wconf 84' lang='lat' dir='ltr'><em>meum.</em></span> <span class='ocrx_word' id='word_1_379' title='bbox 989 2794 1065 2836; x_wconf 84' lang='lat' dir='ltr'><em>Ait</em></span> <span class='ocrx_word' id='word_1_380' title='bbox 1096 2798 1262 2852; x_wconf 79' lang='lat' dir='ltr'><em>puella.-</em></span> <span class='ocrx_word' id='word_1_381' title='bbox 1300 2801 1523 2856; x_wconf 68' lang='lat' dir='ltr'><em>Mayister,</em></span> <span class='ocrx_word' id='word_1_382' title='bbox 1565 2805 1604 2844; x_wconf 85' lang='lat' dir='ltr'><em>si</em></span> <span class='ocrx_word' id='word_1_383' title='bbox 1636 2819 1700 2846; x_wconf 85' lang='lat' dir='ltr'><em>me</em></span> 
     </span>
     <span class='ocr_line' id='line_1_39' title="bbox 29 2851 1696 2928; baseline 0.019 -42"><span class='ocrx_word' id='word_1_384' title='bbox 29 2859 204 2900; x_wconf 88' lang='lat' dir='ltr'><em>amares,</em></span> <span class='ocrx_word' id='word_1_385' title='bbox 253 2851 420 2893; x_wconf 81' lang='lat' dir='ltr'><em>doleres.</em></span> <span class='ocrx_word' id='word_1_386' title='bbox 484 2854 572 2897; x_wconf 88' lang='lat' dir='ltr'><em>Hec</em></span> <span class='ocrx_word' id='word_1_387' title='bbox 610 2858 748 2899; x_wconf 86' lang='lat' dir='ltr'><em>dicens</em></span> <span class='ocrx_word' id='word_1_388' title='bbox 789 2857 890 2913; x_wconf 79' lang='lat'><strong>[123</strong></span> <span class='ocrx_word' id='word_1_389' title='bbox 903 2861 943 2916; x_wconf 92' lang='lat' dir='ltr'><em>b]</em></span> <span class='ocrx_word' id='word_1_390' title='bbox 988 2869 1214 2923; x_wconf 77' lang='lat' dir='ltr'><em>rescripsit,</em></span> <span class='ocrx_word' id='word_1_391' title='bbox 1254 2872 1435 2925; x_wconf 58' lang='lat' dir='ltr'><em>siunai-it</em></span> <span class='ocrx_word' id='word_1_392' title='bbox 1471 2874 1696 2928; x_wconf 83' lang='lat' dir='ltr'><em>codicillos,</em></span> 
     </span>
     <span class='ocr_line' id='line_1_40' title="bbox 28 2917 1698 2997; baseline 0.019 -40"><span class='ocrx_word' id='word_1_393' title='bbox 28 2917 235 2974; x_wconf 76' lang='lat' dir='ltr'><em>traditque</em></span> <span class='ocrx_word' id='word_1_394' title='bbox 265 2921 548 2978; x_wconf 69' lang='lat' dir='ltr'><em>Appollomb,</em></span> <span class='ocrx_word' id='word_1_395' title='bbox 588 2936 634 2969; x_wconf 89' lang='lat' dir='ltr'><em>ut</em></span> <span class='ocrx_word' id='word_1_396' title='bbox 670 2943 735 2971; x_wconf 86' lang='lat' dir='ltr'><em>eos</em></span> <span class='ocrx_word' id='word_1_397' title='bbox 766 2934 856 2987; x_wconf 73' lang='lat' dir='ltr'><em>reyi</em></span> <span class='ocrx_word' id='word_1_398' title='bbox 893 2935 1083 2989; x_wconf 74' lang='lat' dir='ltr'><em>deferret,</em></span> <span class='ocrx_word' id='word_1_399' title='bbox 1125 2947 1163 2980; x_wconf 90' lang='lat' dir='ltr'><em>et</em></span> <span class='ocrx_word' id='word_1_400' title='bbox 1198 2942 1365 2997; x_wconf 81' lang='lat' dir='ltr'><em>scripsit</em></span> <span class='ocrx_word' id='word_1_401' title='bbox 1403 2942 1501 2985; x_wconf 76' lang='lat' dir='ltr'><em>hec.-</em></span> <span class='ocrx_word' id='word_1_402' title='bbox 1540 2944 1630 2988; x_wconf 73' lang='lat' dir='ltr'><em>Rea:</em></span> <span class='ocrx_word' id='word_1_403' title='bbox 1662 2955 1698 2990; x_wconf 85' lang='lat' dir='ltr'><em>et</em></span> 
     </span>
    </p>

    <p class='ocr_par' dir='ltr' id='par_1_4' title="bbox 101 2997 619 3047">
     <span class='ocr_line' id='line_1_41' title="bbox 101 2997 619 3047; baseline 0.021 -16"><span class='ocrx_word' id='word_1_404' title='bbox 101 2997 162 3047; x_wconf 28' lang='lat'><em>‚38</em></span> <span class='ocrx_word' id='word_1_405' title='bbox 186 2997 338 3046; x_wconf 81' lang='lat' dir='ltr'><em>doleres]</em></span> <span class='ocrx_word' id='word_1_406' title='bbox 365 3009 449 3047; x_wconf 70' lang='grc' dir='ltr'><em>ονιζᾳ.</em></span> <span class='ocrx_word' id='word_1_407' title='bbox 467 3004 619 3042; x_wconf 81' lang='lat' dir='ltr'><em>dolores.</em></span> 
     </span>
    </p>
   </div>
  </div>
 </body>
</html>
