1949 3162
1011 39 1095 80 604

217 147 456 202 ponderent.
504 145 561 187 At
592 145 680 188 ille:
722 145 845 188 Michi
877 144 978 187 bene
1012 144 1156 199 placet.
1207 144 1354 186 Statim
1386 144 1483 186 fecit
1514 145 1590 187 sibi
1622 144 1804 186 chartam
1837 145 1886 187 de

216 218 384 273 proprio
417 217 615 270 sanguine
647 230 718 259 suo
752 216 972 270 sigillatam
1005 229 1095 257 cum
1131 228 1202 256 suo
1245 215 1391 268 sigillo.
1445 215 1531 257 Hoc
1570 216 1676 258 facto
1715 216 1887 258 tradidit

218 288 434 331 mercatori
466 288 648 329 cartham
688 291 727 330 et
766 288 920 342 recepit
960 286 1188 341 pecuniam.
1240 285 1358 328 Miles
1397 299 1486 328 cum
1527 288 1738 341 pecuniam
1773 300 1886 330 acce-

216 361 345 415 pisset
375 360 484 401 intra
516 372 559 401 se
592 359 816 413 cogitabat:
857 358 900 399 Si
932 357 1044 399 illam
1078 357 1290 412 pecuniam
1326 357 1540 412 perdidero
1573 359 1678 399 sicut
1708 358 1886 413 priorem

217 444 284 472 ero
317 444 474 486 pauper
506 434 718 486 perpetuo.
772 429 959 471 Perrexit
998 428 1048 469 ad
1089 428 1289 482 quendam
1331 428 1619 483 philosophum
1659 432 1699 471 et
1737 429 1796 471 ait
1827 429 1885 471 ei:

216 501 327 543 Bone
359 502 569 555 magistre,
602 502 674 543 tibi
710 501 836 542 habeo
871 502 1069 541 secretum
1105 498 1283 553 pandere
1316 499 1542 553 quoddam,
1584 503 1623 541 et
1653 499 1779 541 filiam
1811 500 1886 542 im-

217 573 420 628 peratoris
454 572 577 625 diligo
617 576 657 614 et
698 585 788 613 cum
830 585 877 613 ea
918 570 1089 611 conveni
1130 572 1175 610 ut
1216 583 1372 611 mecum
1415 583 1496 611 una
1535 574 1653 613 nocte
1692 571 1889 614 dormiret

216 657 289 699 pro
326 645 437 685 1000
469 643 618 684 marcis
650 642 826 684 florenis.
873 641 926 683 Et
957 642 1092 696 prima
1122 644 1240 682 nocte
1273 645 1313 682 et
1345 641 1524 683 secunda
1554 641 1727 683 dormivi
1760 646 1800 684 et
1831 643 1889 684 sic

216 715 466 756 voluntatem
512 715 551 755 in
591 714 702 756 nullo
740 713 921 769 implevi.
981 711 1074 754 Jam
1127 712 1342 767 pecuniam
1385 726 1408 753 a
1446 713 1622 767 quodam
1661 717 1888 756 mercatore

216 786 422 839 mutuavi,
462 789 502 827 et
540 786 573 826 si
614 785 726 826 illam
769 786 874 827 sicut
912 784 1024 838 prius
1065 783 1281 838 perdidero
1315 784 1506 825 confusus
1539 798 1627 826 sum
1669 798 1765 838 ego3
1799 785 1885 838 jam

217 858 267 899 ad
299 862 339 900 te
372 857 463 899 veni
496 860 541 898 ut
572 857 695 898 sciam
731 856 934 911 quomodo
964 855 1121 910 possim
1148 868 1212 896 me
1234 855 1368 910 ipsum
1393 855 1551 897 salvare
1584 869 1607 897 a
1638 856 1889 898 dormicione

216 942 266 970 116
304 932 389 970 tam
429 928 574 970 leviter
613 929 798 970 amittam
840 927 947 982 quod
986 930 1068 967 tam
1109 939 1200 967 care
1239 928 1437 968 mutuavi.
1489 927 1561 968 Ait
1600 927 1887 982 philosophus:

216 999 326 1041 Inter
365 1000 665 1054 coopertorium
709 999 843 1054 puelle
884 1001 923 1040 et
962 997 1211 1039 lintheamen
1246 998 1334 1040 dico
1375 998 1449 1040 tibi
1482 999 1592 1052 jacet
1629 1011 1710 1039 una
1748 997 1889 1040 cartha

215 1070 370 1112 habens
402 1070 515 1112 illam
549 1071 755 1124 virtutem,
790 1069 898 1124 quod
931 1069 1160 1123 quicunque
1182 1069 1310 1111 intrat
1332 1069 1479 1111 lectum
1504 1069 1644 1111 statim
1667 1082 1888 1124 oppressus

216 1143 270 1184 sit
309 1155 502 1198 sompno,
544 1142 672 1184 donec
711 1156 734 1183 a
772 1141 908 1196 puella
948 1141 1159 1182 excitetur.
1214 1140 1276 1182 De
1314 1140 1390 1181 hoc
1429 1155 1518 1182 sum
1560 1144 1753 1196 expertus
1794 1141 1890 1195 quia

216 1217 369 1256 cartam
405 1213 604 1255 ordinavi.
640 1212 719 1255 Sed
752 1213 882 1254 dicam
916 1212 991 1253 tibi
1024 1212 1224 1266 quomodo
1256 1211 1405 1254 habeas
1428 1212 1618 1267 puellam.
1651 1211 1887 1266 Antequam

217 1285 413 1327 ascendas
444 1284 592 1326 lectum
635 1289 787 1326 cartam
831 1284 1048 1337 diligenter
1087 1297 1233 1338 queras
1275 1284 1435 1339 private
1476 1286 1516 1325 et
1553 1297 1643 1326 cum
1681 1283 1888 1325 inveneris

216 1356 336 1410 longe
375 1370 398 1398 a
436 1356 540 1398 lecto
579 1356 772 1411 projicias
813 1360 852 1397 et
890 1359 987 1397 tunc
1028 1355 1220 1397 audacter
1258 1355 1368 1396 intra
1407 1359 1447 1396 et
1484 1354 1734 1410 voluptatem
1774 1359 1888 1397 tuam

218 1428 433 1471 obtinebis.
467 1427 584 1470 Miles
619 1441 712 1469 vero
746 1427 929 1482 perrexit
961 1427 1012 1468 ad
1034 1426 1226 1481 puellam,
1259 1426 1430 1468 tradidit
1461 1426 1497 1468 ei
1519 1427 1747 1481 pecuniam.
1786 1426 1888 1469 Cum

217 1514 311 1542 vero
360 1513 440 1541 nox
490 1499 670 1552 adesset,
719 1498 835 1541 miles
875 1499 1121 1541 vestimenta
1160 1498 1350 1553 deposuit
1388 1501 1428 1539 et
1474 1501 1693 1552 antequam
1738 1498 1888 1540 lectum

218 1571 448 1613 ascenderit
477 1571 585 1612 inter
617 1571 917 1626 coopertorium
961 1574 1001 1612 et
1037 1569 1289 1611 lintheamen
1328 1569 1512 1612 cartham
1550 1569 1726 1623 invenit,
1767 1583 1888 1624 quam

216 1643 336 1696 longe
369 1656 392 1684 a
422 1642 527 1684 lecto
559 1643 742 1697 projecit.
796 1641 884 1684 Hoc
923 1642 1031 1684 facto
1071 1641 1223 1683 lectum
1256 1640 1439 1682 ascendit
1479 1643 1520 1682 et
1559 1654 1602 1683 se
1639 1640 1760 1683 finxit
1796 1640 1889 1683 dor-

217 1714 332 1756 mire.
372 1713 515 1756 Puella
546 1727 642 1755 vero
676 1713 799 1755 simili
832 1713 953 1755 modo
987 1713 1232 1755 vestimenta
1264 1712 1454 1767 deposuit
1486 1715 1526 1754 et
1555 1712 1750 1766 ignorans
1782 1713 1890 1767 quod

218 1785 360 1827 cartha
396 1785 543 1826 fuisset
583 1785 733 1827 ablata.
788 1784 935 1826 Statim
977 1789 1112 1826 autem
1144 1797 1233 1826 cum
1273 1783 1423 1826 lectum
1464 1783 1733 1837 ascendisset,
1771 1784 1889 1826 miles

217 1870 385 1898 manum
419 1856 469 1897 ad
502 1870 594 1898 eum
626 1857 784 1912 posuit3
823 1856 963 1911 puella
995 1860 1129 1898 autem
1169 1856 1245 1897 ait:
1285 1855 1317 1897 0
1351 1855 1532 1910 domine,
1575 1855 1747 1911 decepta
1784 1869 1889 1909 sum,

218 1932 347 1969 totam
379 1927 595 1983 pecuniam
629 1941 750 1982 quam
784 1928 909 1969 michi
940 1928 1090 1969 dedisti
1121 1928 1193 1969 tibi
1235 1927 1403 1969 reddam
1435 1930 1476 1969 et
1507 1940 1571 1969 me
1607 1927 1766 1969 illesam
1798 1940 1891 1982 per-

219 2000 359 2041 mittas
393 2000 517 2041 abire.
571 1998 648 2048 Qui
687 1999 765 2040 ait:
805 1999 850 2040 ln
881 2012 1031 2040 vanum
1064 1999 1256 2053 loqueris.
1311 1998 1395 2049 Que
1435 1999 1510 2041 ait:
1551 1998 1643 2041 Tibi
1674 1999 1890 2054 pecuniam

219 2071 448 2126 duplicabO.
488 2070 561 2111 Ait
592 2070 731 2112 miles:
764 2070 819 2112 Et
850 2071 882 2111 si
914 2071 1132 2125 imperium
1157 2070 1286 2126 patris
1318 2070 1378 2111 tui
1410 2070 1533 2112 michi
1565 2070 1682 2112 dares
1713 2069 1788 2112 tibi
1808 2083 1891 2112 non

219 2142 451 2184 concedam.
504 2141 619 2183 Fecit
650 2155 741 2183 cum
775 2155 823 2183 ea
855 2142 1105 2183 voluntatem
1139 2155 1268 2183 suam.
1323 2142 1472 2183 Statim
1511 2141 1792 2195 conglutinata
1829 2144 1893 2183 est

221 2214 357 2255 anima
394 2213 528 2268 puelle
567 2226 659 2254 cum
699 2226 744 2254 eo
786 2216 826 2255 et
864 2213 972 2254 ultra
1014 2213 1180 2253 modum
1221 2226 1312 2254 eum
1354 2212 1518 2265 dilexit,
1558 2212 1675 2254 miles
1715 2226 1810 2254 vero
1847 2212 1891 2254 in

219 2288 379 2326 tantum
423 2298 511 2325 eam
561 2285 788 2337 adamavit,
837 2284 945 2338 quod
984 2284 1148 2325 transiit
1186 2297 1307 2326 unam
1349 2284 1599 2338 quindenam
1637 2283 1745 2326 ultra
1782 2283 1891 2326 diem

219 2356 485 2398 constitutum
519 2356 626 2397 inter
657 2355 774 2397 illum
807 2359 847 2397 et
877 2358 1147 2397 mercatorem
1189 2359 1229 2397 et
1259 2355 1430 2397 tradidit
1461 2355 1657 2397 oblivioni
1688 2354 1890 2410 quomodo

219 2427 438 2469 mercatori
478 2430 586 2469 esset
625 2426 840 2480 obligatus.
894 2426 997 2468 Cum
1039 2430 1174 2468 autem
1216 2426 1341 2468 semel
1378 2427 1420 2468 111
1459 2426 1563 2469 16610
1595 2440 1668 2468 suo
1693 2426 1892 2480 jacuisset

220 2499 272 2540 ad
303 2498 543 2540 memoriam
576 2498 761 2551 reduxit,
804 2497 1005 2552 quomodo
1037 2497 1256 2539 mercatori
1288 2497 1490 2551 obligatus
1529 2501 1656 2550 esset3
1697 2497 1909 2553 suspiria„

220 2570 396 2622 gemitus
429 2573 469 2611 et
498 2568 616 2610 fletus
650 2569 774 2610 misit.
813 2569 997 2611 Audiens
1029 2569 1101 2610 hec
1135 2568 1282 2623 puella,
1316 2570 1393 2611 ait:
1427 2569 1459 2611 O
1492 2569 1668 2622 domine,
1701 2569 1797 2623 quid
1829 2571 1892 2611 est

220 2641 322 2682 tibi?
370 2640 451 2682 Cur
482 2644 641 2681 tantum
677 2639 872 2693 affligitur
904 2640 1041 2682 anima
1072 2640 1166 2682 tua?
1215 2640 1290 2690 Qui
1324 2641 1398 2682 ait:
1439 2640 1528 2682 Heu
1561 2640 1698 2693 michi,
1729 2643 1890 2682 tantum

221 2716 259 2754 te
293 2712 418 2753 dilexi
450 2711 556 2765 quod
589 2724 662 2766 pro
695 2715 765 2752 tuo
798 2725 936 2753 amore
967 2711 1074 2753 filius
1106 2712 1250 2754 mortis
1288 2713 1397 2753 sum!
1451 2712 1508 2753 At
1543 2711 1635 2753 illa:
1675 2711 1753 2753 Dic
1792 2725 1890 2766 quo-

222 2783 354 2825 modo.
402 2782 629 2837 Respondit
661 2782 799 2824 miles:
841 2783 1053 2836 Obligatus
1087 2797 1174 2825 sum
1209 2784 1280 2824 uni
1311 2784 1528 2825 mercatori
1561 2783 1603 2824 in
1633 2782 1707 2824 tali
1738 2783 1888 2824 forma:

221 2853 380 2895 Defecit
412 2853 535 2894 michi
568 2853 743 2909 pecunia
774 2858 819 2895 ut
855 2854 930 2896 tibi
971 2854 1192 2908 solverem,
1232 2855 1417 2896 mutuavi
1457 2854 1506 2896 ab
1544 2867 1624 2895 uno
1664 2857 1890 2896 mercatore

228 2926 338 2966 1000
370 2938 530 2967 marcas
571 2925 659 2967 auri
697 2925 754 2966 ita
797 2926 903 2980 quod
945 2926 979 2967 si
1019 2939 1098 2967 non
1132 2926 1329 2967 solverem
1363 2925 1428 2968 die
1461 2925 1668 2978 assignata
1698 2926 1788 2980 ipse
1818 2938 1891 2980 po-
