1919 3157
875 63 958 103 (383

78 167 235 221 gracie,
277 172 316 209 et
357 168 411 210 ibi
451 172 640 223 expectet
680 182 752 223 per
792 183 800 208 ι
847 182 974 210 annos
1014 168 1089 210 hoc
1128 172 1189 209 est
1227 168 1355 210 donee
1391 168 1595 223 perfectus
1635 167 1759 209 fuerit

79 239 119 280 in
153 243 308 293 septem
343 239 534 294 operibus
575 239 866 281 misericordie.
918 239 1017 282 Item
1051 239 1196 280 statuit
1234 239 1341 293 quod
1381 239 1552 293 quilibet
1582 239 1757 294 despon-

78 314 192 351 satus
225 309 391 352 haberet
423 309 654 364 lampadem
691 324 902 351 accensam
936 310 961 351 i.
987 323 1019 352 e.
1045 323 1114 351 cor
1146 309 1419 351 illuminatum
1451 311 1588 363 gracia
1619 310 1758 351 divina

78 379 251 433 signata.
301 380 355 421 Et
387 380 460 421 1100
494 386 555 422 est
586 381 692 434 quod
727 381 824 422 dicit
857 380 1009 422 David:
1046 380 1235 421 lllumina
1261 380 1397 421 oculos
1421 394 1532 422 meos
1556 381 1580 421 i.
1605 394 1637 422 e.
1663 394 1757 422 ocu-

78 449 139 492 los
178 450 311 492 cordis
350 452 453 503 mei,
496 452 603 505 quod
644 451 778 492 nullus
817 464 905 493 eam
945 451 1161 504 accendat,
1201 451 1280 492 nisi
1311 450 1426 504 'virgo
1461 465 1538 506 que
1571 456 1632 493 est
1663 464 1758 493 con-

79 521 251 562 scientia
298 535 402 576 pura
448 526 488 563 et
527 522 600 564 deo
643 522 810 574 devota,
850 535 926 575 que
964 521 1088 563 habet
1125 534 1193 563 cor
1231 521 1463 576 lampadem
1512 522 1756 566 illuminare.

79 590 192 633 Uxor
223 605 344 645 quam
377 591 484 633 filius
517 593 779 648 imperatoris
811 592 1077 646 desponsavit
1107 595 1216 634 certe
1249 597 1310 634 est
1331 594 1454 646 racio,
1478 594 1541 635 cui
1565 593 1759 635 debemus

79 661 252 704 firmiter
284 663 479 705 adherere
512 667 551 705 et
584 664 619 704 ei
653 663 818 704 anulum
854 664 1004 704 amoris
1037 663 1220 715 tradere,
1260 663 1318 704 ita
1357 664 1462 718 quod
1496 664 1606 705 nullo
1639 663 1758 705 modo

81 732 234 787 aliquid
266 733 392 775 facias
426 734 503 775 nisi
539 734 644 787 quod
677 734 787 775 racio
821 733 968 786 dictat,
1002 740 1039 775 et
1073 739 1169 776 tunc
1201 735 1354 788 poteris
1387 748 1528 777 secure
1561 735 1759 787 virginem

79 803 165 844 scil.
189 805 484 846 conscienciam
521 818 689 859 querere
732 809 768 845 et
803 804 878 846 1100
911 818 983 859 per
1016 805 1178 846 diversa
1210 818 1335 857 regna
1375 806 1459 847 scil.
1494 819 1567 860 per
1599 806 1762 847 diversa

80 887 205 929 opera
237 875 528 917 misericordie.
578 875 632 916 Et
663 876 704 916 in
740 875 803 916 via
836 876 972 930 sepius
1005 876 1161 917 leonem
1204 876 1387 917 invenies
1426 890 1515 918 cum
1559 877 1679 932 spina
1718 877 1759 918 in

82 945 203 1000 pede,
247 947 438 999 quociens
479 945 632 1000 aliquid
667 951 851 987 nostrum
892 950 1030 1001 portat
1069 951 1293 1001 peccatum.
1359 946 1401 988 Si
1441 947 1516 988 1100
1547 953 1759 1002 peccatum

81 1015 138 1057 ab'
164 1015 300 1070 aliquo
333 1017 550 1059 abstuleris
583 1031 656 1072 per
689 1017 838 1058 bonum
872 1017 1105 1072 exemplum
1149 1021 1188 1059 et
1229 1031 1331 1072 opus
1364 1019 1612 1070 virtuosum,
1651 1022 1761 1060 certe

81 1086 155 1128 deo
187 1087 318 1129 fecisti
345 1088 466 1141 juxta
497 1088 617 1129 illud:
652 1087 765 1138 Quod
789 1088 859 1129 11111
893 1102 941 1130 ex
966 1088 1147 1130 minimis
1170 1089 1271 1130 meis
1293 1089 1447 1130 fecistis
1470 1089 1570 1130 mihi
1592 1089 1759 1131 fecistis.

81 1156 197 1199 Unde
236 1158 407 1212 quilibet
444 1165 628 1201 nostrum
670 1160 738 1213 qui
780 1159 866 1200 vult
905 1160 1104 1212 virginem
1145 1160 1171 1201 i.
1204 1173 1236 1201 e.
1277 1173 1422 1215 puram
1463 1159 1759 1201 conscienciam

82 1227 245 1281 habere,
279 1234 441 1284 oportet
473 1230 580 1284 quod
613 1230 894 1285 compaciatur
927 1230 1189 1286 pauperibus,
1224 1235 1263 1272 et
1294 1231 1353 1272 sic
1385 1230 1511 1271 filiam
1534 1231 1642 1283 regis
1664 1231 1690 1272 i.
1726 1243 1759 1272 e.

82 1300 275 1342 mundam
311 1301 488 1342 animam
524 1302 677 1356 poteris
709 1301 905 1343 invenire.

758 1554 858 1608 ⁶279,
893 1566 996 1608 app.
1021 1553 1094 1597 83.

201 1654 389 1711 Olimpus
430 1657 470 1698 in
509 1657 675 1698 civitate
717 1669 889 1697 romana
927 1656 1135 1709 regnavit,
1169 1656 1237 1710 qui
1277 1655 1477 1709 virginem
1518 1656 1560 1696 in
1592 1667 1762 1696 uxorem

85 1726 331 1781 accipiebat,
373 1741 450 1782 que
490 1728 677 1782 concepit
710 1731 750 1769 et
786 1727 957 1783 peperit.
1012 1726 1116 1769 Erat
1156 1731 1253 1768 tunc
1283 1726 1348 1769 lex
1389 1726 1518 1779 edita,
1560 1724 1762 1780 quomodo

85 1796 264 1851 quelibet
309 1797 456 1840 mulier
502 1799 543 1840 in
585 1798 875 1854 purificaeione
915 1798 1126 1840 accederet
1168 1802 1208 1839 et
1248 1798 1330 1839 tria
1367 1797 1492 1839 verba
1530 1795 1684 1838 nobilia
1720 1795 1762 1836 in

84 1869 189 1910 ostio
222 1868 390 1911 ecclesie
422 1869 700 1911 scriberentur
734 1869 784 1910 ad
817 1869 1121 1911 edificacionem
1154 1868 1316 1924 populi3
1350 1868 1425 1910 1100
1456 1868 1563 1910 facto
1597 1867 1762 1908 domum

87 1939 326 1981 solemniter
381 1944 582 1995 pergeret.
658 1940 822 1982 Accidit
873 1940 977 1994 quod
1030 1940 1274 1995 imperatrix
1325 1938 1532 1995 purificari
1585 1938 1764 1991 deberet,

85 2010 284 2066 templum
325 2011 496 2052 intravit
535 2016 575 2052 et
614 2015 707 2066 post
739 2011 1068 2066 purificacionem
1111 2011 1191 2053 ista
1222 2011 1346 2053 verba
1379 2024 1456 2065 que
1489 2014 1681 2052 secuntur
1721 2009 1763 2050 in

87 2082 191 2123 ostio
225 2081 346 2123 scribi
378 2082 494 2124 fecit:
526 2081 611 2124 Rex
645 2096 733 2123 sum
767 2096 913 2136 regens
946 2082 1140 2125 seculum.
1189 2081 1304 2124 Mens
1338 2086 1400 2123 est
1430 2081 1606 2123 mundus
1639 2084 1761 2122 totus.

85 2152 250 2194 Accidit
280 2157 423 2207 postea
455 2153 561 2206 quod
594 2153 768 2207 quedam
802 2153 950 2195 nobilis
974 2153 1141 2195 domina
1173 2166 1220 2194 ac
1247 2166 1445 2205 generosa
1478 2152 1528 2194 ad
1550 2151 1762 2194 ecclesiam

86 2224 270 2279 perrexit
315 2236 439 2264 causa
475 2223 778 2278 purificacionis
825 2228 865 2266 et
909 2225 1043 2280 ipsam
1090 2224 1364 2280 precedebant
1411 2224 1573 2265 diversa
1614 2236 1765 2277 genera

86 2294 349 2337 musicorum.
405 2294 649 2349 Imperatrix
690 2299 778 2337 erat
816 2295 859 2336 111
889 2295 1071 2337 fenestra
1110 2296 1234 2337 castri
1273 2299 1313 2336 et
1352 2308 1443 2336 cum
1485 2295 1556 2336 1100
1595 2294 1766 2335 vidisset

87 2366 225 2407 statim
266 2366 308 2406 in
349 2365 469 2406 corde
508 2378 580 2406 suo
621 2365 800 2408 dicebat:
852 2365 936 2408 Hec
973 2365 1122 2409 mulier
1167 2379 1257 2407 cum
1305 2369 1420 2407 tanta
1459 2365 1673 2407 nobilitate
1713 2364 1764 2406 ad

87 2436 387 2492 purificandum
426 2437 582 2490 pergit,
624 2450 705 2477 non
742 2435 813 2478 fiet
850 2437 908 2478 ita
949 2437 1045 2491 quia
1085 2437 1135 2479 de
1175 2450 1224 2479 ea
1270 2437 1519 2478 vindicabor.
1580 2435 1766 2478 Providit

88 2507 167 2550 sibi
207 2507 255 2549 de
296 2507 452 2548 duobus
492 2507 764 2562 serpentibus.
820 2507 998 2549 Domina
1035 2522 1130 2550 vero
1171 2522 1262 2549 cum
1296 2507 1511 2563 purificata
1548 2507 1695 2549 fuisset
1725 2510 1765 2549 et

88 2578 277 2620 recedere
309 2577 518 2619 debuisset
548 2577 589 2618 in
623 2578 726 2619 ostio
766 2578 888 2619 scribi
929 2579 1042 2620 fecit:
1086 2578 1223 2620 Infans
1265 2592 1377 2632 sum,
1421 2579 1472 2620 ad
1505 2578 1631 2620 ubera
1660 2577 1766 2619 lacte

89 2649 184 2690 vino
223 2662 325 2704 puro
366 2649 559 2689 nutritus.
617 2648 703 2689 Hoc
734 2649 840 2689 facto
881 2649 1045 2690 domum
1080 2649 1202 2691 rediit
1234 2653 1274 2691 et
1304 2663 1498 2702 magnum
1532 2647 1764 2690 convivium

88 2719 197 2762 fecit.
265 2718 400 2760 Finito
440 2718 626 2760 convivio
669 2719 912 2774 imperatrix
954 2720 1148 2761 nuncium
1190 2720 1239 2761 ad
1280 2733 1367 2761 eam
1410 2719 1540 2772 misit,
1588 2723 1634 2760 ut
1678 2719 1766 2761 sine

90 2789 285 2832 ulteriore
326 2789 528 2831 dilacione
569 2789 618 2830 ad
660 2803 747 2831 eam
783 2790 952 2832 veniret.
1008 2789 1187 2832 Domina
1226 2804 1321 2833 vero
1360 2791 1410 2832 ad
1443 2803 1531 2832 eam
1571 2790 1764 2845 perrexit.

91 2859 193 2903 Cum
235 2864 370 2902 autem
419 2873 623 2902 cameram
663 2861 939 2915 imperatricis
985 2861 1200 2915 intrasset,
1248 2860 1467 2903 honorifice
1513 2874 1601 2902 eam
1649 2859 1766 2902 flexis

92 2931 263 2984 genibus
297 2930 505 2972 salutavit.
562 2931 619 2972 At
650 2931 739 2972 illa:
772 2930 944 2973 Constat
973 2931 1047 2973 tibi
1080 2945 1205 2986 quare
1238 2946 1310 2988 pro
1343 2936 1382 2974 te
1413 2931 1534 2974 misi?
1572 2932 1645 2974 Ait
1674 2931 1764 2976 illa:
