1949 3162
993 76 1076 116 696

200 181 267 224 De
297 180 491 222 divitibus
532 180 680 235 quibus
711 183 835 223 datur
865 190 900 223 et
927 181 1183 238 pauperibus
1223 182 1370 237 quibus
1400 183 1447 223 id
1485 182 1596 237 quod
1625 180 1771 222 liabent
1800 180 1871 222 ab·

287 251 500 303 strabitur,
549 253 750 306 quomodo
799 254 896 294 deus
943 254 1174 294 eternaliter
1211 268 1276 294 eos
1314 260 1547 294 remunerat
1576 267 1656 308 per
1694 252 1872 294 celestem

284 323 468 377 patriam
503 321 596 362 131.

199 392 267 434 De
297 393 451 433 invidis
483 394 557 448 qui
586 392 711 433 bonos
737 409 818 449 per
846 394 999 434 malam
1029 396 1157 435 vitam
1186 394 1374 446 inficiunt
1406 393 1499 434 132.

199 463 267 505 De
297 464 514 519 spirituali
542 465 732 504 amicicia
767 464 862 505 133.

200 534 267 576 De
296 536 506 575 innocenti
534 543 662 575 morte
693 533 847 576 Christi
885 535 978 575 134.

200 605 268 647 De
299 606 553 646 consciencia
574 613 717 646 nostra
749 620 825 660 que
847 606 943 645 dum
965 608 1227 660 anyustiatur
1257 608 1314 647 aol
1339 608 1456 648 deum
1481 621 1562 662 per
1583 606 1874 661 confessionem

293 683 330 717 et
361 690 487 731 opera
516 676 730 716 meritoria
760 690 1022 716 recurramus
1057 676 1150 717 135.

204 745 326 798 Quod
354 746 530 801 viyilare
561 745 673 787 debet
697 754 846 802 pastor
877 748 1111 787 animarum
1145 747 1239 789 136.

201 817 268 858 De
299 816 546 872 beni-onitate
574 815 727 858 Christi
756 826 824 859 etc.
857 819 1020 873 require
1044 827 1141 873 post
1170 819 1264 859 163.
1308 817 1414 868 (Wie
1445 818 1488 859 in
1519 816 1653 859 vielen
1683 819 1875 871 spfiteren

289 887 470 928 drueken
500 886 715 938 verstellt.)

202 958 269 1000 De
311 959 397 999 illis
438 973 539 1013 quos
579 960 813 999 austeritate
852 961 1012 999 'vincere
1056 974 1138 1000 non
1178 974 1395 1014 possumus
1442 959 1689 1014 beniqnitate
1732 973 1876 1015 super·-

291 1044 401 1070 emus
436 1028 531 1069 138.

203 1099 270 1142 De
299 1099 536 1141 vulneribus
568 1101 703 1140 anime
735 1099 829 1140 139.

205 1171 273 1212 De
285 1171 460 1224 justicia
481 1178 518 1211 et
540 1172 715 1225 equitate
735 1172 780 1211 in
801 1172 887 1212 vita
903 1173 1089 1226 presenti
1104 1178 1140 1211 et
1149 1170 1305 1224 futura
1329 1186 1486 1226 semper
1500 1172 1762 1212 imminendis
1783 1169 1875 1211 140.

204 1241 270 1283 De
301 1256 401 1282 sano
435 1241 605 1282 consilio
638 1256 796 1296 semper
827 1243 1032 1282 audiendo
1067 1250 1102 1282 et
1132 1244 1338 1283 contrario
1372 1242 1600 1295 abjiciendo
1637 1241 1730 1282 141.

204 1312 271 1354 De
302 1312 461 1353 diaboli
490 1313 647 1367 laqueis
680 1311 827 1367 quibus
858 1327 933 1353 nos
963 1313 1246 1368 multipliciter
1277 1315 1568 1354 circumvenire
1597 1314 1750 1367 sataqit
1782 1311 1876 1353 142.

204 1383 271 1426 De
301 1385 444 1424 timore
475 1385 643 1424 extremi
661 1383 820 1436 judicii
851 1383 945 1424 143.

203 1454 271 1497 De
301 1462 409 1496 statu
438 1455 585 1495 mundi
614 1455 770 1496 actuali
807 1454 901 1495 144.

209 1523 306 1579 [161
321 1523 360 1579 b]
395 1525 462 1566 De
483 1527 553 1566 via
574 1526 718 1566 salutis
741 1540 865 1580 quam
882 1527 1071 1567 dominus
1094 1527 1191 1567 deus
1211 1541 1286 1581 per
1296 1526 1437 1579 filium
1457 1541 1576 1567 suum
1597 1527 1761 1582 aperuit
1783 1523 1878 1566 145.

204 1596 271 1639 De
305 1596 569 1652 principibus
616 1605 652 1637 et
696 1597 791 1637 aliis
835 1597 1096 1653 maqnatz'bus
1130 1597 1305 1652 fortiter
1349 1598 1573 1653 aryuendis
1613 1612 1696 1653 pro
1742 1611 1881 1638 eorum

281 1667 508 1722 forefactis
544 1667 636 1708 146.
1619 1660 1622 1663 ⁴

205 1738 273 1780 De
296 1741 461 1795 peccati
489 1753 639 1779 veneno
673 1739 784 1793 quod
814 1741 998 1779 animum
1028 1740 1229 1780 intoxicat
1262 1738 1356 1780 147.

209 1808 332 1861 Quod
357 1818 572 1865 peccatum
602 1809 668 1850 hic
697 1809 761 1850 vel
791 1809 894 1850 alibi
923 1812 1144 1851 certissime
1169 1811 1368 1865 punietur
1403 1809 1497 1850 148.

206 1880 274 1922 De
302 1896 413 1922 vana
440 1881 579 1936 9loria
611 1895 737 1935 quam
766 1881 896 1922 multa
925 1882 1038 1922 mala
1068 1889 1293 1936 sequuntur
1327 1881 1421 1922 149.

207 1951 274 1993 De
304 1966 397 1992 rore
428 1952 581 1993 celestis
609 1953 750 2007 97²cicie
785 1952 879 1992 150.

208 2022 276 2064 De
306 2025 447 2064 anima
476 2025 702 2079 peccatrice
730 2037 805 2078 per
833 2024 994 2078 peccati
1013 2023 1172 2078 lepram
1192 2023 1345 2077 infecta
1368 2023 1569 2078 quomodo
1592 2029 1762 2063 curatur
1785 2020 1879 2062 151.

213 2095 333 2146 Quod
363 2092 544 2135 Christus
576 2094 625 2134 ab
658 2096 803 2135 eternis
829 2094 1030 2150 periculis
1062 2103 1098 2135 et
1128 2095 1344 2135 demonum
1367 2093 1647 2135 obsidionibus
1677 2107 1751 2134 nos
1783 2092 1880 2133 libe-

296 2166 407 2206 ravit
438 2164 533 2205 152.

211 2237 279 2279 De
314 2236 583 2277 tribulacione
628 2237 846 2291 temporali
891 2251 967 2291 que
1011 2238 1055 2277 in
1098 2237 1301 2291 ‚caudium
1345 2237 1635 2292 sempiternum
1678 2242 1881 2290 postremo

300 2306 613 2349 commutabitur
646 2306 740 2347 153.

211 2379 278 2421 De
308 2378 443 2419 celesti
469 2379 611 2433 patria
645 2377 740 2418 154.

211 2450 278 2492 De
308 2450 428 2490 moclo
454 2463 597 2504 puyne
626 2450 671 2489 in
695 2450 894 2504 passione
926 2447 1079 2492 Christi
1109 2459 1251 2491 contra
1283 2449 1493 2491 diabolum
1526 2448 1621 2490 155.

211 2522 278 2564 De
310 2535 434 2561 causa
465 2520 739 2561 subversionis
776 2519 898 2573 Troje
933 2519 1026 2561 156.

214 2592 280 2634 De
308 2606 417 2647 pena
440 2598 705 2646 peccatorum
735 2606 819 2631 non
849 2591 1192 2646 satiffacientium
1216 2606 1299 2647 pro
1331 2591 1488 2632 delictis
1522 2589 1616 2631 157.

214 2664 280 2705 De
303 2663 576 2718 perpetuitate
606 2663 740 2702 anime
774 2661 869 2702 158.

215 2734 280 2775 De
309 2734 545 2774 invencione
574 2734 787 2772 vinearum
820 2731 913 2773 159.

219 2805 282 2845 De
311 2804 554 2845 retractione
585 2803 743 2844 diaboli
771 2818 820 2843 ne
851 2803 1001 2844 bonum
1032 2819 1259 2859 operemur,
1293 2812 1330 2845 et
1352 2804 1573 2859 presertim
1602 2810 1647 2844 ut
1675 2802 1885 2843 ecclesiam

303 2890 431 2930 usque
462 2875 518 2915 ad
548 2874 853 2930 completionem
884 2876 1120 2916 divinorum
1150 2890 1233 2917 non
1264 2876 1524 2930 eyrecliamur
1556 2874 1650 2914 160.
1663 2868 1697 2922 *)

309 2952 349 2997 ὗε)
376 2953 611 2998 egrediamur]
640 2959 722 3000 oriy.
741 2954 992 2997 ingrediamur.
