1949 3162
967 96 1053 138 524

168 212 204 245 et
235 219 306 259 esso
329 203 468 256 filiam
500 203 576 243 tibi
605 204 800 255 similem,
842 204 891 244 (16
924 218 1006 258 qua
1037 204 1190 244 similes
1231 218 1349 244 casus
1388 211 1531 244 metuo.
1586 202 1674 244 Hec
1714 204 1852 244 dicens

169 276 281 316 dedit
312 276 350 315 ei
379 289 439 315 xx
473 289 619 315 aureos
651 276 810 316 dicens:
843 275 950 315 Ecce
981 274 1103 315 liabes
1125 275 1305 329 amplius
1333 289 1413 329 pro
1440 275 1691 329 virginitate,
1727 288 1852 329 quam

168 347 405 401 impositum
448 353 514 386 est.
570 345 654 387 Dic
686 345 1015 397 advenientibus,
1058 346 1164 386 sicut
1193 346 1297 386 milei
1327 347 1491 397 (utristi,
1532 354 1569 386 et
1599 345 1849 387 liberaberis.

169 418 318 458 Puella
349 417 538 472 profusis
572 418 754 458 lacrimis
787 418 866 457 ait:
908 417 997 471 qu
1027 418 1178 471 pietati
1208 424 1272 457 tue
1300 418 1468 472 qracias
1499 432 1593 472 ayo,
1627 425 1663 457 et
1691 431 1742 458 ne
1772 417 1852 458 ali-

97 491 118 526 5
168 489 236 529 cui
264 502 424 540 narres,
460 503 536 543 que
568 504 593 529 a
624 502 687 528 me
718 488 900 528 audisti!
950 487 1225 543 Atleanaqora
1257 490 1337 529 ait:
1378 488 1478 529 Nisi
1506 502 1733 529 narravero
1762 488 1853 540 filie

167 574 264 611 mee,
299 574 389 599 cum
421 560 478 600 ad
508 560 630 600 talem
662 567 804 599 etatem
835 560 1078 614 pervenerit,
1113 559 1287 599 similem
1319 574 1459 600 casum
1479 574 1529 600 ne
1554 560 1757 614 patiatur.
1798 558 1855 600 Et

168 646 259 671 cum
292 631 474 671 lacrimis
507 631 702 671 discessit.
738 629 816 671 Cui
846 631 1008 670 meanti
1039 630 1219 671 obviavit
1249 632 1287 671 ei
1316 631 1424 671 alius
1458 638 1495 671 et
1525 631 1605 671 ait:
1640 630 1852 680 Quomodo

168 702 245 743 tibi
283 703 470 742 convenit
506 717 597 742 cum
635 702 805 757 puella?
858 701 932 743 Ait
966 703 1184 756 princeps:
1225 701 1325 743 Non
1357 709 1493 757 potest
1536 701 1692 742 melius.
1745 701 1855 742 Erat

168 775 275 814 enim
307 774 447 814 tristis.
493 773 673 814 Intravit
694 773 877 826 juvenis,
907 774 1050 828 puella
1081 787 1193 813 more
1224 773 1343 814 solito
1377 774 1525 813 ostium
1557 773 1724 813 claudit.
1778 770 1856 814 Cui

99 848 141 882 10
158 845 326 898 juvenis
359 846 442 885 ait:
486 844 695 896 Quantum
727 846 840 886 (ledit
870 844 946 885 tibi
981 844 1205 899 princeps?
1254 844 1330 885 Ait
1358 844 1520 899 puella:
1562 844 1855 899 Quadraqinta

168 931 325 957 aureos.
366 916 423 957 Et
453 916 545 957 ille:
579 915 734 971 Accipe
764 918 967 971 inteqram
1000 915 1150 956 libram
1182 917 1302 956 auri!
1331 916 1536 970 Princeps
1568 916 1741 956 audiens
1773 916 1852 956 ait:

171 988 333 1038 Quanto
365 988 461 1043 plus
494 987 627 1039 dabis,
662 995 773 1029 tanto
805 988 900 1042 plus
929 987 1125 1042 plorabit.
1168 987 1318 1028 Puella
1339 1001 1526 1027 nummos
1549 987 1719 1040 accepit,
1751 1001 1852 1042 pro-

156 1059 309 1113 jiciens
341 1073 381 1099 se
415 1060 470 1099 ad
499 1060 622 1114 pedes
655 1067 691 1099 et
722 1074 840 1099 casus
872 1059 1084 1099 indicavit.
1135 1058 1366 1114 Apoziatus
1388 1058 1555 1111 juvenis
1587 1059 1668 1098 ait:
1702 1056 1851 1112 Surye,

168 1132 350 1182 domina,
385 1129 567 1170 homines
599 1144 753 1181 sumus,
788 1129 950 1170 casibus
983 1144 1118 1170 omnes
1150 1130 1416 1183 subjacemus.
1458 1129 1556 1170 Hiis
1588 1130 1708 1170 dietis
1740 1129 1851 1181 exiit,

98 1207 141 1242 15
166 1202 271 1242 vidit
301 1202 441 1256 itaque
473 1201 789 1256 Atlzanafsoram
819 1202 1033 1252 ridentem,
1068 1202 1128 1242 ait
1157 1202 1245 1241 illi:
1286 1202 1468 1256 Maqnus
1508 1201 1626 1242 homo
1666 1214 1727 1252 es,
1769 1214 1855 1241 non

166 1272 303 1324 liabes,
339 1274 408 1313 cui
440 1273 634 1313 lacrimas
660 1274 885 1328 propines,
927 1274 1012 1312 nisi
1042 1272 1154 1313 milei.
1209 1273 1265 1313 Et
1285 1272 1511 1326 jurabant,
1550 1286 1601 1313 ne
1631 1272 1701 1313 laec
1730 1270 1854 1313 verba

169 1345 363 1399 cuiquam
389 1345 636 1399 proderent,
672 1352 708 1384 et
739 1351 931 1398 ceperunt
962 1344 1180 1384 adventum
1213 1344 1393 1384 aliorum
1425 1351 1670 1399 ea'spectare.
1727 1343 1853 1385 Vene-

166 1424 265 1456 runt
293 1416 415 1457 multi
445 1416 587 1456 dantes
618 1416 852 1470 pecuniam,
886 1415 957 1455 sed
976 1415 1122 1469 flentes
1154 1415 1330 1456 ewibant.
1372 1415 1524 1456 Postea
1557 1414 1702 1456 obtulit
1729 1429 1853 1470 pecu-

165 1489 280 1528 niam
313 1487 452 1528 Zenoni
481 1488 640 1527 dicens:
674 1486 780 1528 Ecce
804 1489 1029 1542 pecuniam
1060 1488 1315 1542 svirtqinitatis
1345 1488 1454 1527 mee!
1491 1486 1567 1527 Ait
1598 1487 1712 1527 Zeno:
1753 1479 1855 1528 Vide

96 1565 141 1600 20
167 1560 328 1611 cotidie,
363 1566 408 1599 ut
439 1566 575 1599 tantas
604 1559 803 1613 pecunias
834 1559 939 1599 milei
969 1558 1143 1613 offeras!
1196 1558 1340 1599 Altera
1381 1559 1447 1598 die
1481 1558 1617 1599 adhuc
1648 1572 1737 1598 eam
1766 1559 1853 1599 vir-

164 1633 302 1686 qinem
334 1631 506 1670 audiens
537 1631 670 1670 iratus
702 1645 851 1670 vocans
884 1630 1067 1670 villicum
1105 1630 1339 1685 puellarum
1373 1631 1507 1670 dixit:
1550 1629 1647 1670 Duc
1679 1644 1768 1670 eam
1799 1630 1856 1670 ad

167 1710 203 1743 te
235 1710 271 1742 et
289 1701 451 1757 franqe
482 1702 636 1741 nodum
667 1702 920 1756 virqinitatis
955 1701 1065 1755 ejus!
1114 1700 1192 1742 Cui
1221 1701 1384 1742 «villicus
1417 1703 1506 1742 ait:
1544 1701 1630 1742 Dic
1660 1701 1764 1741 milti
1773 1733 1784 1753 ,
1818 1702 1858 1742 si

165 1775 283 1829 virqo
324 1773 391 1814 es?
442 1772 502 1813 At
537 1773 634 1813 illa:
679 1772 889 1824 Quamdiu
920 1773 1007 1814 vult
1038 1775 1158 1825 deus,
1192 1775 1309 1828 virqo
1342 1787 1442 1813 sum.
1499 1772 1557 1813 At
1593 1773 1692 1813 ille:
1742 1771 1856 1813 Unde

167 1853 325 1886 tantam
363 1845 496 1885 tulisti
531 1844 777 1899 pecuniam?
838 1845 987 1884 Puella
1028 1847 1117 1885 ait:
1165 1844 1373 1885 Lacrimis
1411 1844 1603 1899 profusis
1650 1857 1854 1899 eaeponens

97 1924 142 1960 25
168 1931 286 1957 casus
321 1931 427 1957 meos
458 1917 608 1971 roqavi
644 1915 848 1968 homines,
889 1924 933 1956 ut
963 1917 1292 1957 misericordiam
1330 1916 1584 1970 virqinitatis
1621 1929 1704 1956 mee
1734 1914 1855 1956 liabe-

167 1996 266 2029 rent.
322 1988 378 2028 Et
406 1995 670 2043 prosternens
703 2002 744 2027 se
775 1988 832 2028 ad
856 1988 982 2042 pedes
1023 1987 1108 2040 ejus
1149 1989 1235 2028 ait:
1276 1987 1475 2028 Illiserere
1512 1987 1634 2039 mihi,
1675 1987 1852 2039 domine,

169 2059 340 2100 subveni
370 2060 529 2114 captive
560 2060 668 2113 reqis
690 2059 803 2112 filie,
837 2073 886 2099 ne
916 2059 1043 2099 violes
1075 2060 1160 2099 me!
1210 2059 1285 2099 Ait
1315 2059 1405 2099 ille:
1444 2057 1557 2099 Leno
1591 2066 1648 2099 est
1678 2072 1854 2107 avarus;

168 2133 318 2183 nescio,
353 2132 391 2171 si
417 2131 553 2185 possis
584 2132 702 2185 virqo
733 2145 985 2185 permanere.
1021 2129 1081 2171 At
1110 2130 1209 2170 illa:
1245 2128 1407 2172 Studiis
1433 2129 1671 2170 liberalibus
1693 2129 1855 2170 erudita

168 2217 257 2243 sum
291 2210 326 2243 et
357 2203 400 2242 in
429 2216 576 2257 qenere
607 2203 800 2242 musicali
826 2216 995 2257 possum
1026 2202 1246 2242 modulari.
1301 2201 1398 2241 Duc
1428 2215 1491 2241 me
1521 2202 1565 2241 in
1585 2200 1750 2255 forum,
1783 2199 1857 2241 ubi

98 2282 143 2317 30
166 2275 322 2330 poteris
341 2273 597 2328 facundiam
628 2288 757 2313 meam
790 2275 956 2325 audire,
984 2288 1176 2329 propone
1211 2273 1437 2327 questiones
1467 2271 1646 2327 populo,
1688 2279 1725 2312 et
1752 2286 1854 2327 pro-

167 2347 306 2401 posita
338 2345 505 2385 solvam.
543 2344 593 2384 In
626 2345 701 2384 leae
734 2352 819 2385 arte
851 2344 1073 2400 applicabo
1104 2345 1302 2399 pecunias
1335 2344 1492 2385 cotidie.
1537 2342 1594 2384 At
1623 2343 1713 2384 ille:
1745 2342 1857 2384 Milii

171 2416 267 2456 bene
294 2416 440 2470 placet.
489 2415 633 2456 Omnis
661 2416 845 2470 populus
879 2417 1061 2457 cucurrit
1091 2416 1148 2455 ad
1177 2416 1380 2469 rirqinem
1410 2415 1642 2455 videndam.
1691 2413 1750 2455 At
1778 2414 1855 2455 illa

171 2488 413 2542 aqqreditur
432 2487 688 2541 facundiam
709 2488 953 2539 studiorum,
989 2488 1216 2541 questiones
1238 2486 1320 2527 sibi
1337 2487 1522 2542 proponi
1540 2485 1683 2539 jussit,
1719 2499 1854 2526 omnes

172 2559 281 2599 clare
312 2558 454 2610 solvit,
497 2566 533 2598 et
570 2559 628 2598 sic
658 2572 734 2612 per
765 2559 886 2599 talem
918 2560 1084 2599 modum
1115 2558 1285 2598 multam
1321 2554 1439 2609 [127]
1470 2558 1689 2612 pecuniam
1721 2572 1746 2597 a
1776 2570 1854 2611 po-

101 2638 146 2673 35
170 2630 270 2684 pulo
303 2631 463 2684 recepit.
519 2629 793 2684 Atlzanafsora
824 2644 918 2670 vero
950 2630 1067 2670 illam
1099 2630 1260 2683 inteqra
1295 2629 1532 2683 virqinitate
1564 2628 1783 2669 custodivit
1811 2635 1857 2668 ut

172 2702 336 2741 unicam
358 2701 517 2753 filiam,
558 2702 638 2751 ita,
680 2708 723 2741 ut
755 2715 842 2740 eam
874 2702 992 2741 donis
1024 2700 1163 2741 multis
1203 2700 1341 2741 villico
1381 2700 1690 2740 commendaret.
1755 2697 1855 2740 Cum

175 2772 245 2812 leec
276 2779 506 2826 afferentur,
539 2772 650 2811 venit
671 2772 964 2826 Appollonius,
999 2787 1079 2812 XIV
1105 2786 1214 2811 anno
1232 2771 1327 2824 jam
1357 2778 1578 2822 transacto,
1612 2770 1669 2810 ad
1691 2771 1856 2811 domum

176 2842 505 2897 Stranquilionis
528 2851 564 2883 et
579 2842 857 2897 Dyonisiadis
880 2844 936 2883 ad
957 2844 1160 2883 civitatem
1187 2841 1390 2883 Tliarsim.
1429 2842 1556 2893 Quem
1578 2855 1669 2881 cum
1688 2842 1857 2882 vidisset

177 2913 461 2968 Stranquilio,
501 2914 684 2969 perrevii
724 2914 875 2968 rapido
916 2929 1037 2954 cursu
1077 2915 1263 2968 diritque
1302 2914 1426 2953 uxori
1463 2927 1532 2953 sue
1569 2911 1854 2967 Dyonisiade:

272 2994 324 3027 12.
354 2993 395 3027 13
420 2993 623 3038 projiciens]
652 2998 735 3038 oriy.
753 2992 954 3037 procidens.
