1929 3162
950 67 1035 108 300

157 173 382 227 offendere,
424 186 547 228 quam
591 173 698 215 viam
739 173 1002 229 perfectionis
1034 172 1330 227 derelinquere.
1384 172 1515 223 Quere
1547 186 1641 226 ergo
1674 176 1829 215 cartam

153 245 178 287 i.
204 259 236 287 e.
277 244 560 286 testimonium
603 244 877 298 consciencie,
920 244 1027 299 quod
1069 244 1142 286 deo
1182 243 1357 287 fideliter
1396 243 1652 285 ministrasti.
1716 243 1830 285 Tunc

153 316 266 358 venit
306 329 489 357 summus
531 316 715 371 pontifex
749 330 840 358 cum
873 315 1191 371 imperatoribus
1232 316 1258 357 i.
1283 329 1315 357 e.
1350 314 1536 357 Christus
1568 328 1659 357 cum
1693 314 1830 357 multi-

153 388 295 429 tudine
328 387 566 441 angelorum
601 391 641 430 et
673 388 822 430 ducent
854 387 1034 429 animam
1071 391 1183 430 tuam
1217 387 1268 429 ad
1301 386 1512 429 ecclesiam
1547 386 1676 428 sancti
1707 385 1829 428 Boni-

105 463 126 497 5
152 458 246 501 facii
285 458 310 499 i.
343 472 375 500 e.
419 459 469 500 ad
511 458 637 500 vitam
681 464 884 511 eternam,
933 459 1002 501 ubi
1048 458 1258 501 habundat
1304 458 1436 500 omnis
1476 457 1636 499 bonitas
1676 456 1831 499 scilicet

153 543 273 572 omne
305 529 512 584 gaudium.

895 759 996 801 CAP.
1025 761 1089 801 16.

741 847 814 891 De
850 849 939 892 vita
979 847 1232 907 exemplari.

266 955 436 1009 Legitur
468 955 517 997 de
550 955 726 1010 quodam
760 955 1010 1011 imperatore
1033 969 1203 998 romano
1234 958 1495 997 construente
1517 954 1595 996 sibi
1618 953 1830 996 basilicam

82 1034 124 1069 10
153 1027 351 1083 optimam
376 1030 416 1069 et
437 1026 596 1068 fodiens
618 1027 659 1068 in
682 1026 950 1069 fundamento
973 1027 1138 1083 palacii,
1161 1027 1319 1069 invenit
1340 1026 1638 1082 sarcophagum
1662 1038 1831 1068 aureum

148 1098 279 1141 tribus
312 1098 474 1140 circulis
507 1098 805 1140 circumdatum
847 1102 887 1140 et
928 1112 1051 1154 super
1093 1099 1392 1155 sarcophagum
1432 1098 1526 1140 talis
1568 1101 1656 1140 erat
1687 1111 1830 1153 super-

150 1170 344 1226 scripcio:
386 1170 599 1225 Expendi,
634 1170 802 1223 donavi,
837 1171 1017 1224 servavi,
1056 1170 1200 1225 habui,
1243 1170 1395 1224 habeo,
1437 1170 1618 1225 perdidi,
1658 1169 1827 1225 punior;

148 1241 282 1297 primo
317 1242 423 1296 quod
457 1241 632 1297 expendi
667 1241 813 1296 habui,
854 1241 961 1296 quod
994 1241 1141 1284 donavi
1174 1242 1315 1284 habeo.
1370 1241 1598 1297 Imperator
1631 1254 1722 1283 cum
1754 1240 1830 1283 hoc

150 1313 352 1367 audisset,
393 1316 580 1369 satrapas
614 1313 778 1369 imperii
812 1313 974 1355 vocavit
1012 1317 1052 1355 et
1092 1314 1169 1355 ait:
1210 1313 1268 1355 Ite
1301 1317 1342 1355 et
1372 1313 1480 1355 inter
1511 1326 1583 1355 vos
1616 1312 1828 1366 consulite,

81 1393 123 1428 15
150 1385 247 1440 quid
279 1385 360 1427 ista
392 1385 690 1440 superscripcio
733 1383 945 1438 significet.
997 1385 1053 1426 At
1091 1384 1172 1426 illi:
1214 1385 1411 1439 Domine,
1453 1384 1579 1427 nichil
1618 1384 1728 1427 aliud
1768 1387 1830 1426 est

149 1456 447 1512 superscripcio
480 1456 560 1498 nisi
592 1456 722 1498 istud:
756 1456 858 1498 Erat
889 1470 994 1498 unus
1026 1457 1252 1512 imperator
1276 1461 1369 1499 ante
1399 1459 1452 1510 te,
1487 1457 1552 1511 qui
1578 1455 1669 1498 aliis
1692 1469 1829 1498 exem-

148 1528 263 1584 plum
296 1528 393 1570 dare
426 1527 603 1582 volebat,
636 1532 681 1570 ut
714 1528 799 1582 ejus
832 1528 959 1570 vitam
994 1532 1273 1582 sequerentur.
1321 1527 1513 1584 Expendi
1537 1528 1661 1569 vitam
1694 1540 1829 1569 meam

149 1603 258 1642 recte
284 1599 528 1654 judicando,
570 1599 671 1641 alios
704 1599 949 1653 regulando,
991 1613 1056 1641 me
1088 1600 1222 1655 ipsum
1257 1600 1479 1642 secundum
1519 1599 1724 1641 racionem
1759 1598 1829 1640 do-

154 1671 319 1713 mando.
372 1671 533 1713 Donavi
571 1669 691 1725 [155]
736 1670 936 1713 militibus
975 1672 1229 1725 necessaria,
1270 1671 1520 1727 pauperibus
1559 1670 1754 1712 victualia
1789 1673 1830 1712 et

80 1750 125 1785 20
150 1743 370 1798 unicuique
402 1745 443 1784 et
474 1742 597 1784 michi
631 1743 710 1797 ipsi
744 1743 965 1784 secundum
999 1743 1160 1785 merita.
1216 1742 1387 1785 Servavi
1417 1743 1461 1784 in
1493 1742 1680 1784 omnibus
1706 1741 1829 1796 justi-

151 1815 277 1868 ciam,
317 1813 596 1868 indigentibus
628 1814 975 1868 misericordiam,
1010 1814 1274 1870 operantibus
1307 1814 1535 1856 mercedem
1569 1813 1826 1867 condignam.

151 1885 286 1928 Habui
318 1898 387 1927 cor
418 1885 578 1939 largum
614 1889 654 1928 et
685 1885 832 1927 stabile
865 1889 905 1927 et
926 1886 1145 1940 unicuique
1168 1886 1291 1927 michi
1314 1885 1509 1928 servienti
1529 1885 1699 1927 divicias
1732 1885 1829 1927 dare

151 1958 194 2000 in
226 1957 469 2000 necessitate
505 1960 544 1999 et
575 1957 756 2010 graciam
789 1957 977 1999 omnibus
1011 1958 1122 1999 omni
1154 1961 1351 2013 tempore.
1405 1957 1546 1999 Habeo
1577 1970 1746 1998 manum
1777 1955 1829 1998 ad

152 2029 410 2082 donandum,
442 2042 611 2070 manum
644 2029 694 2070 ad
726 2029 1025 2084 protegendum
1059 2033 1099 2071 et
1130 2043 1298 2071 manum
1332 2029 1381 2071 ad
1413 2028 1679 2084 puniendum.
1730 2027 1828 2070 Per-

152 2173 274 2214 viam.
323 2171 477 2214 Punior
504 2172 589 2226 jam
623 2172 664 2212 in
696 2172 871 2226 inferno,
906 2172 1002 2226 quia
1033 2186 1115 2214 non
1148 2172 1301 2214 credidi
1334 2172 1403 2213 uni
1437 2171 1511 2213 deo
1544 2174 1696 2213 eterno.
1748 2169 1828 2212 Pu-

153 2244 244 2285 nior
275 2243 377 2296 heu,
418 2243 513 2298 quia
551 2256 631 2284 non
672 2247 733 2285 est
772 2243 1018 2299 redempcio.
1073 2243 1302 2299 Imperator
1339 2257 1431 2285 cum
1470 2242 1544 2285 hec
1576 2242 1757 2284 audisset
1788 2245 1828 2284 et

155 2315 351 2370 quamdiu
384 2315 488 2357 vixit
519 2315 650 2368 magis
683 2315 907 2370 prudenter
946 2315 1126 2370 seipsum
1168 2319 1208 2357 et
1248 2314 1348 2356 alios
1380 2313 1594 2368 regulabat
1625 2317 1665 2356 et
1697 2313 1754 2355 sic
1785 2313 1827 2354 in

150 2400 251 2443 pace
282 2387 410 2428 vitam
441 2385 587 2428 finivit.
1712 2423 1714 2425 .

81 2466 126 2500 30
276 2456 595 2512 [Moralisaezb]
647 2457 873 2512 Carissimi,
906 2458 1130 2513 imperator
1162 2458 1239 2499 iste
1270 2460 1407 2513 potest
1428 2456 1506 2499 dici
1530 2456 1701 2511 quilibet
1721 2455 1826 2498 chri-

154 2530 330 2586 stianus,
361 2529 429 2584 qui
463 2529 582 2571 debet
615 2533 654 2571 et
685 2533 848 2571 tenetur
879 2533 1114 2572 construere
1146 2529 1356 2571 basilicam
1390 2529 1416 2570 i.
1441 2543 1474 2571 e.
1500 2541 1569 2570 cor
1601 2542 1719 2570 suum
1752 2527 1826 2569 deo
1890 2564 1894 2567 ,

153 2605 366 2656 paratum,
409 2604 455 2642 ut
487 2601 572 2655 ejus
606 2600 855 2643 voluntatem
889 2614 962 2656 per
995 2601 1132 2643 omnia
1162 2601 1300 2655 faciat,
1332 2604 1372 2643 et
1402 2599 1577 2642 effodere
1608 2612 1677 2641 cor
1707 2613 1826 2641 suum

154 2686 225 2727 per
266 2672 375 2713 viam
417 2672 699 2725 contricionis,
742 2676 781 2714 et
819 2673 877 2714 sic
915 2673 1067 2728 poterit
1105 2673 1403 2728 sarcophagum
1442 2685 1608 2713 aureum
1642 2671 1827 2713 invenire

154 2744 179 2784 i.
199 2758 232 2785 e.
258 2744 438 2785 animam
473 2744 712 2786 deauratam
746 2744 966 2786 virtutibus
1000 2744 1162 2800 plenam
1188 2744 1394 2786 mediante
1416 2743 1555 2786 divina
1576 2743 1714 2797 gracia
1734 2756 1826 2785 cum

83 2821 126 2855 35
155 2815 285 2857 tribus
318 2815 480 2858 circulis
513 2815 647 2857 aureis
680 2814 765 2856 scil.
789 2814 868 2857 fide
902 2829 974 2871 spe
997 2819 1037 2858 et
1057 2816 1229 2858 caritate
1250 2814 1556 2858 circumdatam.
1605 2814 1710 2865 Quid
1731 2827 1825 2868 ergo

155 2886 233 2928 erit
273 2887 544 2942 inscriptum?
598 2885 718 2928 Certe
756 2887 909 2942 primo:
950 2886 1152 2943 Expendi.
1211 2886 1291 2929 Sed
1323 2886 1387 2928 dic
1419 2886 1563 2940 michi,
1603 2885 1825 2939 carissime,

248 2968 290 3003 10
315 2968 456 3013 palacii]
485 2974 568 3015 orry.
586 2967 775 3012 palacium.
872 2968 916 3003 23
942 2967 1118 3012 omnibus]
1147 2974 1229 3015 oriy.
1250 2968 1418 3003 omnium.
