1949 3162
994 54 1078 95 662

187 162 334 204 orabas
373 167 417 202 tu
450 165 490 202 et
521 173 625 201 uxor
656 165 748 213 tua,
782 160 913 215 optuli
946 160 1177 202 oracionem
1213 163 1391 202 vestram
1426 164 1521 202 ante
1553 160 1761 202 dominum
1796 164 1871 203 etc.

188 233 267 276 Sed
307 238 482 286 quatuor
522 234 618 272 sunt
657 231 792 285 angeli
833 231 884 273 ad
917 231 1215 273 ostendendum
1254 231 1362 285 quod
1402 232 1441 272 4.
1481 234 1577 273 sunt
1615 231 1873 274 condiciones

186 305 331 346 devote
364 303 581 344 oracionis.
630 302 772 344 Prima
802 315 980 355 namque
1013 306 1088 355 est,
1122 302 1230 356 quod
1262 302 1304 343 in
1337 302 1448 343 omni
1470 302 1675 357 peticione
1706 316 1771 344 res
1802 316 1873 358 pe-

185 376 263 417 tita
302 375 355 416 sit
396 375 439 416 in
471 374 752 429 expediendis.
806 373 862 415 Et
898 373 989 415 ideo
1030 373 1222 415 scribitur
1260 373 1329 414 ille
1362 381 1524 415 versus:
1565 373 1724 427 Terris,
1765 374 1873 428 igne,

186 446 291 487 mari
333 449 407 487 etc.
449 446 546 500 quia
585 446 721 487 oracio
763 445 931 500 expedit
968 445 1010 485 in
1043 445 1154 486 omni
1196 444 1410 486 elemento.
1470 443 1586 494 Quod
1627 445 1796 499 expedit
1831 445 1875 487 in

185 517 280 570 igne
320 519 435 571 patet
475 517 525 558 de
565 516 718 572 Helya,
767 517 835 571 qui
876 516 1010 557 oravit
1048 520 1092 557 ut
1130 516 1236 569 ignis
1277 515 1544 557 descenderet
1581 520 1622 557 et
1660 516 1877 558 devoraret

187 588 586 642 quinquagenarium
621 601 713 630 cum
747 589 802 629 50
836 588 933 641 suis,
968 591 1014 628 ut
1045 587 1218 628 habetur
1249 588 1289 627 4.
1313 586 1410 640 Reg.
1438 588 1473 627 1.
1516 585 1632 636 Quod
1664 587 1800 629 oracio
1830 587 1874 629 in

187 672 280 701 aere
313 659 501 713 expedit,
543 663 659 714 patet
690 659 740 701 de
771 658 912 711 Helia,
947 659 1015 713 qui
1049 658 1183 700 oravit
1214 661 1255 700 et
1285 671 1365 699 non
1399 657 1612 700 descendit
1642 671 1775 712 neque
1806 671 1875 700 ros

185 743 317 784 neque
349 729 510 785 pluvia,
548 730 590 771 in
623 733 785 772 tantum
819 730 926 784 quod
959 729 1112 785 Helyas
1144 729 1390 784 pascebatur
1423 742 1446 770 a
1478 741 1619 783 corvo,
1653 729 1722 783 qui
1755 742 1875 772 mane

187 805 227 843 et
258 814 428 856 vespere
461 801 497 843 ei
531 801 666 844 cibum
698 801 894 857 portavit,
929 804 974 842 ut
1005 801 1180 843 habetur
1201 801 1241 842 4.
1265 800 1364 853 Reg.
1393 800 1457 842 17.
1506 800 1622 850 Quod
1645 800 1781 842 oracio
1805 814 1875 843 ex-

185 873 301 928 pedit
337 873 378 913 in
421 886 527 926 aqua
565 876 681 928 patet
721 872 770 914 de
807 873 910 914 mari
950 872 1096 925 rubro,
1137 872 1206 913 ubi
1246 884 1326 912 non
1361 871 1546 914 videntes
1585 875 1760 926 terram,
1802 886 1877 928 per

187 957 309 998 quam
343 943 521 985 transire
551 947 732 998 possent,
765 957 880 986 mare
911 943 1053 985 divisit
1084 956 1127 984 se
1159 943 1209 984 ad
1233 943 1466 984 oracionem
1490 956 1643 985 eorum.
1692 943 1873 985 Exodus.

187 1015 287 1056 Item
322 1018 437 1069 patet
469 1015 518 1057 de
550 1014 645 1056 filiis
679 1014 806 1057 lsrael
839 1028 920 1057 non
950 1014 1197 1056 habentibus
1231 1027 1377 1067 aquam
1412 1014 1462 1056 de
1494 1018 1614 1069 petra
1645 1018 1720 1056 etc.
1769 1013 1878 1057 Nota

186 1086 429 1141 hystoriam.
481 1085 671 1128 Secunda
703 1086 887 1127 condicio
920 1085 1124 1127 oracionis
1157 1089 1231 1138 est,
1265 1085 1372 1139 quod
1404 1084 1477 1127 fiat
1507 1098 1599 1127 cum
1623 1085 1774 1128 dolore.
1822 1085 1879 1128 Et

186 1158 277 1200 ideo
321 1157 515 1199 scribitur
557 1157 627 1199 ille
666 1171 829 1199 versus:
864 1157 936 1198 Vir
975 1161 1071 1211 pote
1111 1170 1200 1197 sum
1234 1160 1371 1211 presto
1412 1160 1488 1198 etc.
1542 1156 1793 1213 Exemplum
1826 1158 1876 1200 de

186 1229 426 1282 Ezechiele,
467 1232 566 1271 nota
606 1229 822 1270 historiam
861 1242 990 1283 usque
1031 1228 1081 1270 ad
1113 1227 1391 1270 reversionem
1430 1228 1541 1270 solis.
1598 1228 1744 1271 Tereia
1781 1241 1877 1270 con-

188 1301 293 1343 dicio
327 1301 530 1342 oracionis
564 1304 646 1353 est,
685 1301 792 1354 quod
824 1300 879 1342 sit
910 1300 1116 1342 continua.
1174 1299 1230 1341 Et
1265 1299 1356 1341 ideo
1389 1299 1582 1342 scribitur
1613 1300 1682 1342 ille
1713 1313 1876 1343 versus:

188 1371 289 1414 Cum
324 1376 456 1427 petor,
491 1371 640 1414 accedo
674 1376 748 1413 etc.
796 1371 1048 1426 Exemplum
1079 1371 1128 1413 de
1150 1370 1305 1426 Moyse,
1339 1371 1409 1426 qui
1441 1384 1606 1414 cessans
1638 1371 1878 1427 prevalebat

189 1457 212 1485 a
242 1443 414 1485 Malech.
468 1443 575 1485 Nota
616 1442 857 1498 hystoriam.
916 1442 1072 1492 Quarta
1103 1442 1287 1484 condicio
1329 1442 1530 1484 oracionis
1569 1446 1652 1496 est,
1692 1443 1801 1497 quod
1831 1442 1878 1485 fit

188 1528 280 1556 cum
328 1515 439 1556 omni
481 1514 712 1567 diligencia.
776 1514 831 1556 Et
878 1514 970 1556 ideo
1018 1515 1212 1556 scribitur
1258 1513 1327 1555 ille
1367 1527 1530 1556 versus:
1576 1514 1740 1569 Adjuvo
1781 1527 1877 1556 con-

188 1590 347 1628 stanter
389 1590 464 1628 etc.
519 1585 769 1640 Exemplum
810 1586 859 1627 de
898 1585 1007 1628 Juda
1048 1585 1293 1639 Machabeo,
1336 1585 1405 1639 qui
1445 1586 1636 1628 oracione
1675 1586 1879 1641 premissa

188 1657 359 1699 intravit
392 1657 558 1700 bellum.
612 1656 797 1699 Machab.
823 1658 861 1698 O.

863 1839 967 1893 ⁶256,
1001 1851 1104 1893 app.
1130 1840 1210 1882 60.

308 1940 478 1994 Legitur
509 1941 552 1982 in
578 1941 794 1983 scolastica
825 1941 1023 1996 hystoria,
1057 1940 1165 1994 quod
1189 1939 1384 1982 Salomon
1417 1940 1595 1982 habebat
1627 1940 1877 1982 strucionem

191 2012 408 2054 habentem
457 2013 635 2067 pullum,
685 2026 804 2066 quem
853 2012 1009 2067 pullum
1052 2011 1246 2053 Salomon
1285 2012 1326 2053 in
1368 2012 1545 2066 quadam
1586 2024 1710 2053 cavea
1747 2011 1880 2053 vitrea

191 2084 412 2126 nutriebat.
476 2084 579 2125 Cum
627 2083 784 2139 pullum
827 2097 946 2125 suum
985 2083 1137 2125 strucio
1177 2083 1328 2125 habere
1366 2096 1448 2125 non
1490 2087 1650 2138 posset,
1698 2095 1877 2125 vermem

194 2155 397 2210 quendam
431 2155 481 2197 de
513 2160 693 2197 stercore
726 2155 920 2210 portavit,
955 2155 1004 2196 de
1036 2155 1151 2196 cuius
1175 2155 1344 2207 saguine
1373 2155 1506 2210 ipsam
1529 2167 1697 2197 caveam
1728 2153 1878 2208 linivit,

193 2230 234 2269 et
266 2227 459 2268 continuo
490 2227 623 2268 fracta
654 2227 732 2268 fuit
763 2230 803 2268 et
835 2227 893 2268 sic
926 2225 1082 2281 pullum
1115 2226 1309 2267 extraxit.

309 2299 540 2340 Mor-aliter.
576 2298 657 2339 Iste
679 2298 829 2340 vermis
853 2301 915 2340 est
937 2297 1124 2339 Christus
1148 2297 1197 2339 de
1219 2310 1298 2352 quo
1322 2296 1422 2339 dicit
1442 2296 1646 2352 psalmus:
1675 2295 1765 2351 Ego
1787 2310 1878 2339 sum

195 2369 345 2412 vermis
387 2373 427 2411 et
466 2383 546 2411 non
579 2369 700 2411 homo
738 2373 813 2411 etc.
868 2369 1029 2411 Vermis
1069 2369 1176 2411 enim
1211 2382 1291 2410 non
1323 2369 1509 2410 nascitur
1539 2382 1614 2424 per
1644 2368 1880 2422 generacio-

194 2456 288 2484 nem
311 2440 533 2494 carnalem,
567 2441 637 2482 sed
671 2441 719 2482 de
742 2441 913 2482 humore
936 2445 1044 2482 terre
1077 2444 1117 2482 et
1147 2441 1299 2482 virtute
1328 2439 1433 2481 radii
1457 2439 1601 2481 solaris
1624 2439 1877 2495 producitur.

194 2513 249 2556 Et
281 2513 387 2554 sicut
419 2512 571 2554 vermis
603 2512 727 2554 habet
758 2516 917 2567 patrem
950 2513 993 2553 in
1025 2512 1110 2554 celo
1143 2512 1228 2553 scil.
1249 2511 1390 2564 solem,
1425 2515 1465 2553 et
1497 2515 1671 2552 matrem
1703 2510 1746 2552 in
1770 2514 1907 2552 terra-

196 2584 281 2626 scil.
307 2588 483 2626 terream
507 2583 734 2636 humorem,
768 2583 825 2623 sic
858 2583 1001 2625 habuit
1023 2583 1210 2625 Christus
1243 2583 1284 2624 in
1317 2582 1402 2624 celo
1435 2586 1595 2637 patrem
1628 2582 1716 2624 sine
1749 2585 1880 2624 matre

197 2661 237 2698 et
276 2657 316 2697 in
349 2660 460 2697 terra
499 2658 673 2696 matrem
713 2655 801 2696 sine
834 2660 962 2709 patre.
1019 2654 1126 2696 Pulli
1167 2653 1315 2695 inclusi
1354 2653 1397 2694 in
1429 2666 1554 2695 cavea
1593 2658 1711 2695 erant
1747 2653 1880 2694 sancti

195 2732 334 2782 patres
366 2727 515 2768 inclusi
547 2726 587 2767 in
620 2739 743 2767 cavea
774 2726 976 2767 infernali.
1013 2725 1093 2768 Sed
1126 2726 1238 2768 venit
1268 2725 1346 2766 iste
1379 2724 1624 2766 vermiculus
1657 2728 1697 2766 et
1728 2724 1880 2766 virtute

197 2799 380 2852 saguinis
420 2799 483 2840 sui
516 2811 681 2840 caveam
722 2796 835 2838 illam
884 2797 1085 2850 confregit
1124 2801 1164 2839 et
1210 2800 1373 2838 sanctos
1412 2800 1550 2851 patres
1589 2795 1684 2838 inde
1723 2795 1877 2838 eduxit.

198 2869 398 2912 Psalmus.
448 2869 652 2911 Contrivit
682 2872 823 2924 portas
856 2882 977 2911 eneas
1011 2873 1051 2910 et
1082 2871 1217 2911 vectes
1249 2868 1403 2910 ferreos
1435 2867 1647 2920 confregit.
