1919 3131
114 811 150 852 1.

111 953 150 995 2.

113 1095 151 1137 3.

85 1948 152 1990 10.

84 2090 151 2131 11.

85 2160 151 2202 12.

86 2302 152 2344 13.

86 2373 152 2414 14.

86 2585 152 2628 16.

87 2727 153 2768 17.

88 2867 154 2910 18.

445 297 507 350 A.
579 295 924 351 Laleinisollc
970 294 1411 351 Handscluillcn.

626 435 667 482 a)
715 433 817 475 Aus
866 433 1231 476 Deutscliland.

569 572 602 607 1.
646 571 737 607 (ὀᾶ.
758 571 938 616 Gotting.
964 572 1088 608 theol.
1106 571 1194 618 140,
1221 573 1291 608 sol.

633 644 685 677 Βι.
710 644 866 678 1-351,
905 643 985 679 xv.
999 643 1053 688 jh.
1094 644 1137 678 76
1156 654 1234 688 cap.

200 739 409 795 Incipiunt
440 737 567 782 Gesta
599 751 864 781 romanorum
900 742 940 780 et
974 738 1107 794 primo

199 809 262 852 De
295 809 428 852 milite
468 811 536 863 qui
579 808 664 863 [ad]
708 809 1056 864 peregrinandum
1098 809 1307 865 profectus
1348 813 1422 852 est.
1479 808 1633 851 Statuit
1670 811 1778 852 enim

199 881 334 937 primo
368 880 585 922 Trotheus.
636 880 782 932 (Vater
813 880 912 922 oder
943 884 1098 922 mutter
1130 880 1300 934 folgen.)
1346 881 1416 922 lat.
1444 881 1510 921 14.

195 951 259 994 De
280 950 489 1005 Gorgonio
512 951 778 1007 imperatore.
822 950 1056 1004 Gorgonius
1080 952 1282 1005 regnavit.
1325 951 1468 998 (Vater
1490 951 1639 1006 heilen,
1671 955 1779 994 mut·

198 1027 263 1066 ter
293 1022 439 1073 nicht.)
485 1022 556 1064 lat.
584 1023 679 1064 112.

199 1093 263 1136 De
294 1096 583 1136 torneamento
624 1097 665 1136 et
697 1093 934 1136 hastiludio.
995 1093 1207 1136 Hadamas
1247 1094 1449 1147 regnavit.
1509 1092 1673 1142 (Schild
1711 1091 1779 1135 be-

199 1164 385 1216 riihren.)
433 1164 504 1207 lat.
532 1165 626 1205 113.

199 1235 400 1292 Hystoria
432 1235 482 1277 de
515 1249 610 1289 rege
644 1236 713 1290 qui
746 1248 918 1289 regnum
953 1235 1125 1291 pigriori
1155 1235 1373 1291 disposuit.
1422 1234 1607 1277 Polinius
1632 1248 1779 1289 regna-

201 1307 272 1349 vit.
322 1306 425 1358 (Der
456 1307 638 1358 faulste.)
686 1306 756 1348 lat.
781 1307 850 1348 91.

197 1377 262 1420 De
294 1377 464 1420 basilico
499 1381 538 1420 et
571 1377 750 1433 speculo.
799 1377 1038 1420 Alexander
1062 1377 1264 1431 regnavit.
1314 1376 1542 1430 (Basilisk.)
1589 1377 1660 1419 lat.
1683 1377 1779 1419 139.

200 1449 264 1492 De
296 1449 456 1491 ciconia
489 1449 733 1491 adulterata.
783 1448 960 1499 Quidam
992 1448 1112 1490 miles
1145 1453 1247 1491 erat.
1297 1448 1538 1500 (Storchin.)
1586 1448 1656 1490 lat.
1683 1449 1749 1490 82.

199 1520 264 1563 De
296 1519 553 1575 sarcophago
587 1521 768 1562 invento.
817 1519 989 1573 Legitur
1023 1520 1072 1562 de
1095 1519 1272 1574 quodam
1299 1520 1561 1575 imperatore.
1611 1519 1781 1567 (Sarko-

200 1591 342 1648 phag.)
388 1590 460 1632 lat.
489 1592 554 1632 16.

198 1662 262 1705 De
294 1662 485 1718 principe
511 1661 580 1716 qui
606 1661 797 1704 inimicos
819 1661 1043 1704 toxicabat.
1092 1661 1279 1703 Historia
1310 1661 1361 1704 de
1394 1661 1594 1717 principe.
1645 1660 1780 1714 (Wein

200 1733 423 1787 vergiftet.)
470 1732 541 1774 lat.
567 1733 636 1774 88.

200 1803 263 1847 De
285 1803 456 1846 obtenta
476 1803 775 1846 misericordia.
816 1802 972 1846 Narrat
992 1803 1189 1847 Aurelius
1211 1804 1255 1846 in
1276 1804 1494 1846 chronicis.
1538 1803 1779 1856 (Coriolan.)

198 1875 271 1918 lat.
298 1875 394 1917 137.
1040 1863 1042 1865 ’

200 1946 264 1989 De
294 1958 392 1998 rege
430 1945 501 1999 qui
533 1948 617 1987 tres
649 1944 756 1987 filios
789 1944 946 1988 habuit.
1002 1945 1090 1988 Rex
1124 1945 1292 2000 quidam
1326 1949 1426 1988 erat.
1483 1945 1600 1997 (Drei
1630 1946 1779 2000 ringe.)

199 2017 272 2060 lat.
296 2017 364 2058 89.

202 2088 265 2131 De
286 2087 411 2130 vidua
432 2085 573 2128 nobili.
613 2086 797 2136 Quedam
819 2086 970 2130 nobilis
989 2087 1125 2129 vidua.
1160 2086 1279 2137 (Stab
1301 2087 1386 2129 und
1407 2087 1578 2138 tasche.)
1619 2087 1689 2129 lat.
1710 2087 1778 2129 25.

200 2159 264 2202 De
295 2158 382 2200 filia
412 2158 690 2212 imperatoris.
739 2157 945 2200 Narratur
967 2158 1076 2212 quod
1107 2158 1275 2213 quidam
1306 2159 1545 2213 imperator.
1596 2158 1780 2210 (Kaiser-

200 2230 361 2272 tochter
392 2228 478 2270 und
509 2228 742 2281 senescha13
776 2229 865 2272 drei
895 2229 1100 2282 freunde.)
1147 2243 1276 2283 germ.
1304 2230 1369 2270 11.

201 2301 265 2344 De
296 2300 439 2354 iniquo
466 2299 618 2353 judice.
666 2299 770 2342 Erat
801 2300 970 2355 quidam
1001 2301 1243 2356 imperator.
1290 2299 1546 2352 (Schinden.)
1594 2299 1665 2341 lat.
1690 2300 1758 2341 29.

201 2371 264 2414 De
281 2370 506 2414 honoribus
524 2371 740 2412 victorum.
775 2370 951 2421 Quidam
970 2371 1199 2426 imperator
1217 2374 1317 2413 erat.
1344 2370 1594 2425 (Triumph.)
1618 2369 1689 2412 lat.
1709 2371 1777 2411 30.

203 2442 267 2485 De
297 2446 431 2484 morte
462 2441 707 2484 Alexandri.
756 2441 928 2496 Legitur
960 2443 1069 2497 quod
1101 2442 1351 2486 Alexander.
1402 2441 1678 2494 (Alexanders
1710 2441 1779 2483 be—

201 2513 402 2568 grabnis.)
449 2512 520 2555 lat.
545 2513 613 2554 31.

198 2583 263 2627 De
296 2583 496 2626 uxoribus
527 2583 754 2638 suspensis.
809 2583 951 2626 Refert
970 2583 1218 2627 Valerianus
1257 2583 1366 2638 quod
1407 2583 1574 2638 quidam
1611 2582 1779 2624 nomine

203 2654 425 2711 Gynasius.
475 2653 796 2707 (H'angebaum.)
844 2654 915 2697 lat.
941 2656 1009 2697 33.

202 2725 266 2768 De
297 2725 442 2780 regina
473 2728 515 2767 et
546 2724 706 2766 duobus
737 2724 847 2767 filiis.
899 2725 1071 2769 Pibinus
1103 2725 1307 2781 gloriosus
1339 2725 1577 2780 imperator.
1637 2721 1778 2775 (Stief-
1821 2739 1826 2745 ·

202 2796 303 2838 kind
337 2796 420 2838 und
451 2795 613 2838 rechtes
646 2796 779 2847 kind.)
825 2795 897 2838 lat.
925 2797 1019 2839 116.

202 2867 266 2910 De
286 2866 530 2909 Alexandro
552 2880 716 2921 magno.
764 2866 936 2921 Legitur
969 2868 1011 2910 in
1041 2868 1112 2923 iij⁰
1133 2867 1239 2910 libro
1270 2867 1313 2910 in
1337 2865 1475 2909 Gestis
1497 2877 1774 2908 romanorum.

202 2937 382 2990 (Kohle.)
424 2951 553 2992 germ.
580 2939 645 2979 16.
