1929 3157
901 53 952 93 97

85 157 236 199 daraus
260 156 521 211 hervorgeht,
555 156 644 199 dass
668 157 770 199 blatt
798 158 892 211 149,
926 158 1002 200 wie
1024 157 1097 200 der
1118 159 1270 211 anfang
1293 158 1549 213 zweispaltig
1570 159 1772 211 geschrie-

89 227 187 281 ben,
221 242 285 270 am
320 228 422 270 ende
454 228 556 270 noch
594 229 693 270 zwei
729 228 1042 282 dur-chgehende
1075 228 1205 271 zeilen
1240 229 1410 282 enthalt,
1444 243 1511 270 um
1544 229 1616 271 das
1649 229 1773 272 letzte

88 298 236 355 capite]
271 313 321 341 zu
353 298 585 352 schliessen,
619 299 691 341 das
726 299 913 354 folgende
948 299 1050 342 blatt
1083 300 1180 341 aber
1212 313 1316 353 ganz
1350 300 1434 342 leer
1467 300 1679 353 geblieben
1706 301 1769 342 ist.

121 455 155 495 1.

118 596 154 637 2.

93 1735 156 1776 10.

91 1878 156 1918 11.

90 2019 156 2061 12.

90 2162 156 2204 13.

92 2304 158 2345 14.

206 370 353 426 Incipit
385 369 595 425 speculum
629 370 791 423 lingwe.

204 452 266 496 De
298 452 634 495 reconsiliaeione
667 454 789 508 primi
823 454 992 508 peccati.
1043 452 1340 508 Dyoclecianus
1370 454 1558 507 regnavit
1579 453 1619 495 in
1643 453 1770 507 cujus.

205 522 510 574 (Bruderneid.)
558 523 628 566 lat.
655 525 692 565 ἶ.

203 594 265 637 De
297 595 543 651 penitencia.
591 595 693 636 Erat
727 595 893 649 quidam
929 608 999 636 rex
1035 594 1227 636 Indorum
1262 595 1331 649 qui
1358 595 1523 637 unicum
1548 595 1677 637 filium
1701 595 1772 638 ha-

203 665 303 708 buit.
353 665 481 716 (Sohn
516 665 629 708 tlieht
662 680 755 707 zum
788 666 944 710 feinde:
980 665 1206 716 versi-ihnt.)

204 736 357 779 Contra
390 737 539 779 divites
572 741 613 779 et
645 737 786 778 mundi
820 741 1020 792 potentes.
1071 736 1274 778 Narratur
1306 736 1355 778 de
1387 741 1520 780 morte
1543 737 1770 780 alexandri.

203 807 479 855 (Alexanders
512 808 763 861 begiiibnis.)
810 808 880 849 lat.
906 809 974 848 31.

204 878 266 921 De
313 880 428 922 cristi
477 880 679 934 passione.
753 878 840 920 Rex
889 879 1055 933 quidam
1105 883 1192 921 erat
1240 879 1308 934 qui
1356 879 1501 921 statuit
1548 893 1622 936 pro
1668 881 1770 935 lege.

203 949 453 1005 (Triumph.)
505 950 576 992 lat.
602 952 668 991 30.

203 1020 266 1063 De
304 1020 625 1064 mortificacione
658 1022 869 1063 viciorum.
926 1020 1066 1064 Refert
1099 1021 1276 1063 valerius
1310 1021 1417 1076 quod
1450 1021 1570 1064 homo
1604 1022 1771 1077 quidam

203 1092 418 1148 (patinus).
470 1092 787 1146 (Hangebaum.)
834 1092 905 1134 lat.
931 1093 998 1133 33.

203 1162 265 1205 De
297 1164 586 1206 incarnacione
618 1165 746 1206 cristi.
797 1164 970 1214 Quidam
1006 1164 1232 1219 imperator
1265 1168 1353 1206 erat
1385 1164 1454 1218 qui
1485 1164 1691 1219 quandam
1714 1165 1772 1207 fe-

203 1239 386 1277 nestram
419 1236 461 1282 (i.
482 1249 515 1278 e.
540 1236 768 1287 forestam).
818 1235 992 1281 ‹Nackte
1019 1235 1301 1289 jungfrauen.)
1349 1234 1419 1277 lat.
1448 1235 1543 1277 115.

145 1339 154 1348 .
202 1305 265 1348 De
303 1307 559 1348 confessione
600 1312 639 1349 et
680 1307 924 1362 penitencia.
982 1305 1067 1348 Rex
1102 1306 1268 1360 quidam
1301 1307 1490 1361 regnavit
1523 1307 1593 1361 qui
1628 1307 1774 1349 statuit

203 1390 277 1432 pro
310 1377 412 1431 lege.
462 1377 578 1429 (Drei
611 1378 879 1431 wahrheiten7
913 1377 1021 1429 frei.)
1068 1377 1138 1419 lat.
1163 1378 1231 1419 58.

203 1448 335 1497 (Ohne
358 1448 635 1501 tiberschrift.)
670 1449 829 1491 Recitat
853 1448 1012 1490 ovidius
1037 1448 1088 1490 ΙΙ0
1106 1448 1211 1491 libro
1234 1449 1521 1505 metaphoseos
1544 1448 1684 1492 fabula
1705 1451 1770 1491 11.

203 1519 388 1571 (Pallas.)
1005 1557 1008 1559 ,

204 1590 265 1633 De
304 1591 400 1645 gula
441 1595 481 1633 et
519 1591 696 1633 luxuria.
755 1590 993 1633 Alexander
1031 1591 1221 1645 regnavit
1260 1592 1329 1645 qui
1368 1590 1613 1644 magistrum
1653 1604 1772 1633 suum

204 1662 462 1705 aristotilem.
512 1661 836 1715 (Giftnahrung.)
883 1661 953 1704 lat.
983 1663 1047 1703 11.

206 1733 268 1776 De
310 1734 594 1775 misericordia
635 1737 675 1776 et
700 1733 882 1787 justicia.
940 1732 1067 1775 Cesar
1101 1732 1265 1787 quidam
1301 1733 1491 1787 regnavit
1524 1733 1593 1788 qui
1626 1734 1772 1776 statuit

203 1819 278 1861 pro
310 1805 412 1859 lege.
461 1804 585 1856 (Zwei
617 1805 762 1847 frauen
795 1804 1009 1855 entfiihrt.)
1058 1804 1127 1846 lat.
1151 1805 1191 1845 4.

203 1876 266 1918 De
306 1876 596 1918 incarnacione
636 1876 792 1917 domini
831 1876 962 1917 nostri
1005 1875 1120 1917 ihesu
1161 1875 1288 1917 cristi.
1344 1874 1542 1930 Adonyas
1582 1875 1772 1930 regnavit

204 1947 317 1990 dives
350 1947 481 1990 valde.
532 1947 754 1999 (Turnier.)
802 1947 872 1988 lat.
901 1948 996 1987 113.
1283 1987 1287 1993 ,

204 2018 266 2061 De
305 2019 511 2074 superbia.
569 2018 807 2060 Alexander
844 2018 1033 2074 regnavit
1066 2021 1107 2059 et
1138 2017 1364 2059 dominium
1399 2017 1542 2059 mundi
1577 2018 1767 2074 optinuit.

205 2089 432 2142 (Basilisk.)
478 2090 548 2131 lat.
578 2090 671 2131 139.

203 2161 266 2204 De
297 2161 566 2203 confessione.
615 2159 789 2210 Quidam
823 2160 941 2202 miles
975 2163 1063 2202 erat
1096 2159 1165 2214 qui
1194 2162 1374 2201 castrum
1398 2159 1588 2202 habebat.
1639 2157 1769 2212 (Stor-

204 2232 330 2284 chin.)
377 2232 448 2274 lat.
473 2232 540 2273 82.

206 2303 268 2346 De
299 2303 429 2359 pigris
463 2303 644 2344 converti
677 2301 924 2344 nolentibus.
981 2301 1192 2357 Pollynius
1225 2301 1415 2355 regnavit
1446 2301 1513 2356 qui
1547 2304 1631 2343 tres
1662 2299 1768 2342 filios

206 2374 362 2417 habuit.
412 2373 513 2425 (Der
543 2373 724 2423 faulste.)
771 2373 841 2415 lat.
866 2374 934 2414 91.

368 2549 511 2584 XXIV.
550 2547 640 2584 cod.
666 2547 892 2592 stuttgard.
917 2547 1040 2583 theol.
1065 2547 1106 2583 et
1129 2547 1272 2592 philos.
1297 2546 1390 2593 200,
1416 2546 1487 2582 fol.

414 2620 467 2655 131.
486 2620 564 2654 44--
580 2620 662 2653 aab.
702 2618 870 2664 Χ1Υ.]1ι.
910 2618 1027 2653 chn
1052 2618 1269 2662 vollstandig
1295 2619 1337 2653 91
1361 2629 1439 2663 cap.

206 2715 283 2758 Mit
315 2717 416 2758 zwei
447 2715 610 2769 lucken,
643 2715 756 2757 einer
778 2714 986 2768 grosseren
1008 2714 1214 2757 zwischen
1244 2714 1298 2757 bl.
1317 2715 1373 2755 48
1396 2714 1479 2755 und
1501 2714 1556 2754 49
1587 2714 1691 2769 (cap.
1711 2714 1762 2755 ‘21

90 2787 174 2829 und
197 2788 268 2839 22)
301 2787 385 2829 und
410 2787 522 2830 einer
544 2787 756 2829 kleineren
789 2786 992 2828 zwischen
1024 2786 1077 2828 bl.
1098 2787 1154 2827 55
1176 2786 1259 2828 und
1282 2787 1337 2827 56
1370 2786 1475 2840 (cap.
1496 2786 1550 2826 39
1573 2785 1657 2826 und
1678 2786 1764 2835 40).

90 2856 176 2900 Das
207 2857 397 2901 fehlende
427 2858 539 2900 kann
573 2872 645 2900 aus
677 2857 769 2900 XLI
802 2862 972 2911 erganzt
1002 2857 1180 2910 werden,
1212 2857 1288 2898 mit
1319 2856 1409 2898 dem
1437 2869 1479 2898 es
1501 2855 1628 2910 vollig
1647 2855 1767 2898 iiber-

11 2929 16 2932 ’
90 2928 330 2970 einstimmt.
