1929 3157
86 163 125 205 90

57 448 121 488 11.

56 587 120 630 12.

55 659 121 701 13.

55 802 120 843 14.

54 873 119 914 15.

54 944 119 986 16.

54 1015 120 1057 17.

54 1087 119 1129 18.

54 1158 119 1200 19.

51 1230 119 1272 20.

50 1301 120 1343 21.

51 1442 119 1485 22.

51 1513 119 1556 23.

51 1585 119 1627 24.

50 1656 118 1698 25.

50 1727 118 1770 26.

50 1799 118 1840 27.

50 1870 118 1912 28.

851 61 929 102 127

171 162 274 205 Erat
304 163 467 218 quidam
502 165 725 219 imperator
758 166 825 219 qui
855 166 1000 207 statuit
1022 179 1094 221 pro
1117 165 1218 219 lege.
1264 165 1517 214 (Schinden.)
1564 166 1634 208 lat.
1654 166 1721 207 29.

172 234 345 285 Quidam
378 235 603 290 imperator
635 236 778 278 statuit
812 250 885 291 pro
919 236 1020 289 lege.
1068 236 1315 292 (Triumph.)
1362 237 1431 278 lat.
1456 238 1524 278 30.

170 304 362 362 Pipurius
402 306 589 360 regnavit
628 307 669 348 iu
709 307 874 350 civitate
911 307 1105 350 Romana.
1163 307 1387 359 (Stiefkind
1420 308 1503 349 und
1533 308 1723 360 rechtes.)

170 375 242 418 lat.
269 378 362 418 116.

169 445 309 490 Refert
338 447 576 490 Alexander
615 447 883 504 philosophus
922 450 1030 504 quod
1067 450 1264 504 magister
1296 449 1501 502 vergilius.
1555 449 1723 504 (Virgils

169 517 284 570 bild.)
330 532 457 573 germ.
487 520 549 560 18.

166 587 338 642 Legitur
369 590 476 645 quod
509 595 597 633 erat
631 591 796 645 quidam
829 590 960 634 miles.
1009 590 1132 643 (Halb
1164 591 1371 645 geritten.)
1417 590 1487 632 lat.
1516 591 1608 632 124.

168 658 377 703 Generaus
409 661 634 717 imperator
665 662 853 716 regnavit
884 663 952 717 qui
984 662 1142 704 statuit.
1191 662 1306 713 (Drei
1328 661 1594 716 wahrheiten‚
1615 662 1722 715 frei.)

167 730 238 773 lat.
262 732 330 773 58.

168 801 321 845 Darius
353 803 542 856 regnavit
572 803 615 844 in
646 803 813 846 civitate
845 817 1027 846 romana.
1076 803 1323 855 (Jonathas.)
1371 803 1440 845 lat.
1468 804 1563 846 120.

166 872 410 915 Jovinianus
433 874 657 929 imperator
678 875 867 928 regnavit
887 875 1028 917 multis
1051 875 1181 917 annis.
1227 874 1516 926 (Jovinianus.)
1563 874 1632 916 lat.
1652 875 1720 916 50.

168 944 391 987 Teodosius
423 946 611 1000 regnavit
641 945 683 986 in
715 946 882 988 civitate
913 959 1095 988 romana.
1148 945 1483 1000 (Rfigenglocke.)
1528 944 1599 987 lat.
1627 945 1721 986 105.

167 1016 332 1058 Accidit
363 1017 470 1072 quod
503 1016 601 1059 olim
635 1021 752 1059 erant
782 1021 866 1059 tres
899 1017 1011 1059 socii.
1062 1017 1368 1069 (Traumbrod.)
1414 1016 1484 1059 lat.
1512 1017 1606 1058 106.

166 1087 402 1130 Anthonius
434 1089 623 1142 regnavit
653 1092 694 1130 et
725 1092 813 1130 erat
845 1093 988 1144 potens
1021 1088 1152 1131 valde.
1203 1088 1395 1140 (Hahne.)
1442 1087 1513 1129 lat.
1538 1088 1604 1129 68.

166 1157 336 1213 Legitur
368 1159 475 1214 quod
507 1163 596 1202 erat
626 1159 669 1200 in
700 1159 865 1201 civitate
897 1173 1079 1202 romana.
1129 1159 1295 1213 (Elster7
1325 1158 1398 1201 VII
1430 1159 1534 1214 sap.)

165 1229 336 1284 Legitur
367 1230 477 1285 quod
509 1233 598 1272 erat
628 1230 671 1271 in
702 1230 869 1272 civitate
900 1244 1084 1272 romana.
1134 1229 1444 1286 (Gattenprobe,
1475 1229 1549 1272 VII
1580 1231 1703 1287 sap.)

150 1301 337 1356 Legitur
369 1301 477 1356 quod
500 1306 588 1344 erat
610 1301 776 1356 quidam
798 1301 842 1343 in
865 1302 1031 1345 civitate
1053 1315 1236 1344 romana.
1286 1301 1376 1354 (VII
1397 1315 1498 1358 sap.,
1521 1301 1595 1344 VII
1617 1302 1722 1357 sap.)

166 1386 294 1426 germ.
317 1373 386 1414 48.

166 1442 263 1486 Fuit
293 1443 459 1498 quidam
491 1443 717 1499 imperator
749 1443 819 1498 qui
840 1444 986 1485 statuit
1007 1456 1080 1499 pro
1102 1442 1204 1497 lege.
1251 1443 1437 1497 (Abibas,
1460 1444 1517 1495 5.)
1564 1443 1634 1485 lat.
1657 1444 1721 1484 17.

166 1514 434 1557 Domieianus
451 1517 640 1568 regnavit
656 1514 698 1556 in
715 1514 881 1557 civitate
899 1527 1082 1556 romana.
1109 1514 1225 1565 (Drei
1241 1514 1510 1566 weisheiten.)
1542 1513 1612 1556 lat.
1627 1515 1721 1555 103.

168 1585 403 1628 Tbelemius
435 1598 548 1627 rome
579 1585 769 1639 regnavit
800 1585 914 1628 dives
946 1585 1076 1628 valde.
1126 1584 1410 1637 (Wachsbild.)
1458 1585 1528 1627 lat.
1555 1586 1650 1627 102.

165 1656 270 1699 Erat
301 1657 468 1712 quidam
500 1656 617 1699 miles
647 1657 814 1699 nomine
845 1656 1044 1712 9133111113.
1095 1655 1334 1709 (Placidus.)
1381 1656 1452 1699 lat.
1479 1658 1574 1698 110.

166 1727 356 1771 Valerius
387 1728 577 1782 regnavit
606 1741 721 1771 rome
752 1727 933 1783 prudens
965 1727 1097 1770 valde.
1147 1727 1355 1780 (Strieke.)
1404 1741 1497 1784 app.
1526 1728 1590 1770 16.

166 1798 408 1854 Hambrigal
438 1800 628 1852 regnavit
659 1798 800 1841 multis
834 1799 965 1841 annis.
1015 1798 1199 1851 (Redde.)
1246 1799 1317 1841 lat.
1342 1800 1410 1841 20.

165 1868 335 1925 Legitur
367 1870 474 1926 quod
507 1870 674 1926 quidam
707 1874 795 1913 erat
826 1884 901 1913 rex
932 1870 1059 1913 dives.
1110 1869 1369 1922 (Schiessen.)
1414 1869 1484 1912 lat.
1508 1870 1577 1912 45.

550 2033 631 2068 XL.
669 2032 759 2069 Cod.
777 2033 993 2070 vindobon.
1016 2032 1130 2078 4495,
1155 2033 1226 2069 rol.

637 2104 690 2139 Bl.
711 2105 946 2140 177—186b.
982 2104 1062 2140 XV.
1079 2104 1132 2150 jh.

165 2193 435 2247 Bruchstfick‚
468 2193 706 2237 euthaltend
736 2207 826 2251 cap.
848 2195 992 2236 1—37
1026 2195 1070 2236 in
1097 2194 1171 2237 der
1196 2194 1305 2248 folge
1328 2207 1408 2236 von
1427 2193 1473 2247 V,
1507 2193 1594 2236 also
1616 2194 1721 2236 113311

50 2265 195 2309 dessen
227 2266 324 2308 oder
355 2265 428 2308 der
454 2264 530 2307 VII
558 2265 642 2307 und
673 2264 767 2307 XVI
799 2265 1106 2319 gemeinsamen
1136 2265 1377 2320 grundlage.
1425 2263 1552 2308 Gesta
1572 2264 1722 2307 Roma-

49 2350 195 2380 norum
226 2335 477 2380 Moralisata.

537 2475 640 2510 XLI.
671 2474 762 2511 Coa.
776 2474 992 2511 Vindobon-
1009 2474 1127 2521 4603,
1153 2475 1223 2511 fol.

515 2546 568 2581 Bl.
593 2546 809 2581 210—254.
865 2545 945 2581 XV.
965 2545 1019 2591 jh.
1077 2546 1144 2580 105
1177 2555 1255 2590 cap.

165 2637 253 2679 Aus
285 2636 385 2679 zwei
417 2636 681 2678 recensionen
714 2638 1121 2690 zusammengesetzt.
1172 2635 1250 2678 Die
1282 2638 1410 2689 erste,
1442 2647 1531 2690 cap.
1558 2635 1719 2690 1-91,

50 2706 106 2749 ist
134 2707 395 2762 vollstandig‚
427 2707 494 2750 die
523 2707 740 2761 folgenden
771 2706 915 2749 stficke
943 2706 1035 2749 sind
1056 2720 1134 2749 nur
1154 2706 1489 2760 nachtragungen
1511 2719 1584 2748 aus
1607 2706 1721 2748 einer

52 2777 206 2821 andern
237 2778 415 2832 vorlage.

83 2861 121 2902 1.

166 2860 398 2903 Dorotheus
435 2861 661 2917 imperator
702 2861 848 2903 statuit
884 2874 958 2917 pro
997 2860 1100 2914 lege.
1157 2859 1299 2912 (Vater
1332 2859 1428 2902 oder
1460 2862 1612 2902 mutter
1642 2859 1719 2901 fol-

167 2932 276 2986 gen.)
322 2931 393 2974 lat.
421 2933 486 2974 14.
