1949 3162
962 89 1047 130 670

156 195 238 237 illi:
287 194 404 236 nobis
435 207 509 249 per
541 194 679 236 omnia
711 193 813 236 bene
847 193 1002 249 placet,
1050 207 1142 235 cum
1183 194 1273 247 quis
1306 197 1491 235 nostrum
1526 194 1604 234 erit
1633 194 1741 235 inter
1773 206 1843 235 vos

156 265 328 318 eligatis.
387 264 703 320 Responderunt
733 265 962 320 sapientes:
1005 263 1048 305 Si
1081 278 1207 306 unum
1241 263 1484 317 eligeremus
1517 268 1557 306 et
1588 277 1668 306 non
1703 263 1842 317 alium,

156 335 419 378 offensionem
454 335 664 378 incurrere
696 349 924 392 possemus,
962 335 1052 378 ideo
1085 349 1207 377 unam
1239 335 1413 377 formam
1446 335 1692 389 invenimus,
1725 335 1759 377 si
1793 335 1843 377 ad

156 407 231 449 hoc
262 411 372 449 stare
394 407 532 461 vultis,
566 411 675 449 esset
697 406 810 449 vobis
843 411 883 449 et
914 406 1031 448 nobis
1053 406 1183 448 honor
1215 410 1255 448 et
1286 406 1544 448 commodum
1579 407 1667 448 sine
1688 406 1844 448 invidia

156 491 202 520 ac
232 477 445 520 tolleretur
484 491 604 520 omne
637 479 808 530 scisma3
858 482 899 519 at
936 477 1016 519 illi:
1065 477 1200 519 Dicite
1238 477 1379 531 nobis,
1420 490 1542 531 quam
1574 477 1748 519 formam
1782 477 1844 519 in-

156 549 338 591 venistis.
385 548 462 598 Qui
495 549 706 591 dixerunt:
740 549 846 591 Ecce
868 549 1014 591 forma.
1063 548 1141 590 Die
1173 550 1354 591 crastina
1386 548 1581 591 sedebitis
1614 562 1738 603 super
1760 552 1842 590 tres

155 620 385 662 dextrarios
420 624 460 662 et
491 620 533 661 in
568 620 744 674 quodam
780 624 899 676 prato
933 624 1051 662 extra
1082 620 1290 663 civitatem
1323 620 1561 675 equitabitis
1594 633 1617 661 a
1639 619 1842 674 principio

155 692 263 747 prati
298 704 425 745 usque
459 691 510 732 ad
542 690 677 734 finem.
727 692 852 747 Cujus
885 705 1013 746 equus
1046 705 1096 734 ex
1129 691 1244 733 vobis
1277 692 1392 747 prius
1424 691 1642 747 hynnitum
1667 690 1839 743 dederit,

155 763 209 805 sit
239 764 328 819 ipse
360 777 439 814 rex
465 766 505 805 et
537 763 740 805 dominus.
788 763 921 805 Aiunt
952 763 1032 804 illi:
1072 762 1230 804 Bonum
1266 767 1328 804 est
1359 762 1587 805 consilium.
1636 761 1715 804 Die
1747 775 1842 803 vero

154 835 334 877 crastina
367 835 501 889 parati
533 839 651 877 erant
690 835 802 877 istud
835 834 1073 889 adimplere.
1130 834 1210 876 Sed
1242 848 1347 875 unus
1381 834 1462 876 dux
1496 835 1656 889 private
1687 832 1843 875 famulo

155 919 227 947 suo
259 906 464 961 precepit,
503 909 548 947 ut
590 919 735 960 equam
776 906 817 947 in
857 904 937 948 fine
970 905 1080 961 prati
1113 909 1301 961 paratam
1335 905 1523 958 haberet,
1566 919 1689 960 super
1721 917 1843 958 quam

154 977 387 1019 dextrarius
419 977 507 1032 ipse
540 977 761 1019 ascendere
793 976 962 1019 solebat.
1010 977 1124 1018 Etce.
1173 976 1226 1018 Et
1259 990 1350 1018 cum
1385 990 1452 1018 eos
1486 990 1651 1018 currere
1674 976 1843 1029 videret,

154 1052 277 1104 caput
309 1062 411 1103 eque
443 1062 547 1103 equo
582 1062 655 1090 suo
689 1048 942 1101 ostenderet,
983 1053 1023 1090 et
1062 1048 1120 1090 sic
1151 1049 1306 1090 factum
1340 1052 1412 1090 est.
1462 1048 1593 1090 Adest
1624 1046 1843 1089 multitudo

155 1119 309 1176 populi,
342 1124 388 1161 ut
417 1124 500 1162 tres
533 1120 656 1162 duces
689 1133 853 1162 currere
875 1119 1074 1161 viderent.
1109 1119 1212 1162 Cum
1240 1123 1377 1161 autem
1399 1120 1641 1174 inceperunt
1664 1131 1842 1172 currere,

153 1191 345 1245 famulus,
375 1191 481 1233 sicut
502 1195 590 1233 erat
614 1191 649 1233 ei
673 1194 929 1247 preceptum,
953 1195 1078 1246 caput
1100 1204 1201 1245 eque
1224 1191 1403 1233 ostendit
1425 1191 1653 1233 manifeste.
1686 1190 1843 1244 Equus,

154 1276 246 1305 cum
271 1276 416 1317 equam
440 1263 626 1316 vidisset,
660 1276 782 1317 quam
807 1261 1028 1304 ascendere
1051 1262 1222 1316 solebat,
1256 1276 1451 1315 magnum
1474 1262 1693 1318 hynnitum
1717 1261 1842 1314 dedit,

135 1335 211 1382 *ita
244 1334 350 1389 quod
382 1337 492 1376 totus
524 1334 700 1390 populus
734 1334 938 1376 audiebat.
989 1332 1138 1375 Statim
1171 1334 1396 1376 secundum
1430 1333 1743 1376 conventionem
1774 1332 1844 1374 ille

153 1406 194 1447 in
227 1419 366 1459 regem
399 1410 462 1448 est
493 1405 646 1448 electus
678 1418 726 1447 ac
758 1409 988 1447 coronatus.

272 1478 492 1520 Redueeio.
547 1476 788 1530 Karissimi,
829 1476 1015 1530 Regnum
1057 1476 1168 1517 istud
1207 1480 1270 1518 est
1311 1476 1487 1518 mundus
1526 1476 1624 1530 iste,
1666 1475 1736 1531 qui
1775 1475 1844 1517 diu

154 1548 320 1591 carebat
351 1563 431 1590 uno
463 1562 579 1602 rege,
613 1562 667 1590 sc.
701 1548 867 1589 domino
900 1551 1041 1589 nostro
1074 1548 1192 1590 ihesu
1224 1547 1396 1600 christo,
1437 1552 1607 1603 propter
1639 1547 1748 1601 quod
1779 1560 1843 1588 sa-

153 1621 312 1676 pientes
346 1620 397 1662 ad
429 1620 548 1662 deum
582 1619 839 1673 clamabant,
882 1619 1086 1661 dicentes:
1134 1619 1291 1661 Emitte
1330 1633 1502 1673 agnum,
1543 1618 1726 1672 domine,
1767 1621 1842 1660 etc.

154 1691 254 1734 Tres
287 1695 405 1734 erant
426 1691 562 1745 duces,
597 1705 651 1733 sc.
677 1695 794 1747 pater
826 1694 866 1733 et
897 1690 1005 1732 filius
1039 1694 1080 1732 et
1112 1690 1282 1745 spiritus
1315 1694 1495 1744 sanctus,
1529 1703 1603 1745 per
1636 1703 1736 1744 quos
1759 1693 1843 1732 tres

156 1763 289 1805 omnis
328 1767 518 1805 creatura
563 1763 738 1805 ducitur.
818 1762 890 1804 Isti
937 1762 978 1804 in
1026 1761 1203 1817 quodam
1252 1765 1392 1817 prato,
1441 1762 1467 1803 i.
1507 1775 1540 1804 e.
1587 1761 1630 1803 in
1676 1761 1842 1815 mundo,

156 1835 395 1889 currebant,
438 1834 599 1889 quando
639 1834 739 1877 deus
780 1834 895 1876 misit
932 1832 1061 1875 filium
1105 1847 1224 1875 suum
1263 1833 1430 1875 unicum
1479 1847 1554 1888 pro
1595 1838 1738 1874 nostra
1779 1845 1844 1874 sa-

155 1905 251 1949 lute.
309 1906 409 1949 Tres
447 1906 562 1961 equi,
604 1906 795 1961 potencia
834 1906 984 1961 patriS,
1025 1905 1236 1960 sapiencia
1274 1903 1369 1958 filii,
1409 1903 1635 1947 clemencia
1673 1904 1843 1959 spiritus

157 1977 301 2031 sancti,
334 1991 475 2019 omnes
506 1978 575 2019 isti
609 1990 702 2019 cum
734 1977 858 2020 cristo
891 1976 1123 2019 currebant.
1159 1975 1238 2018 Sed
1261 1975 1439 2018 famulus
1472 1975 1650 2018 habebat
1681 1988 1842 2030 equam,

156 2048 182 2090 i.
207 2062 240 2091 e.
267 2048 471 2103 johannes
503 2049 706 2104 baptista,
747 2048 914 2091 tenebat
952 2048 1067 2089 cristi
1099 2047 1400 2089 humanitatem
1432 2047 1550 2089 illum
1583 2046 1841 2102 baptisando.

158 2118 238 2162 Sed
270 2133 362 2162 ecce
392 2120 597 2174 hinnitus,
635 2120 661 2161 i.
687 2133 720 2161 e.
750 2133 829 2161 vox
868 2119 918 2161 de
950 2119 1036 2161 celo
1070 2117 1211 2174 elapsa
1243 2122 1323 2161 est:
1371 2119 1438 2160 hic
1478 2123 1541 2161 est
1578 2118 1685 2160 filius
1730 2131 1844 2160 meus

157 2182 352 2244 dilectus,
391 2191 434 2233 in
473 2205 552 2246 quo
591 2191 716 2233 michi
748 2195 824 2233 etc.
879 2190 997 2232 Unde
1029 2190 1128 2232 deus
1167 2194 1286 2245 pater
1316 2190 1453 2245 ipsum
1485 2203 1622 2243 regem
1655 2194 1843 2232 nostrum

157 2262 388 2316 constituit,
428 2263 493 2304 cui
527 2276 668 2305 omnes
700 2262 895 2305 debemus
929 2261 1113 2315 obedire,
1155 2266 1195 2304 et
1234 2261 1292 2303 sic
1324 2275 1398 2317 per
1429 2274 1682 2316 consequens
1715 2261 1844 2303 vitam

158 2337 341 2376 eternam
375 2333 651 2376 obtinebimus
685 2337 759 2376 etc.

840 2585 934 2639 271,
969 2598 1073 2640 app.
1096 2586 1166 2628 75.

273 2687 361 2730 Rex
392 2687 471 2729 fuit
501 2688 545 2728 in
576 2686 742 2728 civitate
774 2686 990 2728 athanensi
1030 2687 1099 2741 qui
1139 2686 1323 2740 dicebat,
1367 2686 1436 2741 qui
1474 2690 1537 2728 ter
1573 2686 1737 2728 fortiter
1768 2699 1843 2741 pu-

157 2760 346 2811 gnaverit
385 2762 425 2801 et
456 2758 600 2801 vicerit
641 2757 792 2800 milicie
834 2761 961 2800 vacet.
1024 2757 1154 2799 Juxta
1192 2771 1314 2812 quam
1351 2757 1483 2811 legem
1516 2756 1671 2799 Seneca
1708 2756 1842 2811 primo

157 2828 262 2871 libro
295 2829 598 2872 declamacione
638 2828 784 2870 ultima
814 2829 933 2884 ponit
971 2828 1097 2871 talem
1130 2841 1282 2870 casum.
1332 2827 1505 2878 Quidam
1539 2827 1683 2870 habuit
1712 2825 1841 2868 filium

159 2900 227 2955 qui
260 2914 333 2956 pro
365 2915 408 2943 re
430 2900 595 2956 publica
626 2904 688 2942 ter
719 2903 975 2955 pugnaverat
1006 2904 1047 2942 et
1077 2899 1233 2942 vicerat
1264 2903 1304 2942 et
1335 2899 1427 2942 ideo
1459 2898 1681 2941 secundum
1709 2898 1841 2952 legem

159 2972 414 3026 pugnacione
446 2971 623 3028 amplius
655 2984 736 3012 non
768 2971 997 3014 tenebatur.
1031 2971 1208 3024 Accidit,
1241 2974 1286 3012 ut
1316 2984 1388 3026 rey
1420 2970 1581 3026 publice
1614 2968 1842 3024 periculum
