1949 3162
975 54 1059 96 686

174 161 224 202 de
256 161 341 214 ejus
379 159 632 201 infirmitate.
696 158 845 200 Statim
884 159 982 200 fecit
1020 160 1159 201 vocari
1197 160 1376 202 medicos
1418 164 1463 202 ut
1500 164 1652 202 statum
1693 159 1856 202 domine

173 230 374 272 viderent.
422 228 498 279 Qui
540 242 632 270 cum
663 229 865 272 vidissent
904 229 1117 272 dixerunt:
1169 229 1261 271 Non
1301 234 1363 272 est
1402 230 1482 272 alia
1519 230 1738 272 infirmitas
1776 229 1857 272 nisi

175 300 376 355 quendam
409 300 532 341 nimis
566 299 723 353 dilexit,
757 304 797 342 et
829 300 901 342 hec
933 300 1152 342 infirmitas
1186 306 1248 343 est
1278 314 1402 343 causa
1438 302 1582 342 mortis
1615 302 1714 355 ejus.
1778 300 1856 342 Im-

172 375 338 427 perator
370 370 447 412 hoc
478 370 648 412 audiens
682 371 740 412 ait
770 371 910 413 uxori:
945 370 1022 412 Dic
1055 371 1176 425 mihi,
1210 385 1308 425 rogo
1347 376 1406 425 te,
1441 376 1512 414 aut
1542 372 1715 415 nomina.
1739 371 1853 413 illum

173 442 287 495 mihi,
322 455 443 496 quem
475 445 634 483 tantum
670 442 806 495 diligis
840 445 976 496 preter
1008 455 1084 483 me.
1142 441 1217 483 Cui
1249 443 1339 485 illa:
1374 443 1493 485 lllum
1527 442 1697 485 militem
1732 441 1857 495 diligo

175 517 269 554 ante
301 512 460 564 omnia,
501 513 570 566 qui
603 513 817 554 victoriam
855 513 951 554 fecit
990 512 1070 554 alia
1101 513 1188 566 die,
1229 518 1269 555 et
1306 515 1386 556 nisi
1418 515 1504 568 ejus
1537 526 1718 555 amorem
1751 512 1857 567 opti-

173 597 299 625 nuero
340 587 512 625 mortem
555 584 776 626 sustinebo.
840 583 1070 638 Imperator
1109 597 1200 625 cum
1241 584 1316 627 hoc
1357 585 1540 627 audisset
1578 585 1637 626 ait
1667 583 1856 625 medicis:

172 654 284 708 Rogo
317 667 388 695 vos
421 657 467 695 ut
497 654 623 696 vitam
658 655 797 696 uxoris
832 668 920 696 mee
953 654 1132 696 salvetis.
1182 656 1238 697 At
1269 656 1350 698 illi:
1393 656 1513 698 Certe
1534 669 1617 697 non
1640 668 1858 710 possumus

173 725 254 767 nisi
292 739 373 766 una
406 725 471 766 via
509 729 690 779 tantum,
740 726 856 767 illum
897 725 1070 768 militem
1111 727 1179 780 qui
1218 727 1315 769 fecit
1352 727 1565 769 victoriam
1608 725 1780 767 occidite
1819 728 1860 767 et

173 810 265 839 cum
299 796 498 849 sanguine
530 796 615 849 ejus
647 797 780 852 ipsam
814 797 926 838 liniri
957 797 1131 839 faciatis.
1186 798 1273 840 Hoc
1294 798 1402 840 facto
1427 798 1603 840 cessavit
1633 796 1857 851 temptacio

174 872 214 910 et
246 867 385 908 statim
419 867 468 908 de
500 866 740 910 infirmitate
772 867 993 909 convaluit.

292 940 523 980 Mor-aliter.
588 938 827 992 Karissimi,
866 939 1092 994 imperator
1124 943 1185 981 est
1223 940 1300 981 iste
1333 940 1452 981 homo
1486 940 1573 982 scil.
1606 940 1740 982 Adam
1776 939 1859 994 pri-

173 1024 264 1051 mus
306 1013 434 1064 pater.
502 1009 614 1050 Uxor
653 1009 796 1065 pulcra
847 1013 910 1051 est
958 1010 1096 1051 anima
1142 1010 1192 1051 ad
1232 1011 1297 1052 dei
1341 1010 1655 1053 similitudinem
1707 1014 1856 1053 creata.

173 1081 245 1122 Isti
280 1081 358 1122 duo
391 1086 621 1135 pugnantes
662 1086 758 1122 sunt
796 1080 893 1122 deus
935 1086 975 1123 et
1013 1081 1181 1134 angelus
1219 1081 1375 1123 lucifer.
1436 1082 1619 1135 Angelus
1660 1081 1861 1138 pugnavit
1916 1103 1922 1111 ⁴

175 1152 335 1207 quando
376 1151 533 1206 equalis
573 1165 662 1193 esse
701 1151 883 1204 volebat,
924 1152 1049 1193 immo
1088 1153 1219 1206 major
1251 1153 1286 1194 si
1326 1153 1400 1194 deo
1441 1153 1724 1208 prevaluisset.
1773 1151 1861 1194 Hoc

175 1223 317 1265 videns
350 1223 493 1276 regina
525 1236 578 1265 se.
614 1223 753 1265 anima
785 1224 925 1265 statim
965 1223 1007 1264 in
1040 1223 1125 1277 ejus
1159 1237 1342 1265 amorem
1374 1224 1530 1266 exarsit
1569 1224 1628 1266 ita
1659 1223 1768 1279 quod
1797 1223 1861 1264 in-

173 1293 426 1336 firmabatur.
483 1293 563 1336 Sed
596 1294 779 1336 totaliter
811 1298 973 1336 mortua
1004 1308 1085 1335 non
1117 1295 1208 1336 fuit.
1258 1294 1338 1337 Sed
1364 1295 1480 1350 pugil
1509 1295 1536 1336 i.
1561 1308 1594 1337 e.
1619 1295 1779 1337 Cristus
1811 1294 1861 1336 de

175 1379 377 1408 consensu
410 1369 450 1407 et
477 1379 650 1407 assensu
677 1365 932 1407 medicorum
962 1369 1002 1407 et
1025 1365 1245 1419 judeorum
1269 1370 1330 1407 est
1350 1367 1605 1420 interfectus,
1640 1369 1680 1408 et
1701 1365 1751 1407 de
1775 1365 1861 1419 ejus

175 1437 373 1490 sanguine
405 1437 504 1478 victi
537 1451 678 1478 sumus
709 1436 752 1477 in
784 1449 915 1478 cruce.
966 1435 1008 1478 Si
1044 1436 1192 1490 aliquis
1225 1441 1412 1479 nostrum
1445 1451 1540 1491 ergo
1572 1441 1757 1479 moratur
1788 1449 1863 1492 per

174 1511 402 1564 peccatum,
435 1512 558 1561 vagat
586 1507 634 1549 de
666 1507 868 1549 memoria
889 1508 1094 1563 passionis
1117 1507 1242 1550 Cristi
1265 1513 1304 1551 et
1326 1509 1452 1551 vitam
1477 1513 1659 1551 eternam
1682 1507 1860 1550 habebit.

176 1579 242 1621 Ad
274 1592 395 1634 quam
429 1592 503 1620 nos
535 1578 734 1633 perducat
765 1582 839 1620 etc.

853 1832 956 1886 282,
989 1845 1091 1886 app.
1117 1832 1192 1875 86.

297 1934 422 1976 Onias
460 1933 502 1974 in
534 1934 699 1975 civitate
740 1947 911 1975 romana
942 1933 1133 1987 regnavit
1164 1933 1344 1988 prudens
1377 1933 1516 1987 valde,
1555 1933 1625 1988 qui
1657 1932 1863 1987 quandam

179 2005 357 2061 puellam
398 2005 439 2046 in
480 2017 649 2046 uxorem
689 2004 848 2059 accepit
886 2004 1072 2059 pulcram
1112 2004 1230 2046 valde
1270 2018 1347 2058 que
1389 2004 1578 2060 concepit
1618 2008 1658 2046 et
1703 2004 1865 2059 peperit

179 2075 307 2118 filium
346 2075 681 2131 pulcherrimum.
739 2074 913 2130 Satrape
953 2075 1029 2117 hoc
1068 2076 1280 2118 audientes
1321 2076 1372 2117 ad
1403 2089 1496 2117 eum
1529 2079 1730 2117 venerunt
1766 2088 1864 2129 que-

180 2152 316 2189 rentes
347 2146 477 2188 tilium
510 2147 596 2200 ejus
630 2146 680 2188 ad
711 2146 975 2188 nutriendum
1009 2147 1084 2188 sub
1122 2146 1195 2189 tali
1230 2147 1383 2200 forma,
1424 2146 1533 2201 quod
1573 2147 1607 2188 si
1640 2146 1790 2188 munde
1824 2149 1864 2188 et

181 2232 282 2274 pure
320 2232 494 2273 puerum
532 2218 739 2259 nutrirent
777 2217 828 2258 ad
869 2231 1060 2271 magnam
1101 2217 1345 2271 dignitatem
1390 2225 1751 2272 promoverentur,
1800 2217 1865 2259 sin

182 2293 331 2343 autem,
365 2289 475 2330 mala
507 2292 638 2330 morte
669 2291 940 2330 morerentur.
990 2288 1046 2330 At
1077 2288 1166 2330 ille:
1200 2288 1434 2341 Karissimi,
1468 2289 1533 2330 die
1555 2289 1737 2330 crastina
1759 2287 1863 2329 dabo

181 2360 297 2403 vobis
328 2374 587 2415 responsum.
638 2358 786 2401 Statim
819 2359 934 2400 misit
968 2373 1184 2414 preconem
1216 2373 1290 2414 per
1321 2363 1451 2401 totam
1485 2360 1716 2413 civitatem,
1757 2358 1864 2413 quod

181 2432 223 2474 in
256 2432 370 2486 cujus
393 2431 513 2473 domo
538 2435 626 2472 erat
659 2444 785 2485 purus
817 2430 1009 2472 inventus
1040 2430 1148 2484 ignis
1182 2434 1222 2472 et
1255 2444 1361 2484 aqua
1393 2430 1559 2483 munda,
1592 2430 1721 2472 filium
1745 2443 1864 2471 suurn

183 2503 234 2545 ad
265 2502 529 2544 nutriendum
568 2501 747 2543 haberet.
802 2500 927 2542 Facto
968 2505 1105 2543 autem
1139 2501 1473 2556 promulgaeione
1504 2500 1624 2542 multi
1654 2501 1791 2554 ignem
1824 2503 1865 2542 et
1908 2529 1914 2532 -

184 2587 333 2628 aquam
364 2575 627 2628 paraverunt.
678 2571 758 2613 Sed
790 2576 879 2614 erat
909 2573 1017 2614 inter
1038 2585 1106 2614 eos
1141 2572 1306 2626 quidam
1334 2572 1454 2613 homo
1477 2572 1642 2614 nomine
1663 2570 1864 2613 Jonathas

185 2645 254 2699 qui
287 2658 359 2700 per
390 2648 519 2686 totam
553 2646 712 2685 noctem
746 2642 974 2696 laborabat,
1008 2647 1054 2685 ut
1083 2656 1158 2685 nec
1189 2642 1297 2696 ignis
1328 2656 1404 2685 nec
1437 2656 1544 2696 aqua
1565 2642 1768 2684 deficeret.
1810 2640 1866 2683 Et

185 2728 275 2757 cum
322 2715 458 2768 ignem
501 2714 626 2756 ceteri
672 2717 712 2755 et
755 2727 901 2767 aquam
943 2713 1044 2755 hora
1081 2714 1318 2769 vespertina
1364 2717 1675 2769 preparassent,
1724 2712 1864 2754 statim

186 2799 277 2828 cum
318 2786 546 2827 dormirent
582 2784 695 2826 venit
727 2784 893 2838 quidam
926 2788 1127 2840 tyrannus
1166 2784 1332 2826 nomine
1363 2783 1586 2839 Eulopius,
1626 2783 1696 2838 qui
1726 2783 1865 2836 ignem

187 2856 453 2911 extinguebat
485 2860 525 2898 et
556 2869 704 2909 aquam
742 2859 861 2897 extra
892 2855 1070 2897 hostium
1113 2854 1366 2910 projiciebat.
1420 2854 1542 2897 Mane
1581 2858 1718 2896 autem
1756 2853 1865 2896 facto

188 2939 308 2980 preco
341 2927 548 2968 civitatem
582 2925 782 2968 circuibat
813 2934 854 2968 et
884 2930 1045 2968 tantum
1076 2927 1119 2968 in
1141 2926 1261 2967 domo
1286 2925 1465 2967 Jonathe
1486 2926 1625 2978 ignem
1654 2928 1695 2966 et
1715 2937 1866 2978 aquam
