1954 3137
189 175 258 218 45.

189 249 257 289 46.

190 320 258 360 47.

190 391 259 431 48.

190 462 259 502 49.

191 532 260 573 50.

193 603 211 627 Γ
252 635 260 644 .
307 601 411 644 Erat
443 601 607 656 quidam
641 601 754 642 civis.
803 598 972 653 (Elster‚
999 599 1072 641 VH
1106 598 1212 655 sap.)

986 67 1069 109 134

306 175 558 217 Punotianus
590 174 820 230 Imperator
856 173 1056 227 regnavit.
1105 170 1196 223 (VH
1229 186 1331 228 sap„
1363 171 1566 229 rahmen.)
1611 187 1737 228 germ.
1760 175 1828 216 40.

306 247 409 289 Erat
442 246 609 301 quidam
643 245 872 298 burgensis.
921 244 1083 298 (Baum,
1116 244 1189 285 VII
1221 245 1326 300 sap.)

307 318 409 360 Erat
438 317 605 371 quidam
635 316 752 358 miles
774 316 940 358 nomine
962 315 1189 357 Cornelius.
1231 315 1386 370 (Hund,
1410 315 1481 358 Vll
1503 315 1610 372 sap.)
1650 330 1776 370 germ.
1796 317 1864 358 41.

307 389 483 439 Quidam
515 389 740 443 imperator
772 387 899 429 dives.
948 386 1088 439 (Eber,
1120 386 1192 429 VII
1225 385 1331 442 sap.)

307 460 410 502 Erat
442 459 609 513 quidam
641 458 772 500 miles.
822 456 1162 511 (HaussohlusseL
1196 458 1345 512 vollst.‚
1378 457 1451 500 VII
1483 456 1590 514 sap.)

308 531 353 572 In
371 531 536 573 civitate
554 529 728 583 quadam
750 532 838 570 erat
857 528 985 570 miles.
1020 528 1243 575 (Herodots
1260 529 1412 582 thurm,
1430 529 1504 571 VII
1521 528 1628 585 sap.)
1660 530 1867 583 germ-42.

192 673 260 715 52.
310 672 523 722 Quondam
554 672 598 713 in
630 671 796 713 civitate
828 684 1011 712 romana.
1059 670 1150 723 (VII
1183 684 1286 726 sap.‚
1318 670 1390 712 VII
1423 668 1530 726 sap.)
1575 683 1702 724 germ.
1725 671 1795 712 44.

193 745 260 786 53.
309 743 481 794 Quidam
516 743 633 785 miles
667 756 804 784 senex.
854 740 1166 797 (Cattenprobe,
1196 741 1270 783 Vll
1302 738 1409 797 sap.)

193 815 261 857 54.
309 814 482 865 Quidam
515 815 742 869 imperator
773 813 972 866 regnavit.
1023 812 1193 866 (Virgils
1220 812 1371 866 thurm⁷
1397 812 1471 854 VH
1495 811 1602 868 sap.)
1650 826 1777 866 germ.
1800 813 1870 855 43.

194 886 262 928 55.

194 957 262 999 56.

195 1028 263 1069 57.

196 1100 263 1141 58.

195 1170 263 1211 59.

196 1242 263 1283 60.

197 1385 264 1426 61.

198 1456 265 1498 62.

199 1528 266 1569 63.

200 1599 267 1640 64.

260 1703 268 1710 .
315 1669 524 1710 Adrianus
557 1669 746 1721 regnavit
776 1682 901 1710 rome.
949 1666 1361 1724 (Kerkergespraoh.)
1404 1667 1475 1710 lat.
1501 1668 1568 1710 86.

202 1741 268 1782 66.

202 1812 269 1853 67.

202 1884 269 1924 68.

203 1955 269 1996 69.

203 2026 271 2067 70.

204 2097 271 2138 71.

204 2168 271 2209 72.

205 2240 271 2281 73.

205 2382 273 2424 75.

207 2455 273 2495 76.

207 2525 274 2566 77.

208 2597 275 2637 78.

209 2668 274 2709 79.

209 2738 276 2780 80.

209 2809 275 2850 81.

209 2880 276 2921 82.

209 2951 276 2992 83.

309 885 413 927 Erat
444 885 610 939 quidam
645 884 913 940 philosophus
945 885 1112 926 nomine
1144 897 1330 940 ypocras.
1379 882 1607 938 (Galienus,
1639 883 1713 926 VII
1735 882 1842 940 sap.)

310 957 413 999 Erat
444 956 610 1010 quidam
643 970 728 998 rex.
778 954 1131 1010 (Marsohalsfrau,
1163 955 1285 997 Peter
1318 954 1399 996 und
1431 954 1546 1009 Paul,
1580 954 1653 997 VII
1685 953 1792 1011 sap.)

310 1027 413 1069 Erat
445 1024 620 1081 quidam
642 1027 881 1082 imperator.
930 1026 1135 1075 (Dreimal
1167 1027 1269 1080 todt,
1303 1025 1376 1067 VH
1408 1023 1514 1081 sap.)

312 1098 415 1141 Erat
448 1098 615 1152 quidam
648 1111 733 1140 reX.
783 1097 980 1153 (Konigin
1012 1098 1068 1139 im
1101 1098 1253 1152 thurm,
1287 1097 1362 1139 VII
1395 1095 1501 1152 sap.)

312 1169 414 1211 Erat
446 1169 612 1224 quidam
646 1169 776 1211 miles.
823 1167 1009 1224 (Wittwe
1041 1182 1121 1210 von
1152 1169 1354 1224 Ephesus,
1384 1168 1458 1211 VII
1490 1166 1597 1224 sap.)

310 1240 413 1283 Erat
444 1240 610 1294 quidam
642 1240 773 1283 miles.
823 1239 1142 1295 (Wahrsagung‚
1175 1240 1248 1283 VII
1279 1240 1387 1296 sap.)
1438 1241 1495 1283 Et
1525 1243 1583 1283 sic
1615 1248 1672 1282 est
1690 1240 1793 1294 finis
1824 1240 1874 1282 de

311 1312 402 1354 VII
426 1314 649 1366 7720592'85222'8.

313 1383 545 1425 Anthonius
577 1383 619 1424 in
652 1382 817 1425 civitate
848 1395 1031 1424 romana.
1080 1380 1245 1436 (Hemd‚
1279 1382 1366 1424 drei
1398 1380 1510 1437 zoll.)
1554 1382 1625 1425 lat.
1650 1382 1717 1424 64.

313 1454 545 1510 Pampeyus
578 1454 767 1507 regnavit
797 1455 840 1495 in
872 1454 1050 1496 civitate.
1099 1451 1277 1509 (Falke.)
1323 1453 1393 1496 lat.
1419 1454 1486 1496 84.

317 1526 424 1568 Olim
456 1526 624 1568 fuerunt
655 1530 739 1568 tres
772 1525 883 1568 sooii.
931 1523 1240 1580 (Traumbrod.)
1284 1525 1355 1567 lat.
1383 1526 1476 1567 106.

314 1597 473 1640 Luoeus
506 1597 695 1650 regnavit
727 1597 795 1652 qui
827 1597 984 1639 statuit.
1030 1594 1224 1651 (Gnade.)
1269 1610 1395 1650 germ.
1420 1597 1487 1638 34.

318 1739 463 1782 Melius
496 1741 685 1794 regnavit
716 1741 758 1782 in
791 1740 967 1782 civitate.
1015 1738 1168 1794 (Kreuz
1201 1740 1278 1781 mit
1308 1737 1583 1795 insohriften.)
1628 1738 1699 1781 lat.
1723 1738 1790 1781 65.

319 1811 533 1853 Simaohus
566 1812 767 1865 regnavit.
815 1811 1044 1863 (Lerutius3
1079 1808 1295 1865 sohwarz.)
1340 1824 1468 1864 germ.
1492 1810 1559 1853 35.

319 1883 457 1924 Serius
489 1884 688 1936 regnavit.
736 1882 914 1929 (Waffen
946 1882 1213 1936 aufhangen.)
1257 1881 1327 1924 lat.
1353 1884 1420 1924 66.

317 1954 551 1996 Anthonius
583 1955 782 2008 regnavit.
831 1951 1024 2008 (Wiiste.)
1071 1967 1165 2008 app.
1189 1954 1227 1995 3.

318 2025 527 2068 Adrianus
559 2027 760 2079 regnavit.
810 2022 1007 2078 (H'ahne.)
1053 2024 1123 2066 lat.
1148 2025 1215 2066 68.

321 2095 461 2138 Gallus
493 2098 692 2150 regnavit.
741 2094 1189 2152 (Keusohheitshemd.)
1234 2095 1304 2138 lat.
1330 2097 1397 2138 69.

321 2167 566 2221 Sagittarius
599 2169 684 2210 sive
718 2181 879 2223 auceps.
929 2167 1046 2221 (Drei
1078 2167 1318 2209 weisheiten
1348 2165 1521 2223 lehren.)
1565 2167 1636 2210 lat.
1664 2167 1757 2209 167.

320 2239 423 2281 Erat
454 2240 620 2294 quidam
652 2253 739 2282 rex.
788 2239 905 2293 (Drei
936 2236 1112 2293 fragen.)
1157 2238 1228 2280 lat.
1253 2239 1320 2280 70.

318 2310 421 2352 Erat
452 2311 617 2364 quidam
650 2324 736 2352 rex.
785 2310 903 2357 (Drei
933 2308 1136 2365 freunde.)
1180 2309 1251 2351 lat.
1278 2310 1373 2351 129.

320 2382 423 2424 Erat
453 2381 618 2436 quidam
652 2395 813 2423 avarus.
860 2380 1027 2436 (Sohatz
1059 2382 1116 2422 im
1149 2378 1329 2435 baume.)
1374 2380 1445 2423 lat.
1473 2381 1565 2423 109.

322 2452 543 2503 Quintillus
574 2453 774 2506 regnavit.
823 2451 927 2506 (100
959 2451 1190 2505 grosohen.)
1234 2451 1305 2493 lat.
1331 2452 1398 2493 73.

322 2524 572 2566 Aurelianus
603 2524 839 2579 imperator.
889 2521 1211 2578 (Narrenapfel.)
1256 2522 1327 2565 lat.
1353 2523 1420 2564 74.

321 2595 424 2637 Erat
455 2595 619 2649 quidam
653 2608 738 2636 rex,
788 2593 1095 2648 (Ziegenauge.)
1142 2594 1213 2636 lat.
1238 2594 1305 2635 76.

324 2666 506 2716 Quedam
538 2666 682 2708 civitas
716 2669 815 2707 erat.
865 2665 1046 2718 (Draohe
1079 2665 1206 2707 durch
1237 2664 1369 2707 lowen
1401 2663 1612 2719 entfernt.)
1659 2677 1753 2720 app.
1776 2664 1816 2706 4.

324 2737 441 2779 Miles
475 2741 608 2779 autem
643 2736 810 2791 quidam
842 2750 1027 2790 magnus.
1077 2735 1191 2789 (Fuss
1225 2735 1307 2788 ab.)
1353 2735 1423 2777 lat.
1451 2736 1544 2778 127.

324 2807 497 2858 Quidam
529 2808 755 2863 imperator
787 2810 886 2849 erat.
936 2806 1124 2861 (Abibas,
1157 2806 1217 2861 5.)
1262 2806 1332 2849 lat.
1360 2807 1425 2848 17.

324 2879 496 2928 Quidam
527 2880 606 2920 fuit
635 2892 804 2934 pauper.
855 2876 1288 2932 (Draohensohwanz.)
1332 2877 1402 2919 lat.
1432 2878 1523 2919 114.

324 2950 498 3000 Quidam
530 2951 756 3005 imperator
788 2949 942 2991 habuit.
990 2947 1117 3004 (Zwei
1148 2949 1296 2992 naokte
1320 2945 1602 3004 jungfrauen.)
1645 2947 1715 2991 lat.
1743 2947 1836 2991 115.
