1954 3137
171 166 235 206 18.

172 308 235 349 19.

167 452 235 492 20.

165 1740 234 1780 29.

165 1883 234 1923 30.

165 2025 233 2066 31.

167 2180 234 2221 32.

168 2336 235 2376 33.

169 2490 237 2531 34.

170 2879 238 2920 36.

986 60 1041 101 48

285 166 347 208 De
369 170 561 221 serpente
583 167 709 220 ligato
729 170 802 209 etc.
838 166 1069 221 Imperator
1087 166 1254 220 quidam
1271 166 1367 208 dum
1388 167 1604 221 equitaret.
1639 166 1861 221 (Schlange

285 236 431 287 liisen.)
480 237 550 279 lat.
579 238 673 279 174.

284 308 347 350 De
379 308 594 363 sepultura
625 309 734 362 regis
767 308 993 350 alexandri.
1051 308 1096 349 In
1130 312 1261 351 morte
1306 313 1345 352 et
1383 309 1598 365 sepultura
1629 308 1845 351 alexandri

286 379 561 431 (Alexanders
594 379 845 433 begrabnis.)
900 379 971 420 lat.
996 380 1064 420 31.

285 451 347 492 De
370 450 558 492 doctrina
580 451 804 493 aristotelis
838 451 890 492 ad
917 449 1202 492 alexandrum.
1250 450 1363 493 Inter
1385 454 1523 494 cetera
1554 450 1697 493 multa.
1748 450 1860 503 (Ari-

286 521 453 564 stoteles
485 522 660 574 lehren.)
707 522 780 563 lat.
801 523 869 563 34.

227 627 234 635 .
285 594 346 635 De
385 593 537 636 honore
585 593 790 648 quomodo
836 597 1001 635 mutant
1045 607 1195 636 moreS.
1261 593 1450 636 Tiberius
1489 597 1585 636 ante
1623 594 1858 650 imperium.

285 664 492 714 (Tiberius
527 690 579 693 ——
614 664 837 716 Liberius.)
885 679 978 720 app.
1005 668 1044 706 9.

226 770 234 777 .
283 736 346 778 De
384 737 474 779 fure
516 736 772 792 deprehenso
823 750 896 791 per
935 749 1057 791 quem
1099 739 1174 778 etc.
1239 735 1323 778 Fur
1363 736 1533 791 quidam
1574 741 1694 780 nocte
1734 736 1858 780 venit.

285 807 591 859 (Mondstrahl.)
640 807 711 849 lat.
740 808 835 849 134.

198 884 234 921 “.
283 879 346 921 De
387 880 519 922 milite
558 893 633 935 pro
676 879 1014 922 reconciliatione
1046 881 1223 934 quatuor
1256 883 1461 935 portante.
1518 879 1637 923 Miles
1677 878 1858 934 quidam.

285 950 407 1002 (Halb
440 951 648 1004 geritten.)
697 950 768 993 lat.
797 952 892 993 124.

283 1023 346 1065 De
370 1022 544 1065 muliere
576 1026 780 1065 secretum
813 1022 1036 1065 revelante.
1084 1021 1247 1077 Laycus
1271 1023 1437 1077 quidam
1470 1023 1638 1079 probus.
1681 1022 1769 1076 (XL
1792 1036 1860 1065 ra-

283 1094 393 1146 ben.)
438 1094 508 1136 lat.
538 1094 632 1136 125.

225 1199 233 1208 .
284 1165 512 1208 Consilium
537 1169 740 1208 secretum
774 1179 856 1207 non
886 1169 948 1208 est
979 1164 1261 1208 revelandum.
1310 1166 1544 1209 Macrobius
1578 1166 1715 1209 refert.
1766 1164 1859 1218 (Pa-

283 1238 438 1293 pilius.)
488 1237 728 1293 (Papirius.)
776 1236 847 1279 lat.
876 1238 970 1279 126.

224 1342 233 1350 .
283 1309 344 1351 De
376 1309 632 1363 gratitudine
655 1308 833 1364 qualiter
864 1313 1104 1351 remunerat
1137 1311 1213 1352 etc.
1262 1309 1466 1352 Henricus
1487 1309 1727 1365 imperator.
1778 1307 1860 1361 (In-

283 1385 425 1435 gratus
458 1381 542 1423 und
575 1379 741 1433 Guid0.)
789 1380 861 1423 lat.
890 1382 984 1422 119.

226 1486 233 1494 .
286 1453 347 1495 De
386 1453 565 1508 quadam
614 1452 788 1507 pulchra
832 1451 918 1494 filia
966 1453 1230 1508 imperatoris
1279 1457 1354 1495 etc.
1419 1452 1650 1509 Imperator
1690 1451 1860 1507 quidam

235 1527 236 1530 ’
282 1529 442 1579 potens.
495 1524 661 1571 (Sieben
689 1523 810 1578 jahre
842 1525 966 1575 treu.)
1014 1538 1143 1577 germ.
1168 1525 1236 1566 59.

195 1596 233 1637 8.
282 1595 345 1637 De
366 1595 564 1639 fidelitate
587 1596 791 1638 servanda
814 1596 940 1638 etiam
962 1595 1071 1638 inter
1092 1596 1268 1650 ignotos.
1304 1595 1439 1638 Erant
1461 1595 1540 1638 duo
1563 1595 1678 1638 socii.
1713 1594 1861 1649 (Biirg-

283 1667 447 1720 schaft.)
494 1667 564 1709 lat.
593 1669 688 1709 108.

282 1739 345 1781 De
368 1738 526 1781 duobus
549 1739 720 1782 canibus
751 1739 984 1781 contrariis.
1034 1738 1122 1781 Rex
1145 1739 1314 1794 quidam
1346 1738 1492 1781 habuit
1513 1738 1593 1781 duo
1615 1738 1859 1795 leporarios.

284 1810 538 1861 (Feindliche
570 1811 709 1853 hunde
741 1811 881 1864 einig.)
930 1810 1000 1852 lat.
1030 1811 1125 1852 133.

282 1881 345 1924 De
378 1896 475 1936 iege
506 1882 635 1936 largo.
692 1882 779 1925 Rex
812 1882 911 1924 fecit
949 1895 1023 1938 per
1054 1895 1229 1936 iegnum
1271 1895 1390 1923 suum
1430 1881 1693 1938 proclamari.
1748 1881 1863 1934 (Den

284 1967 427 1995 aimen
459 1953 525 1996 die
556 1953 819 2005 herrschaft.)
869 1953 940 1995 lat.
968 1954 1064 1995 131.

282 2024 344 2067 De
377 2025 455 2066 diis
489 2039 745 2080 paganoium
779 2028 855 2067 etc.
909 2024 1067 2078 Pagani
1099 2028 1160 2067 tot
1192 2024 1388 2067 dixerunt
1418 2038 1507 2068 esse
1529 2025 1627 2068 deos
1661 2029 1761 2081 quot
1780 2024 1863 2068 vir-

283 2099 405 2139 tutes.
456 2096 625 2152 (Pietas,
659 2110 729 2139 cor
761 2097 968 2147 scissum.)
1019 2110 1113 2152 app.
1141 2097 1208 2138 10.

284 2179 346 2222 De
386 2180 568 2233 imagine
607 2180 847 2235 penitentie.
910 2180 1051 2234 Imago
1092 2179 1321 2236 penitentie
1360 2179 1586 2222 secundum
1627 2180 1860 2234 remigium.

285 2250 566 2303 (Penitentia.)
616 2265 710 2307 app.
739 2253 804 2293 11.

285 2334 348 2376 De
380 2335 616 2377 humilitate
655 2338 696 2376 et
738 2335 954 2390 speciebus
992 2335 1092 2389 ejus.
1150 2334 1292 2377 Refert
1324 2335 1424 2377 titus
1465 2333 1601 2390 [platz
1641 2334 1708 2376 fiir
1739 2334 1862 2376 livius

284 2405 377 2460 frei]
415 2406 523 2460 quod
554 2406 724 2448 inventa
755 2407 845 2448 fuit.
896 2406 1095 2457 (Goldner
1126 2406 1263 2458 tisch.)
1313 2420 1408 2462 app.
1436 2407 1503 2447 12.

287 2489 349 2531 De
373 2489 449 2531 dea
469 2490 646 2532 fortune.
682 2489 794 2532 Idem
816 2489 1044 2531 tituslivius
1063 2489 1261 2532 describit
1282 2489 1403 2532 deam
1424 2489 1600 2531 fortune.
1631 2487 1861 2540 (Fortuna.)

287 2574 382 2615 app.
412 2561 476 2601 13.

229 2676 238 2685 .
286 2643 349 2684 De
388 2643 520 2685 tribus
560 2643 782 2685 honoribus
822 2646 863 2684 et
900 2643 1033 2685 tribus
1074 2644 1291 2700 vituperiis
1331 2647 1406 2686 etc.
1471 2641 1733 2685 Consuetudo
1774 2645 1863 2684 erat

288 2714 399 2768 apud
431 2727 639 2756 romanos.
689 2713 940 2768 (Triumph.)
989 2714 1060 2756 lat.
1085 2716 1154 2757 30.

287 2796 349 2838 De
381 2797 514 2838 tribus
546 2797 672 2839 fatuis
706 2800 781 2839 etc.
831 2796 965 2848 (Ohne
996 2799 1116 2850 text.)
1166 2797 1283 2849 (Drei
1315 2797 1497 2849 narren.)
1545 2796 1616 2838 lat.
1639 2796 1734 2838 165.

287 2878 349 2920 De
376 2880 541 2932 justitia
573 2883 613 2921 et
644 2883 755 2921 recto
783 2879 934 2933 judice.
990 2880 1221 2936 imperator
1253 2880 1420 2935 quidam
1453 2883 1493 2922 et
1525 2879 1706 2921 creditur
1729 2879 1860 2921 Theo-

288 2950 440 2991 dosius.
491 2949 828 3004 (Riigenglocke.)
877 2949 948 2992 lat.
976 2952 1070 2993 105.
