1954 3137
187 192 254 233 (38.

188 336 254 375 65).

188 476 255 517 70.

187 617 254 658 71.

192 1756 260 1797 79.

193 1898 260 1940 80.

193 2041 259 2082 81.

193 2113 260 2154 82.

1003 84 1057 125 86

305 190 398 246 Seq.
449 189 512 232 De
550 189 751 242 regimine
790 190 974 245 corporis
1014 194 1054 232 et
1087 190 1234 233 anime.
1291 190 1449 245 Regina
1480 191 1654 245 quedam
1687 191 1875 248 concepit

303 262 447 304 filium.
498 259 725 311 (Zweierlei
758 261 885 309 tuch.)
936 261 1007 303 lat.
1032 262 1099 303 26.

304 333 366 375 De
406 332 492 373 viro
535 332 604 386 qui
642 332 747 374 vidit
786 336 1021 387 serpentem
1061 332 1248 386 ligatum.
1305 333 1480 384 Quidam
1521 334 1628 376 enim
1669 338 1758 377 erat
1795 335 1870 376 vir.

306 403 526 456 (Schlange
557 402 702 453 liisen.)
751 402 821 444 lat.
850 404 945 444 174.

303 475 366 517 De
387 474 576 516 Janitore
608 478 649 516 et
680 473 862 526 gibboso
911 474 1014 516 Erat
1046 474 1212 529 quidam
1246 474 1436 517 dominus
1470 476 1539 529 qui
1571 475 1715 518 habuit
1745 489 1873 518 unum

303 545 548 587 szitorem.
599 544 734 595 (Zoll.)
782 545 853 587 lat.
882 546 975 587 157.

304 616 367 658 De
395 616 552 658 duobus
574 615 771 658 fratribus
795 616 1139 659 discordantibus.
1189 616 1360 670 Legitur
1381 617 1424 658 in
1446 618 1571 670 gestis
1594 630 1871 660 romanorum.

303 686 557 739 (Feindliche
589 687 771 737 briider.)
819 688 888 730 lat.
915 689 983 729 39.

307 758 400 813 Seq.
442 758 505 800 De
538 758 644 800 bello
668 758 792 801 Cristi
827 763 971 801 contra
1003 758 1225 801 diabolum.
1275 757 1441 800 Costras
1474 759 1701 814 imperator
1732 761 1876 801 contra

304 829 507 871 inimicos.
559 828 766 881 (Codrus.)
814 830 884 872 lat.
908 831 977 872 41.

223 901 256 942 ³.
304 901 366 943 De
397 901 530 942 tribus
563 900 658 941 filiis
692 904 732 942 et
763 901 902 956 lapide
935 901 1134 956 precioso.
1183 901 1268 943 Rex
1296 901 1461 955 quidam
1485 901 1629 944 habuit
1649 904 1733 944 tres
1754 900 1873 943 filios.

307 971 587 1024 (Glassteine.)
637 985 731 1026 app.
762 973 826 1012 14.

306 1042 369 1085 De
401 1046 525 1098 ponte
558 1047 599 1085 et
629 1043 741 1085 feris.
790 1042 894 1084 Erat
926 1043 1092 1097 quidam
1127 1042 1248 1085 homo
1283 1043 1352 1097 qui
1385 1043 1511 1085 semel
1543 1043 1593 1086 de
1624 1057 1705 1085 uno
1734 1056 1873 1097 regno.

308 1113 516 1166 (BriicKe.)
562 1128 690 1167 germ.
715 1115 783 1154 53.

306 1185 370 1227 De
401 1198 580 1240 precone
613 1190 653 1228 et
685 1185 852 1227 domina
873 1185 1014 1226 nobili.
1054 1185 1195 1227 Refert
1217 1185 1395 1227 valerius
1419 1185 1526 1239 quod
1549 1185 1716 1240 quidam
1737 1197 1873 1241 preco.

308 1256 477 1309 (Muttcr
510 1257 680 1307 stillen.)
729 1270 823 1311 app.
852 1257 916 1298 19.

306 1328 368 1370 De
407 1332 553 1384 etyope
587 1329 654 1382 qui
687 1328 727 1369 in
761 1327 867 1369 silva
897 1327 1011 1381 ligna
1043 1327 1218 1381 collegit.
1282 1326 1453 1381 Legitur
1483 1328 1524 1369 in
1559 1328 1664 1370 vitas
1695 1332 1874 1384 patrum.

307 1399 426 1452 (Drei
458 1401 641 1451 narren.)
691 1399 761 1440 lat.
790 1400 883 1440 1625).

250 1504 258 1512 .
304 1471 367 1513 De
399 1471 592 1526 passione
624 1470 793 1512 domini.
842 1470 1047 1525 Pompeus
1081 1470 1270 1523 regnavit
1303 1470 1372 1525 qui
1402 1470 1547 1513 statuit
1568 1484 1643 1526 pro
1663 1469 1765 1524 lege.
1814 1469 1876 1522 (In

306 1541 455 1584 waffen
487 1541 724 1595 begraben.)
773 1541 843 1583 lat.
873 1541 967 1582 154.

307 1613 370 1655 De
401 1614 563 1667 ingrato
598 1616 637 1655 et
669 1613 868 1666 gwidone.
918 1611 1122 1654 Lenucius
1156 1613 1345 1666 regnavit
1376 1616 1522 1669 potens
1552 1612 1671 1654 valde
1693 1613 1874 1668 quicum

309 1684 448 1726 semel.
499 1684 705 1737 (Ingratus
739 1684 822 1725 und
857 1682 1020 1733 Guido.)
1067 1683 1139 1725 lat.
1167 1685 1261 1725 119.

308 1755 370 1797 De
404 1759 633 1797 mercatore
666 1756 735 1809 qui
767 1759 851 1797 tres
887 1755 1117 1809 sapiencias
1151 1755 1347 1797 vendidit.
1396 1755 1679 1797 Domicrarius
1712 1755 1754 1796 in
1779 1754 1877 1797 civi-

310 1831 407 1868 tate.
458 1826 574 1877 (Drei
607 1827 846 1868 weisheiten
877 1826 1062 1876 kausen.)
1110 1825 1179 1868 lat.
1209 1828 1303 1868 103.

310 1898 372 1940 De
394 1898 525 1940 milite
548 1902 588 1940 et
609 1912 738 1940 uxore
762 1898 1007 1940 adulterata.
1043 1897 1306 1940 Theleminus
1324 1911 1438 1940 rome
1454 1898 1655 1951 regnavit.
1691 1897 1877 1949 (Wachs-

308 1969 424 2020 bild.)
471 1969 541 2010 lat.
570 1970 664 2011 102.

308 2040 370 2082 De
401 2040 624 2082 Eustachio
659 2041 728 2094 qui
762 2044 855 2082 ante
890 2040 1112 2082 vocabatur
1144 2039 1342 2095 placidus.
1392 2039 1630 2092 (Placidus.)
1682 2040 1753 2082 lat.
1781 2041 1875 2082 110.

309 2111 370 2153 De
418 2111 503 2153 filia
549 2112 656 2164 regis
704 2115 743 2153 et
787 2112 967 2165 quinque
1008 2111 1222 2153 militibus.
1279 2111 1466 2153 Valerius
1505 2111 1695 2165 regnavit
1731 2114 1877 2166 potens

309 2183 440 2225 valde.
489 2182 700 2235 (Stricke.)
756 2196 849 2238 app.
878 2184 942 2223 16.

534 2370 685 2404 XXIII.
729 2368 820 2404 Cod.
846 2369 1023 2404 Berolin.
1051 2369 1173 2404 theol.
1199 2370 1274 2404 lat.
1299 2369 1369 2415 10,
1403 2370 1536 2414 quart.

656 2441 709 2474 Bl.
732 2441 878 2474 144l1-
893 2441 999 2474 1491».
1039 2440 1220 2475 Auswahl.
1260 2451 1290 2475 c.
1311 2441 1412 2475 1446.

311 2536 425 2578 Nach
459 2538 590 2579 einen]
625 2536 899 2579 bruchstiicke
931 2537 1002 2578 der
1035 2537 1303 2579 Narrationes
1326 2551 1406 2579 von
1429 2537 1516 2579 Odo
1539 2536 1589 2579 de
1611 2535 1878 2590 Ceringtonia

196 2607 298 2660 (vgl.
321 2607 532 2650 Jahrbuch
563 2609 630 2649 fiir
662 2621 818 2650 roman.
844 2608 950 2649 liter.
981 2609 1114 2661 1853,
1146 2609 1216 2661 2),
1258 2623 1309 2650 zu
1350 2608 1544 2651 welchem
1584 2608 1656 2649 das
1696 2607 1877 2661 verlegte

195 2678 300 2720 blatt
326 2680 406 2719 145
439 2679 596 2732 gebim,
629 2679 732 2732 folgt
764 2683 884 2720 unter
915 2679 1009 2720 dem
1031 2679 1120 2721 titel
1142 2680 1372 2734 ‘speculum
1393 2677 1556 2733 lingwe³
1582 2679 1673 2721 eine
1695 2678 1878 2721 auswahl

196 2763 275 2790 von
308 2751 478 2792 stiicken
511 2751 583 2792 der
614 2749 660 2792 G.
685 2750 746 2803 R„
781 2750 846 2791 die
879 2750 1047 2792 deshalb
1079 2749 1455 2792 bemerkenswerth
1486 2750 1553 2803 ist,
1586 2750 1679 2792 weil
1711 2750 1770 2792 sie
1801 2750 1878 2792 mit

198 2820 276 2861 den
309 2821 662 2876 entsprechenden
696 2820 875 2876 capiteln
909 2821 979 2862 des
1013 2821 1291 2875 vulgartextes
1324 2835 1368 2862 so
1401 2834 1535 2874 genau
1567 2821 1748 2875 stimmt,
1787 2821 1876 2863 dass

198 2891 287 2933 eine
326 2892 730 2944 gemeinschaftliche
769 2892 994 2945 grundlage
1035 2905 1334 2946 angenommen
1371 2892 1535 2934 werden
1570 2891 1690 2934 muss.
1753 2892 1877 2935 Diese

198 2962 380 3004 auswahl
412 2963 466 3004 ist
497 2963 592 3004 kein
626 2963 888 3016 bruchstsuek,
922 2963 1097 3006 sondern
1129 2964 1194 3005 ein
1218 2963 1573 3017 abgeschlossenes
1594 2976 1759 3017 ganzes,
1791 2977 1875 3006 was
