1919 3157
885 89 970 130 483

724 220 826 262 CAP.
865 218 958 259 129.
993 217 1124 269 (121.)

550 307 623 351 De
660 307 852 352 amicitie
886 319 986 350 vere
1019 302 1306 363 probacc'one.

202 413 378 464 Quidam
400 427 472 455 rex
507 414 647 456 habuit
680 416 840 456 tantum
875 412 1039 454 unicum
1062 411 1205 464 filium,
1240 424 1359 465 quem
1393 410 1567 452 multum
1600 409 1763 461 dilexit3

86 484 155 539 qui
185 483 294 526 filius
327 498 351 526 a
382 489 499 540 patre
530 485 744 528 licenciam
785 484 961 539 accepit,
1001 487 1047 524 ut
1084 482 1282 524 mundum
1326 482 1511 523 visitaret
1542 486 1582 523 et
1613 481 1766 523 amicos

86 554 163 597 sibi
209 555 450 610 acquireret.
514 556 590 606 Qui
633 570 704 612 per
745 560 902 611 septem
942 567 1070 595 annos
1111 554 1285 607 vagabat
1323 553 1363 594 in
1402 552 1555 594 mundo
1594 557 1635 594 et
1675 556 1769 608 post
1815 554 1836 588 5

86 625 160 668 hec
192 626 242 668 ad
266 632 424 681 patrem
460 627 592 669 rediit.
641 627 763 669 Pater
795 626 1021 680 gaudenter
1053 638 1145 667 eum
1178 624 1335 679 recepit
1366 627 1405 665 et
1435 623 1484 665 ab
1508 637 1553 665 eo
1577 623 1767 678 quesivit,

87 701 186 753 quot
208 698 360 739 amicos
384 699 681 752 acquisivisset.
721 699 777 739 At
799 698 928 738 filius:
962 696 1082 748 Tres3
1114 696 1292 751 primum
1316 696 1491 737 amicum
1517 695 1621 750 plus,
1645 708 1767 748 quam

87 782 152 811 me
183 769 318 824 ipsum
352 769 491 823 dilige,
525 770 747 812 secundum
781 773 941 811 tantum
974 768 1080 810 sicut
1101 769 1319 823 meipsum,
1355 771 1395 808 et
1426 767 1598 808 tercium
1622 779 1768 821 parum

88 844 158 882 aut
195 840 333 882 nichil.
393 840 468 882 Cui
511 846 644 896 pater:
686 841 843 883 Bonum
887 843 948 881 est
988 853 1056 881 eos
1095 839 1268 895 probare
1308 841 1349 880 et
1388 841 1611 893 temptare,
1655 841 1768 879 ante—

88 924 210 966 quam
242 911 426 965 indigeas
460 912 509 954 de
542 913 611 954 eis.
655 912 829 953 Porcum
863 909 1000 952 occide
1032 914 1072 951 et
1104 911 1143 951 in
1177 923 1293 951 sacco
1328 922 1434 964 pone
1467 913 1507 951 et
1536 909 1579 950 in
1602 909 1768 950 domum
1796 910 1840 944 10

88 982 229 1035 amici,
263 995 382 1037 quem
416 983 507 1038 plus
540 983 676 1037 diligis
709 996 830 1038 quam
864 985 925 1034 te,
959 994 1083 1035 perge
1115 981 1164 1023 de
1197 985 1315 1022 nocte
1348 984 1389 1022 et
1420 981 1457 1022 ei
1489 980 1574 1034 dic,
1607 980 1714 1035 quod
1746 993 1771 1022 a

87 1066 186 1095 casu
216 1053 424 1096 hominem
457 1055 663 1106 occidisti3
704 1059 744 1096 et
776 1053 810 1095 si
842 1053 1053 1094 inventum
1087 1051 1212 1094 fuerit
1243 1065 1392 1107 corpus
1424 1065 1604 1105 mecum,
1638 1054 1770 1094 morte

88 1124 332 1180 turpissima
373 1138 441 1167 ero
482 1126 830 1180 condempnatus3
871 1137 968 1177 rogo
1002 1123 1123 1165 modo
1156 1127 1216 1177 te,
1260 1123 1365 1165 sicut
1395 1127 1437 1165 te
1469 1136 1632 1178 semper
1663 1122 1770 1178 plus,

89 1209 212 1251 quam
245 1197 462 1251 meipsum,
496 1197 637 1250 dilexi,
671 1209 862 1238 succurre
894 1194 1018 1236 michi
1054 1192 1204 1249 [1106]
1230 1194 1271 1236 in
1296 1194 1371 1236 hac
1393 1194 1574 1236 maxima
1595 1193 1772 1236 necessi-

87 1268 191 1308 tate!
241 1266 357 1317 Quod
396 1271 437 1309 et
475 1268 629 1310 factum
670 1272 744 1309 est.
805 1267 863 1308 At
899 1266 968 1307 ille
1010 1266 1243 1320 respondit:
1289 1264 1403 1307 Sicut
1440 1279 1531 1307 eum
1573 1265 1771 1318 occidisti,
1798 1267 1842 1302 15

83 1338 241 1399 justum
260 1341 334 1392 est,
353 1342 399 1380 ut
416 1353 519 1394 pene
541 1339 765 1394 subjaceas.
802 1337 882 1380 Sed
905 1337 939 1379 si
957 1350 1106 1392 corpus
1129 1350 1288 1379 mecum
1308 1341 1416 1379 esset
1436 1338 1649 1378 inventum
1666 1336 1772 1379 forte

89 1410 132 1451 in
155 1409 338 1464 patibulo
361 1423 430 1451 ero
459 1424 704 1466 suspensus3
739 1414 1053 1464 verumptamen
1076 1408 1172 1462 quia
1195 1409 1351 1451 amicus
1373 1421 1488 1450 meus
1519 1407 1648 1461 fuisti,
1681 1407 1772 1450 ideo

90 1484 225 1522 tecum
257 1494 427 1536 pergam
464 1481 516 1523 ad
548 1481 799 1536 patibulum,
839 1484 880 1523 et
916 1484 1134 1535 postquam
1176 1483 1362 1521 mortuus
1402 1479 1548 1533 fueris,
1588 1482 1671 1521 tres
1708 1479 1773 1521 vel

91 1555 266 1607 quatuor
297 1551 416 1594 ulnas
448 1553 574 1607 panni
607 1553 682 1594 tibi
713 1552 817 1594 dabo
851 1551 902 1593 ad
924 1564 1072 1606 corpus
1097 1555 1212 1592 tuum
1244 1551 1548 1593 involvendum.
1593 1550 1665 1592 Ille
1697 1550 1774 1592 hoc

91 1622 261 1665 audiens
294 1622 345 1664 ad
377 1623 600 1665 secundum
634 1624 811 1665 amicum
845 1622 1029 1676 accessit,
1064 1625 1104 1664 et
1134 1621 1250 1663 illum
1283 1626 1329 1664 ut
1359 1622 1539 1678 primum
1561 1622 1772 1677 probavit3
1799 1626 1844 1661 20

90 1693 161 1736 ille
192 1694 299 1736 sicut
329 1694 488 1749 primus
519 1695 656 1737 renuit
687 1695 846 1736 dicens:
889 1693 1033 1736 Credis
1073 1706 1139 1735 me
1170 1693 1352 1747 fatuum,
1385 1693 1492 1748 quod
1524 1693 1567 1735 in
1597 1693 1672 1735 tali
1702 1706 1774 1748 pe-

90 1765 220 1807 riculo
242 1779 307 1808 me
330 1778 483 1821 ponere
506 1765 679 1808 vellem?
710 1765 1034 1820 Verumptamen
1070 1764 1166 1819 quia
1197 1764 1353 1807 amicus
1374 1778 1489 1807 meus
1522 1764 1650 1818 fuisti,
1682 1764 1774 1807 ideo

93 1836 144 1878 ad
165 1836 395 1892 patibulum
428 1840 562 1878 tecum
597 1850 764 1892 pergam
800 1840 840 1878 et
871 1836 913 1878 in
938 1836 1003 1878 via
1033 1839 1073 1878 te
1095 1835 1350 1889 consolabor,
1385 1840 1583 1890 quantum
1616 1839 1771 1892 potero.

92 1906 164 1949 Ille
196 1907 247 1949 ad
278 1907 451 1950 tercium
484 1908 658 1950 amicum
693 1908 866 1950 accessit
897 1911 938 1949 et
969 1921 1061 1949 eum
1093 1907 1286 1963 probavit
1317 1906 1477 1949 dicens:
1510 1906 1775 1949 Verecundor

91 1978 167 2021 tibi
206 1978 339 2033 loqui,
380 1978 488 2033 quod
528 1993 750 2034 numquam
792 1993 866 2034 pro
900 1983 940 2020 te
980 1978 1136 2033 aliquid
1175 1978 1254 2020 feci
1287 1982 1328 2033 et
1358 1991 1450 2020 ecce
1481 1991 1590 2020 nunc
1623 1992 1647 2020 a
1677 1991 1775 2020 casu
1800 1986 1844 2021 25

92 2049 301 2091 hominem
333 2049 521 2092 interfeci
555 2056 629 2092 etc.
677 2051 734 2092 At
765 2050 855 2092 ille:
889 2048 1086 2092 Libenter
1116 2049 1192 2091 hoc
1221 2049 1372 2091 faciam
1403 2052 1444 2091 et
1465 2049 1628 2105 culpam
1650 2049 1775 2091 michi

91 2120 318 2176 imponam,
351 2125 392 2163 et
422 2121 651 2176 patibulum
685 2122 719 2163 si
750 2135 917 2164 necesse
948 2121 1072 2163 fuerit
1102 2134 1178 2176 pro
1207 2124 1247 2163 te
1279 2120 1510 2163 ascendam.
1553 2119 1674 2162 Hunc
1705 2134 1775 2162 ex-

92 2195 253 2247 pertum
287 2195 351 2233 est
380 2191 591 2235 meliorem
626 2193 802 2234 amicum
836 2207 956 2235 suum
987 2192 1128 2234 fuisse.

210 2263 496 2305 Moralz'zacio.
540 2263 767 2317 Carissimi,
790 2277 864 2306 rex
886 2263 955 2306 ille
978 2267 1040 2305 est
1062 2262 1161 2305 deus
1193 2262 1475 2317 omnipotens3
1497 2262 1606 2304 filius
1629 2263 1774 2305 unicus

93 2337 157 2377 est
187 2333 359 2388 quilibet
390 2333 519 2376 bonus
551 2334 813 2388 christianus,
846 2335 914 2389 qui
947 2348 1021 2390 per
1043 2347 1107 2375 ΧΠ
1130 2347 1258 2375 annos
1291 2334 1317 2375 i.
1342 2347 1374 2375 e.
1408 2334 1449 2375 in
1482 2337 1568 2376 toto
1590 2337 1775 2389 tempore
1799 2340 1844 2375 30

93 2405 175 2447 vite
207 2418 278 2447 sue
310 2405 434 2448 habet
464 2406 506 2447 in
538 2406 689 2447 mundo
722 2405 959 2448 conversari
991 2410 1032 2447 et
1062 2408 1145 2446 tres
1179 2404 1332 2446 amicos
1373 2417 1556 2459 querere.
1609 2404 1775 2446 Primus

95 2479 157 2518 est
186 2476 379 2526 mundus,
413 2490 532 2531 quem
567 2476 658 2531 plus
691 2477 826 2530 diligit
854 2490 976 2531 quam
1011 2476 1205 2531 seipsum.
1253 2474 1457 2517 Probatur
1486 2475 1582 2527 hoc;
1606 2479 1776 2530 propter

94 2546 291 2588 mundum
324 2547 445 2589 homo
477 2548 595 2603 ponit
626 2561 668 2589 se
700 2549 742 2589 in
774 2548 956 2603 periculo
988 2547 1155 2600 mortis,
1190 2547 1312 2588 modo
1344 2547 1388 2588 in
1420 2546 1546 2600 mari,
1579 2546 1700 2588 modo
1731 2546 1772 2588 in

94 2622 206 2660 terra
235 2618 363 2660 vitam
397 2632 494 2674 sepe
527 2618 774 2672 amittendo,
814 2623 859 2660 ut
890 2618 1135 2673 temporalia
1167 2605 1274 2660 bona
1305 2618 1437 2673 possit
1467 2617 1637 2669 habere3
1677 2630 1774 2671 ergo

94 2688 187 2744 plus
220 2688 354 2743 diligit
384 2690 583 2731 mundum
615 2702 738 2743 quam
771 2690 966 2744 seipsum.
1019 2688 1074 2730 Et
1105 2689 1139 2730 si
1172 2702 1264 2731 eum
1297 2693 1484 2743 tempore
1516 2687 1774 2730 necessitatis
1799 2696 1844 2732 35

94 2759 357 2815 probaveris,
397 2761 486 2803 sine
518 2759 640 2802 dubio
680 2760 753 2802 tibi
794 2759 972 2811 deficiet;
1013 2760 1138 2802 immo
1171 2760 1221 2802 de
1253 2759 1442 2801 omnibus
1474 2758 1592 2800 bonis
1623 2758 1706 2800 tuis
1739 2759 1774 2800 si

94 2829 172 2872 tibi
210 2830 369 2873 dederit
406 2831 507 2873 duas
550 2831 665 2872 ulnas
704 2830 767 2872 vel
805 2834 888 2873 tres
929 2830 979 2872 de
1018 2844 1154 2886 panno
1201 2831 1254 2873 ad
1292 2829 1582 2872 involvendum
1622 2842 1771 2885 corpus

94 2904 232 2956 tuum,
278 2902 452 2944 multum
501 2906 574 2945 est.
639 2900 848 2944 Secundus
895 2901 1071 2956 amicus,
1118 2916 1239 2957 quem
1287 2905 1448 2944 tantum
1491 2901 1628 2955 diligis
1667 2901 1773 2944 sicut

47 2989 49 2992 ·
95 2973 294 3028 teipsum,
335 2978 398 3016 est
433 2987 537 3016 uxor
568 2978 639 3015 tua
676 2977 717 3015 et
748 2972 822 3014 filii
852 2972 912 3014 tui
944 2975 985 3015 et
1024 2972 1128 3025 filie3
1169 2986 1247 3027 que
1287 2973 1389 3015 bene
1426 2972 1476 3014 ad
1509 2971 1771 3028 sepulchrum

1414 3046 1492 3082 31³*
