1919 3157
856 61 940 102 503

62 168 298 212 differencia
328 172 390 211 est
420 167 538 209 hodie
571 168 612 208 in
644 166 808 208 mundo.
859 165 1057 207 Similiter
1090 165 1253 220 applica
1284 165 1390 206 sicut
1421 165 1500 206 scis
1533 167 1574 206 et
1602 164 1663 205 vis
1686 163 1736 205 de

62 240 312 284 mulieribus.
367 238 644 293 Spiritualiter
677 251 815 279 verum
850 242 912 278 est
944 237 992 278 de
1024 237 1114 278 istis
1147 235 1414 288 monialibus,
1454 234 1664 277 monachis
1697 238 1737 276 et

61 311 232 354 clericis.
274 309 383 352 Nota
414 309 616 363 quomodo
649 308 767 350 hodie
802 308 956 349 vadunt
986 312 1061 350 etc.
1111 306 1289 357 Quartus
1312 305 1579 361 philosophus
1610 305 1734 347 dixit:

66 381 266 424 Voluntas
300 385 361 422 est
393 381 525 433 racio,
566 380 656 421 ideo
689 392 856 432 regnum
890 378 997 420 male
1030 378 1200 431 cogitur.
1257 376 1342 427 Que
1374 382 1436 419 est
1465 377 1596 429 racio,
1630 375 1737 430 quod

62 458 173 496 terra
205 451 311 494 male
342 450 524 504 cogitur?
557 449 676 492 Certe
709 449 821 491 nulla
853 449 946 502 alia,
980 450 1058 490 nisi
1092 448 1199 503 quod
1232 447 1488 489 dominorum
1521 446 1736 489 consilium
1763 451 1784 485 5

63 528 125 567 est
163 523 338 574 malum3
378 535 473 564 nam
514 521 609 563 olim
650 521 872 562 consiliarii
914 520 1100 562 solebant
1139 519 1237 561 dare
1275 519 1445 561 consilia
1472 519 1593 572 juxta
1625 517 1738 572 equi-

63 598 205 647 tatem,
237 606 346 636 nunc
378 597 513 635 autem
547 607 593 634 ea
625 593 724 635 dant
755 591 977 633 secundum
1011 591 1278 632 voluntatem.
1332 589 1509 646 Applica
1540 590 1647 630 sicut
1677 588 1738 630 vis

66 670 107 709 et
137 666 238 718 scis,
279 678 404 718 quare
437 664 511 706 hoc
542 664 710 706 faciunt.
767 662 1048 718 Spiritualiter
1080 662 1208 704 eciam
1241 674 1381 703 verum
1426 665 1505 711 est3
1546 658 1740 714 quicquid

63 737 173 780 racio
206 736 334 778 dictat
364 748 437 790 pro
471 739 611 777 eterna
650 734 801 787 salute,
841 734 1030 776 voluntas
1062 732 1150 774 vult
1181 733 1429 787 oppositum.
1484 729 1738 773 Secundum:

63 807 268 850 Denarius
291 806 362 848 dat
383 807 633 848 sentenciam
658 810 731 848 etc.
780 805 865 855 Que
889 810 950 847 est
972 805 1094 857 racio,
1129 803 1236 858 quod
1259 803 1317 844 sic
1339 802 1529 844 venditur
1545 800 1739 856 justicia?
1768 805 1810 840 10

62 878 185 922 Nulla
217 877 298 920 alia
330 890 450 932 quam
475 877 679 929 denarius,
714 877 822 931 quia,
856 878 888 918 si
921 876 1082 918 veneris
1106 875 1155 916 ad
1173 873 1388 927 judicium,
1422 877 1462 915 01
1493 873 1527 914 si
1549 872 1740 914 habueris

63 949 162 992 dare
194 949 409 1004 pecuniam
442 952 482 990 et
512 948 546 990 si
578 961 740 989 causam
776 949 817 989 in
839 948 1050 1001 justiciam
1086 945 1292 998 habueris,
1319 945 1448 999 judex
1479 957 1554 999 pro
1576 948 1616 986 te
1648 956 1740 985 sen-

63 1020 273 1074 tenciabit,
306 1032 386 1061 non
422 1019 550 1072 videt,
584 1019 616 1060 si
648 1032 742 1061 reus
774 1019 921 1072 fueris,
955 1019 1052 1072 quia
1084 1030 1256 1059 munera
1281 1016 1467 1070 judicum
1500 1014 1638 1057 oculos
1671 1027 1741 1056 ex-

65 1096 220 1135 cecant.
270 1089 550 1146 Spiritualiter
582 1090 708 1132 eciam
742 1103 882 1132 verum
917 1095 979 1132 est
1009 1090 1050 1131 in
1067 1088 1223 1142 judicio
1257 1087 1545 1138 confessionis3
1579 1086 1676 1141 quia
1706 1085 1741 1127 si

64 1163 242 1205 volueris
289 1162 339 1204 de
377 1161 538 1215 magnis
577 1162 755 1216 peccatis
801 1162 1026 1216 impetrare
1067 1160 1229 1202 veniam
1267 1158 1444 1200 faciliter
1485 1161 1525 1199 et
1557 1156 1741 1211 judicem
1768 1161 1812 1196 15

64 1235 339 1278 confessorem
372 1232 550 1288 placare,
583 1232 799 1287 pecuniam
833 1232 1039 1285 ostendas,
1073 1235 1113 1273 et
1144 1231 1239 1272 licet
1270 1243 1351 1271 non
1383 1228 1575 1271 habuerit
1602 1232 1741 1270 aucto-

63 1307 244 1359 ritatem,
276 1310 316 1347 te
347 1303 545 1356 absolvet,
578 1303 850 1358 penitenciam
884 1303 1082 1358 imponet.
1125 1301 1233 1344 Nota
1265 1301 1393 1343 eciam
1425 1299 1660 1342 litteraliter
1692 1299 1742 1341 de

64 1378 157 1420 istis'
195 1375 437 1419 officialibus
483 1378 523 1417 et
568 1374 683 1416 curia
723 1387 913 1428 romana,
961 1388 1039 1429 que
1083 1387 1167 1415 11011
1205 1372 1310 1428 petit
1351 1384 1467 1413 ovem
1506 1371 1594 1413 sine
1633 1370 1740 1412 lana.

65 1449 277 1492 Tercium:
316 1447 429 1489 Deus
462 1450 523 1489 est
553 1449 738 1487 mortuus
771 1451 846 1488 etc.
902 1444 1021 1487 Certe
1058 1445 1093 1487 si
1125 1444 1224 1486 deus
1258 1442 1390 1485 adbuc
1420 1443 1598 1495 viveret,
1638 1443 1744 1485 sicut

67 1523 161 1562 ante
192 1518 545 1571 incarnacionem,
586 1517 747 1571 quando
789 1521 958 1572 propter
1001 1514 1121 1570 [1⁶21]
1155 1518 1368 1570 peccatum
1408 1513 1570 1556 luxurie
1610 1517 1742 1556 totum
1769 1518 1814 1553 20

65 1591 262 1634 mundum
295 1589 517 1632 submersit
549 1593 638 1630 octo
669 1588 884 1630 animabus
907 1588 1102 1643 exceptis.
1150 1584 1303 1640 [Nota,]
1331 1585 1534 1640 quomodo
1557 1585 1743 1627 homines

66 1666 164 1705 tunc
195 1675 238 1704 se
269 1661 455 1703 solebant
485 1659 694 1702 retrahere
727 1673 750 1700 a
783 1659 983 1714 peccatis,
1026 1657 1170 1700 saltem
1212 1657 1382 1710 timore,
1425 1657 1460 1698 si
1490 1669 1572 1698 non
1605 1669 1744 1698 amore

67 1747 128 1787 eo,
161 1732 268 1788 quod
301 1732 486 1775 sciebant
517 1731 636 1773 deum
671 1730 809 1772 omnia
840 1730 1071 1772 vindicare!
1106 1728 1186 1771 Sed
1218 1742 1327 1770 nunc
1359 1728 1475 1782 quasi
1501 1731 1688 1769 mortuus
1720 1740 1745 1769 0

65 1804 183 1847 nobis
220 1808 456 1859 reputatur,
497 1816 572 1845 1100
609 1802 659 1844 de
697 1801 834 1843 futuro
867 1801 1045 1854 judicio,
1087 1799 1152 1842 vel
1190 1799 1239 1841 de
1277 1799 1458 1852 inferno,
1498 1799 1564 1841 vel
1603 1802 1745 1841 eterna

66 1889 193 1932 pena,
232 1874 297 1917 vel
328 1878 467 1916 eterno
499 1886 624 1927 regno
657 1873 884 1926 cogitamus
918 1876 992 1914 etc.
1045 1871 1152 1914 Ecce
1184 1870 1400 1912 audivistis
1433 1870 1646 1912 duodecim
1678 1883 1744 1912 ra·
1769 1874 1814 1908 25

69 1948 228 2000 cinnes,
269 1959 395 2001 quare
433 1949 542 1987 totus
575 1944 751 1986 mundus
785 1948 848 1986 est
878 1944 922 1985 in
955 1942 1134 1996 maligno
1168 1942 1338 1997 positus.
1395 1941 1600 1991 Quiescite
1632 1955 1741 1995 ergo,

68 2018 291 2071 carissimi,
332 2030 454 2071 agere
493 2017 707 2071 perverse!
757 2015 914 2057 Discite
960 2014 1062 2056 bene
1101 2014 1257 2055 facere!
1307 2010 1417 2054 Ysai.
1441 2012 1587 2054 lxv111:
1630 2012 1744 2055 Tunc

69 2088 322 2144 cognoscetis
354 2087 584 2141 veritatem,
617 2090 659 2129 et
690 2086 842 2128 veritas
873 2085 1065 2128 liberavit
1096 2097 1181 2137 VOS,
1213 2084 1323 2139 quod
1354 2084 1470 2126 nobis
1502 2084 1711 2126 concedat.

711 2315 814 2358 CAP.
842 2316 935 2357 145.
969 2314 1102 2366 (137.)

104 2407 177 2454 De
211 2407 287 2452 via
322 2404 480 2451 salutis
517 2419 652 2465 quam
689 2404 898 2449 dominus
934 2402 1040 2446 deus
1069 2416 1155 2461 per
1176 2401 1329 2461 filium
1353 2415 1483 2446 suum
1522 2401 1706 2460 aperuit.
1767 2410 1814 2445 30

186 2514 382 2557 Albertus
421 2519 582 2566 narrat,
623 2512 728 2566 quod
769 2516 954 2565 tempore
985 2509 1167 2565 Philippi
1199 2513 1288 2551 erat
1323 2508 1496 2563 quedam
1534 2508 1601 2549 via
1637 2508 1745 2550 inter

71 2585 172 2628 duos
203 2589 363 2627 montes
385 2584 595 2636 Armenie,
629 2596 706 2637 que
737 2582 807 2623 diu
839 2585 928 2622 erat
947 2580 1223 2634 frequentata3
1256 2584 1400 2636 postea
1424 2583 1558 2620 autem
1583 2579 1743 2633 accidit,

72 2657 228 2709 nullum
262 2669 382 2712 posse
405 2655 581 2697 transire
614 2654 721 2695 viam
754 2657 923 2708 propter
945 2652 1052 2693 aeris
1080 2652 1355 2704 infectionem,
1388 2650 1467 2692 nisi
1499 2650 1741 2705 exspiraret.

71 2727 188 2771 Unde
219 2741 292 2770 rex
324 2740 489 2770 causam
524 2739 547 2768 a
578 2724 833 2780 sapientibus
864 2723 968 2764 tanti
1001 2722 1099 2764 mali
1132 2722 1328 2776 querebat
1365 2726 1405 2763 et
1434 2720 1570 2763 nullus
1602 2735 1652 2764 ex
1684 2722 1742 2764 eis

73 2799 111 2843 ei
142 2800 355 2842 veritatem
388 2798 522 2840 dicere
545 2801 716 2852 poterat.
760 2794 942 2836 Tandem
966 2798 1133 2836 vocatus
1157 2793 1345 2835 Socrates
1368 2792 1473 2834 dixit
1503 2793 1602 2845 regi,
1635 2793 1742 2847 quod
1767 2800 1812 2835 35

74 2869 275 2914 edificium
309 2868 519 2912 edificaret
549 2866 705 2921 equalis
737 2865 967 2908 altitudinis
998 2878 1091 2907 cum
1122 2864 1343 2907 montibus.
1391 2862 1477 2913 Quo
1507 2862 1616 2907 facto
1645 2865 1744 2908 fecit

167 2952 210 2987 27
236 2950 384 2995 Discite]
411 2955 495 2996 oriy.
514 2948 643 2984 Dicite.
