1929 3157
20 163 88 205 63.

20 305 88 346 64.

19 447 88 489 65.

18 589 86 631 66.

19 730 87 772 67.

19 873 88 915 68.

19 1015 86 1058 69.

19 1158 86 1200 70.

19 1299 86 1341 71.

19 1441 87 1483 72.

20 1584 87 1627 73.

19 1727 86 1770 74.

18 1870 86 1913 75.

18 2013 86 2056 76.

18 2155 41 2197 7
48 2156 86 2198 7.

19 2298 86 2340 78.

20 2439 86 2482 79.

21 2579 89 2624 80.

22 2722 89 2765 81.

22 2863 90 2907 82.

817 62 898 103 125

134 162 306 213 Quidam
341 177 411 205 rex
445 168 533 206 erat
563 165 711 207 nobilis
746 166 862 208 valde
895 167 934 208 in
968 167 1082 221 cujus
1117 182 1240 222 regno
1273 173 1391 212 erant
1422 169 1501 211 duo
1524 169 1688 212 milites.

136 234 330 285 (Aussatz
364 248 436 277 aus
468 235 593 286 neid.)
640 235 710 278 lat.
739 238 832 278 151.

134 304 237 347 Erat
276 305 441 360 quidam
474 319 546 348 rex
573 307 710 361 justus
744 307 862 350 valde
894 321 939 351 ac
973 309 1151 364 prudens
1184 310 1252 364 qui
1284 310 1461 354 habebat
1490 311 1532 353 in
1564 324 1691 365 regno

135 390 220 418 suo.
269 377 603 431 (Todtensiegel.)
650 377 720 420 lat.
751 379 843 420 128.

135 447 307 498 Quidam
340 462 411 491 rex
445 453 534 491 erat
564 449 715 491 nobilis
738 450 779 491 in
803 451 917 504 cujus
939 464 1063 505 regno
1087 455 1205 494 erant
1227 452 1306 494 duo
1329 453 1494 495 milites.
1543 453 1692 506 (Nach-

134 519 266 572 tigal.)
314 519 382 562 lat.
410 521 506 562 121.

134 587 277 632 Gallus
308 591 350 632 in
382 591 549 633 civitate
582 605 752 634 romana
783 593 972 646 regnavit
1003 594 1184 648 prudens
1208 593 1326 636 valde
1348 599 1389 637 et
1409 608 1533 650 super
1556 595 1694 637 omnia

126 661 277 714 justus.
326 661 463 714 (Fisch
496 662 752 715 umkehren.)
801 677 928 717 germ.
954 665 1021 706 62.

135 730 330 775 Claudius
367 733 410 775 in
449 734 616 776 civitate
653 748 824 776 romana
862 736 1051 788 regnavit
1087 736 1268 792 prudens
1301 736 1420 779 valde
1451 737 1521 791 qui
1553 736 1690 779 semel.

135 801 330 853 (Lahmer
361 804 443 846 und
476 804 666 857 blinder.)
712 805 782 847 lat.
808 806 876 847 71.

132 872 237 916 Erat
268 875 433 929 quidam
467 889 613 918 avarus
647 889 816 919 manens
843 877 966 931 juxta
988 891 1100 920 mare
1122 878 1191 933 qui
1212 879 1437 920 maximam
1458 878 1693 935 peeuniiam

136 945 295 1000 colegit.
345 946 509 997 (Schatz
542 948 597 989 im
632 947 810 999 haume.)
856 947 927 990 lat.
956 949 1049 990 109.

134 1015 308 1066 Quidam
340 1030 413 1060 rex
446 1018 514 1072 qui
546 1019 692 1061 statuit
723 1033 796 1075 pro
828 1018 917 1073 lege
949 1020 1058 1074 quod
1087 1020 1318 1075 quicunque
1339 1020 1445 1063 mori
1466 1020 1601 1063 subito
1624 1020 1693 1063 de-

135 1086 261 1130 beret.
311 1088 697 1145 (Todestrompete.)
744 1090 814 1132 lat.
842 1091 937 1132 143.

135 1157 309 1208 Quidam
341 1159 460 1202 miles
492 1165 582 1203 erat
615 1162 685 1215 qui
718 1161 883 1203 unicum
914 1161 1044 1204 filium
1076 1161 1254 1205 habebat
1285 1176 1403 1217 quem
1434 1163 1609 1206 multum
1633 1163 1693 1206 di-

134 1229 249 1272 lexit.
304 1229 351 1281 (F
357 1231 431 1272 uns
458 1231 586 1274 fasser
618 1232 753 1284 wein.)
801 1232 872 1275 lat.
898 1233 964 1275 72.

133 1299 354 1350 Quintillus
386 1303 574 1356 regnavit
604 1303 673 1358 qui
706 1303 852 1346 statuit
883 1317 956 1359 pro
976 1303 1066 1357 lege
1089 1304 1198 1359 quod
1219 1304 1391 1360 quilibet
1412 1317 1542 1348 eeeus.
1593 1306 1694 1358 (100

134 1371 365 1425 groschen.)
412 1373 483 1415 lat.
508 1374 576 1416 73.

135 1441 371 1486 Alexander
408 1445 597 1498 regnavit
633 1445 676 1487 in
715 1445 882 1489 civitate
919 1459 1091 1488 romana
1126 1450 1272 1502 potens
1305 1447 1434 1490 valde.
1499 1446 1694 1499 (Narren-

136 1514 275 1570 apsel.)
322 1514 394 1557 lat.
419 1517 486 1557 74.

134 1584 253 1628 Miles
286 1586 451 1641 quidam
485 1591 574 1630 erat
605 1588 675 1643 qui
705 1587 884 1631 habebat
914 1588 1015 1631 duos
1047 1602 1168 1632 canes
1200 1602 1301 1644 quos
1333 1588 1508 1632 multum
1534 1589 1692 1633 dilexit.

136 1656 313 1711 (Hunde‚
346 1658 471 1710 wolf.)
518 1658 589 1701 lat.
617 1660 712 1701 133.

133 1726 238 1771 Erat
269 1729 434 1783 quidam
468 1730 665 1784 magister
693 1731 850 1786 peritus
872 1731 915 1772 in
938 1735 1025 1774 arte
1045 1731 1328 1786 nigromaneia
1349 1732 1391 1774 in
1414 1745 1494 1787 qua
1513 1732 1692 1775 fuerunt.

135 1798 420 1851 (Zauberbuch
453 1801 643 1854 stehlen.)
691 1815 786 1857 app.
812 1802 880 1844 64.

134 1869 428 1914 Constantinus
466 1873 657 1926 regnavit
694 1877 841 1929 potens
882 1887 928 1916 ae
966 1873 1080 1917 dives
1118 1873 1236 1917 valde
1269 1874 1338 1929 qui
1368 1877 1452 1918 tres
1483 1874 1589 1917 filias
1620 1874 1693 1917 ha-

132 1941 267 1985 bebat.
317 1942 434 1995 (Drei
464 1944 677 1995 wittwen.)
729 1943 800 1986 lat.
825 1944 892 1986 75.

133 2012 310 2064 Quidam
340 2013 452 2056 lusor
484 2028 701 2058 occurrens
725 2015 844 2057 beato
866 2015 1098 2058 bernhardo
1122 1982 1335 2071 equitanti.
1385 2016 1459 2069 (St.
1478 2015 1693 2060 Bernhard

132 2084 217 2127 und
248 2085 320 2128 der
351 2085 533 2141 spieler)
579 2086 651 2128 lat.
679 2087 773 2128 170.

132 2155 329 2211 Adonyas
351 2170 424 2200 rex
446 2158 650 2212 quendam
671 2157 803 2200 filium
824 2157 968 2201 habuit
981 2157 1304 2214 pulcherrimum
1322 2158 1689 2215 sapientissimum.

135 2226 321 2278 (Justitia
355 2251 405 2256 —
439 2227 557 2280 Pax.)
602 2228 672 2271 lat.
698 2229 766 2270 55.

134 2297 260 2341 Cesar
305 2302 503 2353 augustus
546 2312 764 2342 romanum
809 2299 1030 2355 imperium
1076 2301 1246 2355 regebat
1292 2301 1362 2357 qui
1405 2314 1478 2344 sue
1525 2301 1688 2344 dicioni.

135 2368 339 2423 (Census.)
388 2383 482 2426 app.
509 2371 576 2412 63.

133 2439 354 2496 Pampejus
385 2441 574 2495 regnavit
605 2441 718 2483 dives
750 2454 874 2496 super
897 2442 1035 2484 omnia
1057 2455 1104 2486 ae
1123 2447 1270 2498 potens
1293 2443 1363 2498 qui
1384 2442 1524 2485 filiam.
1573 2443 1691 2496 (Ent-

132 2511 247 2553 fuhrt
276 2511 360 2554 und
391 2511 645 2565 besehenkt.)
692 2511 762 2554 lat.
789 2514 824 2553 1.

137 2580 365 2625 Gracianus
396 2583 585 2637 regnavit
615 2583 684 2638 qui
717 2583 863 2626 statuit
893 2596 967 2639 pro
998 2583 1088 2638 lege
1119 2584 1195 2627 sub
1226 2597 1334 2640 pena
1365 2584 1521 2627 mortis.
1572 2583 1691 2637 (Brii-

135 2652 221 2707 der,
254 2653 407 2706 onkel.)
454 2653 524 2697 lat.
550 2655 588 2696 2.

135 2722 343 2766 Honorius
374 2725 563 2778 regnavit
594 2725 663 2779 qui
694 2725 840 2767 statuit
871 2738 945 2781 pro
976 2725 1064 2780 lege
1096 2726 1205 2781 quod
1235 2727 1271 2768 si
1302 2725 1450 2768 mulier
1482 2725 1557 2768 sub
1588 2725 1688 2768 viro.

137 2793 348 2846 (Zweimal
379 2795 703 2848 hinabstiirzen.)
749 2795 820 2838 lat.
846 2797 886 2837 3.

137 2864 333 2908 Claudius
370 2867 559 2920 regnavit
597 2867 666 2922 qui
707 2867 852 2909 statuit
889 2880 963 2923 pro
1002 2867 1092 2922 lege
1132 2868 1240 2924 quod
1279 2867 1314 2909 si
1353 2867 1444 2922 quis
1476 2866 1690 2911 mulierem

137 2941 312 2993 raperet.
361 2937 487 2990 (Zwei
517 2938 662 2981 frauen
694 2937 911 2991 entfiihrt.)
958 2937 1030 2981 lat.
1053 2940 1094 2981 4.
