1929 3157
72 344 136 385 10.

879 31 951 70 1431

184 132 395 175 Narracio.
419 158 470 163 ——
502 135 676 185 Quidam
697 135 815 178 miles
834 149 955 177 sevus
974 139 1063 177 erat
1087 135 1288 177 tirannus.
1320 135 1438 177 (Fuss
1457 135 1540 177 ab.)
1572 135 1643 176 lat.
1667 136 1762 177 127.

185 202 246 246 De
279 204 516 247 elemosina.
543 230 595 234 —
630 206 804 256 Quidam
838 207 1064 261 imperator
1089 205 1244 247 habens
1266 205 1397 248 filium
1420 206 1601 248 unicum.
1641 204 1765 260 (Nar-

185 274 406 330 renapfel.)
452 276 522 318 lat.
550 277 617 317 74.

185 343 247 386 De
277 345 439 388 diviciis
469 351 509 388 ct
533 352 789 402 paupertate.
816 372 868 375 —
900 347 1076 397 Quidam
1100 347 1329 402 imperator
1352 346 1497 389 habuit
1519 347 1620 390 duas
1643 347 1762 390 filias.

183 415 339 470 (Sehbn
372 418 454 459 und
489 417 697 473 hasslich.)
748 419 819 462 lat.
846 420 913 460 77.

529 593 628 629 LVI.
675 593 766 629 Cod.
795 594 947 629 Monac.
974 592 1048 628 lat.
1074 591 1196 637 5865,
1229 591 1300 627 fol.

595 664 910 699 Bl.490—498b.
950 663 1050 698 1411.
1090 664 1134 697 26
1160 672 1239 706 cap.

185 756 393 813 Incipiunt
426 759 602 813 quedam
635 773 903 802 romanorum
937 762 1055 813 gesta
1087 761 1163 801 etc.
1212 757 1292 800 Am
1326 757 1449 800 ende:
1482 757 1538 800 Et
1566 758 1626 800 sic
1648 758 1767 800 finita

66 830 130 870 est
160 828 386 871 rubricatio
420 842 455 871 a.
481 830 519 872 d.
548 831 653 872 1411
693 834 769 873 eto.
820 830 936 873 Ohne
968 829 1285 872 iiberschriften.

100 914 135 953 1.

94 1053 135 1237 &905⁹

97 1479 137 1663 ροβε»

96 1694 135 1735 ,Φ

71 1839 136 1878 11.

69 1907 135 1949 12.

70 1979 136 2020 13.

70 2120 136 2162 14.

71 2190 137 2232 15.

70 2261 136 2303 16.

71 2403 136 2444 17.

70 2473 136 2515 18.

70 2614 137 2656 19.

68 2683 136 2726 20.

67 2824 136 2866 21.

42 2924 44 2926 ψ
68 2894 137 2936 22.

130 2975 352 3013 Oesterley.
376 2975 467 3004 Gesta
488 2975 700 3003 Romanorum.
1435 2964 1479 2998 11

183 910 388 954 Narratur
435 912 543 967 quod
591 913 759 968 quidam
806 914 1046 968 imperator.
1111 911 1381 966 (Senesohal,
1423 911 1511 954 drei
1550 911 1765 963 freunde.)

183 995 312 1036 germ.
338 984 407 1025 34.

182 1052 288 1096 Erat
319 1054 487 1109 quidam
520 1055 748 1110 imperator
779 1055 849 1110 qui
882 1054 1041 1096 statuit.
1089 1050 1352 1107 (Schinden.)
1398 1052 1470 1095 lat.
1496 1053 1563 1095 29.

182 1123 359 1174 Quidam
392 1126 621 1181 imperator
654 1130 744 1168 erat
775 1126 845 1180 qui
878 1125 1036 1167 statuit.
1085 1121 1341 1179 (Triumph.)
1387 1123 1459 1166 lat.
1485 1125 1554 1165 30.

183 1195 246 1238 De
292 1200 427 1239 morte
473 1196 705 1240 allexandri
749 1210 842 1239 cum
882 1196 1109 1252 sepultura.
1173 1193 1461 1250 (Alexanders
1503 1194 1768 1250 begr'abnis.)

185 1266 257 1309 lat.
282 1268 351 1309 31.

183 1337 358 1394 Pipinus
398 1339 589 1393 regnavit
628 1339 671 1381 in
711 1339 880 1382 civitate
922 1351 1106 1381 romana.
1169 1336 1410 1393 (Stiefkind
1444 1336 1530 1379 und
1561 1335 1765 1392 rechtes.)

185 1408 257 1450 lat.
288 1411 382 1452 116.

186 1479 394 1523 Honorius
426 1481 617 1535 regnavit
650 1481 718 1535 qui
752 1480 911 1522 statuit.
961 1478 1175 1534 (Zweimal
1207 1476 1540 1533 hinabstiirzen.)
1586 1478 1658 1520 lat.
1684 1479 1722 1520 3.

187 1549 320 1593 Seeda
350 1551 583 1607 Imperator
615 1551 772 1593 statuit.
822 1550 954 1604 (Sohn
985 1552 1119 1593 todtet
1150 1553 1306 1592 mutter
1337 1547 1484 1603 nicht.)
1532 1549 1602 1591 lat.
1630 1550 1726 1591 100.

183 1621 318 1664 Erant
349 1622 429 1664 duo
461 1623 611 1665 fratres
644 1621 844 1665 carnales.
895 1622 1014 1674 (Drei
1047 1620 1337 1674 buohstaben.)
1384 1634 1514 1674 germ.
1540 1621 1609 1663 26.

184 1693 271 1736 Rex
304 1694 506 1736 danorum
540 1697 624 1736 tres
656 1707 787 1747 reges.
839 1692 965 1746 (Heil.
991 1693 1079 1736 drei
1111 1691 1295 1746 konige.)
1343 1691 1415 1734 lat.
1439 1692 1508 1733 47.

184 1764 327 1808 Refert
358 1764 537 1807 valerius
571 1764 680 1818 quod
713 1764 882 1819 quidam
914 1764 1154 1819 imperator.
1204 1761 1456 1817 (Zaleucus.)
1503 1762 1574 1804 lat.
1599 1761 1668 1804 50.

184 1835 441 1878 Allexander
471 1849 647 1889 magnus
681 1835 771 1890 pori
804 1835 926 1889 regis.
976 1833 1191 1888 (Geschirr
1223 1833 1417 1886 stehlen.)
1467 1846 1563 1889 app.
1590 1833 1629 1875 2.

185 1907 303 1949 Titus
335 1907 377 1949 in
411 1906 580 1949 civitate
612 1919 786 1948 romana
817 1906 1018 1959 regnavit.
1068 1904 1250 1959 (Focas.)
1299 1905 1370 1965 ¹lat.
1397 1904 1466 1946 57.

183 1977 359 2028 Quidam
405 1978 635 2033 imperator
681 1977 828 2019 statuit
878 1990 950 2032 pro
991 1977 1093 2031 lege.
1158 1975 1288 2031 (Drei
1328 1974 1605 2029 wahrheiten‚
1647 1972 1766 2028 frei.)

184 2049 256 2091 lat.
281 2048 350 2091 58.

183 2119 336 2162 Darius
369 2119 412 2161 in
444 2119 612 2161 civitate
645 2132 819 2161 romana
850 2118 1052 2173 regnavit.
1102 2115 1356 2172 (Jonathas.)
1405 2116 1476 2158 lat.
1504 2116 1601 2158 120.

185 2189 372 2232 Herodes
403 2190 595 2244 regnavit
628 2190 697 2244 qui
729 2190 871 2232 filiam.
919 2187 1088 2243 (Sicben
1115 2188 1236 2243 jahre
1268 2185 1393 2241 treu.)
1439 2200 1569 2241 germ.
1595 2186 1663 2227 59.

183 2259 456 2303 Domicianus
488 2260 680 2315 regnavit
708 2260 891 2316 prudens
914 2259 1046 2302 valde.
1095 2258 1215 2314 (Drei
1239 2258 1481 2301 weisheiten
1503 2254 1764 2310 verkaufen.)

185 2331 257 2374 lat.
284 2332 380 2374 103.

184 2401 290 2444 Erat
322 2401 490 2456 quidam
523 2402 763 2457 imperator.
811 2398 1112 2454 (Biirgschaft.)
1162 2399 1235 2442 lat.
1264 2399 1360 2441 108.

185 2472 362 2523 Quidam
401 2472 444 2514 in
483 2472 651 2514 civitate
688 2484 863 2514 romana
901 2471 1103 2525 regnavit.
1158 2468 1320 2525 (Kreuz
1359 2469 1438 2511 mit
1476 2465 1764 2521 inschriften.)

185 2543 258 2585 lat.
283 2542 353 2585 65.

187 2612 363 2656 Severus
395 2613 587 2667 regnavit
617 2613 687 2667 qui
720 2612 947 2668 pulchram.
999 2609 1177 2664 (Waffen
1211 2607 1483 2664 aufhangen.)
1534 2607 1607 2650 lat.
1633 2609 1702 2650 66.

184 2683 431 2726 Valerianus
477 2683 669 2737 regnavit
714 2682 897 2738 prudens
938 2681 1070 2724 valde.
1134 2680 1490 2735 (Kaisertochter‚
1533 2677 1761 2732 seneschal‚

185 2751 353 2808 gnade.)
396 2766 525 2807 germ.
551 2754 619 2795 34.

185 2823 483 2867 Constantinus
514 2823 706 2877 regnavit
737 2823 919 2878 prudens
951 2821 1084 2864 valde.
1132 2819 1250 2876 (Drei
1283 2816 1502 2873 wittwen.)
1549 2818 1622 2860 lat.
1646 2818 1715 2860 75.

185 2894 360 2945 Quidam
391 2895 621 2951 imperator
653 2894 768 2937 dives
799 2893 932 2936 valde.
980 2890 1178 2946 (Aussatz
1212 2905 1285 2934 aus
1316 2887 1487 2944 furoht.)
1533 2888 1605 2932 lat.
1633 2889 1730 2931 132.
